2138 4030
139 245 369 325 ⁴231358333
560 248 730 309 ΜΒ.
770 244 845 306 11.
931 242 1398 306 CAP.19.20.
1786 248 1938 309 1571

58 364 413 440 Placentiam
452 375 683 433 reduxit
720 375 918 431 minus
953 374 1223 432 turbidos
1259 384 1316 430 et
1346 373 1589 448 imperia
1617 379 1906 453 accipien-
1987 416 1991 423 s

59 479 161 527 tes,
246 459 1419 535 solidatimuri.propugnacula'addita,
1465 472 1664 517 auctae
1696 475 1904 534 turreS‚

7 536 15 548 ἱ
60 552 290 628 provisa
329 561 644 624 parataque
684 565 806 599 non
851 565 1012 600 arma
1048 545 1257 611 modo,
1326 546 1426 598 sed
1467 545 1815 621 obsequium
1850 561 1905 606 et

60 636 304 712 parendi
327 654 514 690 amor:
560 630 715 706 quod
741 631 931 686 solum
954 630 1073 685 illis
1094 629 1356 704 partibus
1381 629 1592 699 defuit,
1628 651 1761 687 cum
1785 634 1907 690 vir-

62 722 201 779 tutis
227 718 384 776 haud
411 716 585 793 poeni
595 727 757 774 teret.-

231 803 363 862 XX.
446 800 529 859 At
567 799 818 857 Caecina
851 801 1013 857 velut
1048 799 1248 856 relicta
1286 810 1419 873 post
1454 793 1646 873 Alpes.
1668 802 1907 859 saevitia

61 912 124 947 ac
156 888 391 945 licentia
426 887 689 942 modesto
726 885 956 958 agmine
991 905 1096 958 per
1122 882 1353 940 Italiam
1390 883 1641 943 incessit.
1729 906 1907 943 orna-

59 989 188 1034 tum
210 974 393 1049 ipsius
415 971 735 1045 municipia
760 982 816 1026 et
841 970 1104 1026 coloniae
1127 969 1192 1025 in
1221 970 1554 1044 superbiam
1580 966 1909 1040 trahebant,

61 1061 220 1137 quod
277 1056 618 1114 versicolori
679 1056 912 1129 sagulo,
974 1055 1210 1110 braccas
1271 1055 1589 1111 barbarum
1653 1056 1909 1129 tegimen

63 1146 302 1201 indutus
333 1154 558 1216 togatos
592 1142 1023 1217 adloqueretur.
1107 1159 1352 1195 uxorem
1376 1150 1568 1196 autem
1590 1141 1717 1198 eius
1741 1140 1913 1205 Salo-

62 1231 292 1298 ninam,
369 1247 705 1303 quanquam
751 1226 816 1280 in
860 1224 1085 1280 nullius
1134 1224 1414 1303 iniuriam
1467 1224 1714 1303 insignis
1759 1247 1911 1303 equo
1980 1252 1981 1255 ¹

62 1327 335 1390 ostroque
368 1308 712 1381 veheretur,
766 1321 1045 1385 tanquam
1079 1309 1221 1391 laesi
1265 1312 1684 1382 gravabantur,
1736 1312 1913 1393 insita

60 1398 407 1455 mortalibus
454 1389 664 1452 natura
710 1406 1001 1451 recentem
1047 1394 1300 1449 aliorum
1347 1394 1682 1452 felicitatem
1726 1398 1912 1475 aegris

61 1483 247 1540 oculis
290 1481 669 1557 introspicere
712 1481 1071 1556 modumque
1117 1479 1389 1537 fortunae
1435 1501 1466 1536 a
1515 1482 1694 1540 nullis
1726 1483 1912 1558 magis

1023 1735 1122 1770 test.
1147 1725 1266 1769 Viet.
1305 1743 1407 1770 cum
1441 1727 1529 1772 Iac.
1561 1727 1819 1774 Gronovio.
1852 1755 1912 1766 --

1023 1799 1224 1825 uxorem
1267 1800 1445 1840 quoque
1487 1787 1584 1829 eius
1618 1787 1717 1830 MS.
1753 1787 1910 1834 Guelf.

1023 1841 1124 1883 edd.
1147 1840 1260 1898 Spir.
1286 1841 1389 1884 Put.
1414 1859 1510 1901 sqq.
1578 1844 1760 1888 Scilicet
1780 1853 1910 1890 tene-

1023 1913 1101 1940 rae
1124 1913 1254 1940 aures
1280 1914 1372 1941 non
1403 1900 1604 1944 ferebant
1632 1902 1799 1946 malum
1834 1921 1913 1958 so-

1022 1970 1158 2003 num,
1200 1954 1277 2012 qui
1314 1956 1550 2001 videbatur
1580 1973 1672 2002 esse
1706 1960 1752 2002 in
1788 1977 1910 2004 uxo-

1020 2026 1124 2053 rem
1158 2020 1335 2056 autem.
1409 2014 1497 2058 Sed
1529 2031 1659 2067 eave,
1693 2034 1749 2060 ne
1783 2018 1914 2064 fasti-

65 1731 224 1789 legitur
246 1730 292 1772 in
314 1729 415 1773 MS.
437 1729 551 1772 Bud.
609 1727 837 1773 Acidalius
859 1743 947 1793 ma·

66 1791 181 1833 lebat
212 1790 437 1830 ‹n-atione.
502 1785 590 1828 Sed
623 1787 800 1842 vulgata
832 1801 946 1828 sert-

66 1856 194 1904 ptura
219 1844 314 1888 sine
341 1844 436 1886 labe
468 1852 548 1886 est.
611 1843 841 1886 Ablativus
865 1857 950 1884 ra-

68 1907 203 1953 cione,
238 1910 285 1943 ut
307 1916 449 1958 saepe,
481 1900 663 1957 ponitur
688 1915 768 1956 pro
795 1900 948 1943 adver·

64 1961 139 2003 bio
162 1961 461 2002 rationaliter
479 1958 608 2013 (auec
627 1960 820 2008 raison).
872 1957 949 2000 Se·

69 2034 164 2061 nec.
189 2033 256 2074 ep.
283 2018 376 2058 109.
398 2017 630 2057 hominem
653 2028 843 2055 mouere
865 2029 951 2056 ra-

67 2076 301 2118 tionaliter
326 2087 419 2114 non
436 2079 588 2126 potest
608 2074 700 2114 nisi
715 2074 871 2115 homo.

122 2158 399 2215 obsequium.
463 2155 547 2198 Ed.
570 2154 689 2212 Spir.
714 2156 948 2211 obsequia.

124 2242 236 2286 (ΖΜ).
263 2242 333 2284 ΞΟ.
394 2239 678 2290 versicolori.
739 2238 814 2282 Sic
846 2238 949 2282 MS.

68 2299 220 2346 Guelt'.
245 2298 312 2343 ed.
328 2297 533 2341 Beroald.
561 2298 683 2351 (cum
706 2295 776 2339 sil.
793 2294 952 2347 Vict.).

70 2361 157 2404 lae.
199 2356 398 2399 Gronov.
442 2356 488 2398 in
533 2354 636 2397 MS.
676 2353 799 2397 Flor.
844 2353 952 2397 vidit

72 2414 364 2458 versicoloris
409 2414 589 2465 sagulo.
675 2410 952 2470 Suffragatur

69 2470 298 2529 ed.Spir.‚
321 2486 432 2528 quae
458 2470 529 2512 dat
551 2470 854 2512 versicoloris
877 2477 954 2510 sa·-

67 2533 197 2586 gulo,
249 2527 468 2585 duplicata
517 2527 660 2570 littera
710 2540 748 2569 S.
837 2524 953 2569 Edd.

70 2589 171 2631 l'ut.
193 2585 296 2630 Alc.
317 2584 461 2627 Rhen.
484 2599 581 2642 sqq.
610 2585 895 2627 versicolore.

128 2671 344 2723 tegimen.
415 2667 482 2709 De
514 2668 734 2722 scriptura
770 2666 827 2710 cf.
856 2674 952 2710 not.

71 2729 126 2772 ad
163 2732 198 2778 ἱ,
229 2727 300 2769 79.
388 2724 535 2782 Vulgo
577 2724 714 2766 edunt
757 2732 953 2778 tegmen.

72 2785 153 2828 Ed.
188 2783 302 2842 Spir.
340 2784 537 2824 brachas
568 2783 823 2823 barbarum
858 2789 957 2835 teg-

71 2858 194 2886 men.
253 2839 454 2883 Eandem
478 2840 724 2883 verborum
750 2838 958 2882 ordinem

70 2907 211 2943 servat
232 2896 332 2940 MS.
359 2897 480 2938 Flor.
511 2900 637 2946 (teste
661 2896 750 2939 lac.
775 2895 955 2953 Gron.).

76 2957 220 3014 Vulgo
232 2962 419 3008 tegmen
437 2953 710 2996 barbarum.
732 2977 781 2985 —
809 2955 957 2997 Brac-

75 3027 152 3057 ωε
174 3011 274 3054 edd.
291 3010 432 3053 Gron.
454 3010 614 3066 (1672.)
642 3009 727 3057 lac.
753 3009 956 3054 Gronov,

74 3085 202 3128 sqq-⁸,
231 3070 399 3110 bracas
422 3067 521 3110 MS.
539 3066 661 3109 Flor.
691 3067 957 3124 (testvict.)

74 3138 116 3171 et
148 3127 217 3170 ed.
247 3123 415 3182 Ryck.;
460 3126 655 3166 brachas
678 3123 778 3168 MS.
806 3123 959 3169 Guelf.

75 3184 175 3228 edd.
237 3190 335 3228 ante
388 3179 720 3224 Gronovianam
786 3197 956 3226 omnes.

77 3236 285 3285 Ceterum
315 3238 494 3282 Tacitus
539 3239 668 3280 verba
701 3240 958 3281 barbarum

74 3299 275 3355 tegimen
313 3310 403 3338 non
436 3294 706 3352 explicandi,
746 3296 837 3338 ,sed
881 3313 955 3339 ex-

76 3353 316 3412 probrandi
355 3367 485 3395 causa
518 3351 655 3394 addit.
728 3352 794 3395 Ne
823 3353 957 3411 igitur

77 3427 179 3456 cum
213 3408 526 3468 interpretibus
562 3408 792 3453 nonnullis
833 3419 957 3467 putes

75 3483 171 3511 -esse
193 3483 240 3510 ea
267 3483 295 3511 e*
312 3468 588 3524 glossemate.

114 3565 314 3594 uxorem
327 3556 483 3592 autem
497 3550 608 3593 eius.
633 3548 710 3595 Sic
722 3549 824 3596 MS.
838 3550 873 3595 F
875 3552 958 3596 lor.

1023 2067 1191 2113 diosius
1245 2085 1345 2126 agas
1401 2079 1443 2113 et
1499 2071 1544 2115 in
1590 2074 1913 2122 detrimentum

1023 2126 1228 2170 veritatis.
1288 2128 1400 2170 Nam
1425 2130 1495 2172 hie
1517 2131 1731 2174 sententia
1747 2133 1913 2178 cohae-

1022 2192 1089 2225 ret
1126 2185 1216 2227 sio:
1263 2185 1481 2230 Caecinae
1515 2197 1722 2231 ornatum
1762 2190 1909 2235 trahe·-

1022 2240 1131 2284 bant
1162 2243 1209 2284 in
1248 2243 1525 2300 superbiam:
1578 2247 1725 2289 uxoris
1765 2258 1913 2293 autem

1023 2313 1188 2354 equum
1211 2299 1431 2357 insignem
1454 2310 1665 2359 tanquam
1688 2302 1789 2347 laesi
1816 2322 1916 2363 gra-

1022 2355 1257 2400 vabantur.
1335 2358 1432 2400 Hoc
1464 2358 1813 2417 igitur'gravius
1843 2363 1914 2407 fe-

1023 2412 1180 2456 rebant
1210 2430 1344 2471 quam
1382 2415 1505 2460 illud.
1582 2416 1733 2473 Quare
1766 2421 1917 2465 nullus

1025 2470 1151 2513 locus
1188 2471 1431 2528 particulae
1459 2488 1674 2529 quoque:,
1693 2479 1914 2523 sententia

1025 2526 1170 2583 poscit
1201 2537 1385 2580 autem,
1424 2532 1543 2586 quod
1579 2547 1659 2588 per
1689 2549 1910 2594 compen-

1028 2583 1150 2627 dium
1190 2587 1296 2640 (αὖ)
1337 2585 1555 2644 scriptum
1599 2588 1728 2633 facile
1768 2595 1915 2650 potuit

1025 2641 1147 2684 abire
1170 2641 1218 2685 in
1242 2643 1388 2694 aliud.
1419 2645 1540 2701 quod
1561 2646 1780 2702 significat
1805 2666 1914 2706 quo·

1026 2714 1128 2755 que.

1093 2801 1286 2856 insignis
1339 2816 1451 2856 equo
1507 2810 1648 2845 ostro(
1665 2816 1739 2847 ue.
1838 2805 1914 2851 Sic

1028 2857 1162 2900 MSS.
1190 2859 1309 2901 Flor.
1335 2859 1451 2911 (test.
1468 2858 1604 2916 Vici.)
1646 2869 1649 2874 ’
1672 2861 1774 2907 ιιεΗῖ
1792 2862 1914 2907 Harl.

1027 2914 1158 2957 Bodl.
1185 2915 1266 2957 les.
1291 2913 1429 2958 corb.
1459 2915 1563 2960 edd.
1587 2918 1708 2975 Spir.
1730 2928 1772 2961 et
1792 2921 1911 2962 hro-

1028 2972 1141 3015 terii.
1166 2995 1222 3004 -·
1262 2974 1432 3026 insigni
1451 2973 1551 3017 edd.
1574 2975 1675 3019 Put.
1702 2976 1911 3022 Beroald.

1029 3045 1126 3087 sqq.
1155 3054 1212 3063 -
1256 3045 1371 3084 equo
1405 3037 1626 3088 ostroque
1658 3042 1723 3077 est
1757 3033 1805 3078 ἓν
1833 3034 1911 3079 διὰ

1029 3087 1185 3138 δυοῖν,
1238 3102 1379 3142 equus
1423 3096 1547 3132 ostro
1584 3099 1762 3135 stratus.
1853 3094 1912 3137 of.

1029 3143 1163 3187 Roth.
1196 3159 1239 3202 p.
1265 3145 1337 3187 24.

1085 3243 1238 3297 aegris·
1278 3246 1434 3287 oculis.
1520 3247 1622 3291 MS.
1660 3248 1798 3298 Corb.
1837 3252 1907 3295 ed.

1029 3299 1149 3357 Spir.
1184 3302 1368 3345 acribus
1399 3305 1552 3348 ocules.
1633 3306 1770 3349 lidezn
1808 3307 1910 3351 libri

1029 3372 1130 3398 mox
1149 3358 1196 3398 in
1219 3359 1342 3413 equis
1362 3360 1536 3413 (volunt
1557 3363 1604 3404 in
1623 3366 1802 3420 aequis)
1827 3381 1906 3422 pro

1029 3416 1074 3455 in
1097 3429 1259 3469 aequa.
1321 3416 1422 3461 MS.
1447 3416 1596 3462 Guelf.
1617 3422 1664 3462 1⁶12
1687 3436 1816 3476 equo.

1087 3513 1117 3539 α
1151 3499 1290 3541 nullis.-
1322 3501 1487 3553 magis.
1563 3501 1663 3545 MS.
1699 3502 1843 3550 Guelf.
1878 3522 1909 3548 a

1028 3556 1229 3597 nammis
1249 3559 1446 3612 magnus.
