<?xml version="1.0" encoding="UTF-8"?>
<!DOCTYPE html PUBLIC "-//W3C//DTD XHTML 1.0 Transitional//EN"
    "http://www.w3.org/TR/xhtml1/DTD/xhtml1-transitional.dtd">
<html xmlns="http://www.w3.org/1999/xhtml" xml:lang="en" lang="en">
 <head>
  <title>
</title>
<meta http-equiv="Content-Type" content="text/html;charset=utf-8" />
  <meta name='ocr-system' content='tesseract 3.04.00' />
  <meta name='ocr-capabilities' content='ocr_page ocr_carea ocr_par ocr_line ocrx_word'/>
</head>
<body>
  <div class='ocr_page' id='page_1' title='image "./operarecensuitet03taciuoft/operarecensuitet03taciuoft_0417.png"; bbox 0 0 2138 4030; ppageno 0'>
   <div class='ocr_carea' id='block_1_1' title="bbox 596 207 1959 279">
    <p class='ocr_par' dir='ltr' id='par_1_1' title="bbox 596 207 1959 279">
     <span class='ocr_line' id='line_1_1' title="bbox 596 207 1959 279; baseline 0.007 -9"><span class='ocrx_word' id='word_1_1' title='bbox 596 210 765 271; x_wconf 90' lang='lat' dir='ltr'><strong>LlB.</strong></span> <span class='ocrx_word' id='word_1_2' title='bbox 807 209 910 272; x_wconf 78' lang='lat' dir='ltr'><strong>IV.</strong></span> <span class='ocrx_word' id='word_1_3' title='bbox 989 207 1182 271; x_wconf 80' lang='lat' dir='ltr'><strong>CAP.</strong></span> <span class='ocrx_word' id='word_1_4' title='bbox 1224 212 1321 274; x_wconf 80' lang='lat'><strong>33.</strong></span> <span class='ocrx_word' id='word_1_5' title='bbox 1364 214 1463 275; x_wconf 81' lang='lat'><strong>34.</strong></span> <span class='ocrx_word' id='word_1_6' title='bbox 1834 221 1959 279; x_wconf 83' lang='lat'><strong>407</strong></span> 
     </span>
    </p>
   </div>
   <div class='ocr_carea' id='block_1_2' title="bbox 34 340 1959 1694">
    <p class='ocr_par' dir='ltr' id='par_1_2' title="bbox 34 340 1959 1694">
     <span class='ocr_line' id='line_1_2' title="bbox 108 340 1959 419; baseline 0.002 -17"><span class='ocrx_word' id='word_1_7' title='bbox 108 342 367 407; x_wconf 86' lang='lat' dir='ltr'><strong>hostium</strong></span> <span class='ocrx_word' id='word_1_8' title='bbox 409 340 722 399; x_wconf 85' lang='lat' dir='ltr'>ordinibus</span> <span class='ocrx_word' id='word_1_9' title='bbox 761 351 919 413; x_wconf 82' lang='lat' dir='ltr'><strong>terga</strong></span> <span class='ocrx_word' id='word_1_10' title='bbox 957 340 1021 394; x_wconf 94' lang='lat' dir='ltr'><strong>in</strong></span> <span class='ocrx_word' id='word_1_11' title='bbox 1068 359 1204 396; x_wconf 88' lang='lat' dir='ltr'><strong>suos</strong></span> <span class='ocrx_word' id='word_1_12' title='bbox 1238 344 1441 416; x_wconf 66' lang='lat' dir='ltr'><strong>yenit.</strong></span> <span class='ocrx_word' id='word_1_13' title='bbox 1549 349 1752 403; x_wconf 89' lang='lat' dir='ltr'><strong>caedes</strong></span> <span class='ocrx_word' id='word_1_14' title='bbox 1805 350 1959 419; x_wconf 86' lang='lat' dir='ltr'><strong>inde,</strong></span> 
     </span>
     <span class='ocr_line' id='line_1_3' title="bbox 107 420 1958 509; baseline 0.002 -23"><span class='ocrx_word' id='word_1_15' title='bbox 107 450 230 487; x_wconf 87' lang='lat' dir='ltr'><strong>non</strong></span> <span class='ocrx_word' id='word_1_16' title='bbox 270 420 580 504; x_wconf 73' lang='lat' dir='ltr'><strong>proelium.</strong></span> <span class='ocrx_word' id='word_1_17' title='bbox 666 421 745 482; x_wconf 88' lang='lat' dir='ltr'><strong>Et</strong></span> <span class='ocrx_word' id='word_1_18' title='bbox 777 422 1132 481; x_wconf 88' lang='lat' dir='ltr'><strong>Nerviorum</strong></span> <span class='ocrx_word' id='word_1_19' title='bbox 1173 421 1442 485; x_wconf 76' lang='lat' dir='ltr'><strong>cohortes</strong></span> <span class='ocrx_word' id='word_1_20' title='bbox 1481 443 1639 486; x_wconf 90' lang='lat' dir='ltr'><strong>metu</strong></span> <span class='ocrx_word' id='word_1_21' title='bbox 1679 451 1777 489; x_wconf 91' lang='lat' dir='ltr'><strong>seu</strong></span> <span class='ocrx_word' id='word_1_22' title='bbox 1822 454 1958 509; x_wconf 89' lang='lat' dir='ltr'><strong>per-</strong></span> 
     </span>
     <span class='ocr_line' id='line_1_4' title="bbox 107 511 1957 594; baseline 0.002 -23"><span class='ocrx_word' id='word_1_23' title='bbox 107 515 244 571; x_wconf 90' lang='lat' dir='ltr'><strong>fidia</strong></span> <span class='ocrx_word' id='word_1_24' title='bbox 280 515 461 570; x_wconf 88' lang='lat' dir='ltr'><strong>latera</strong></span> <span class='ocrx_word' id='word_1_25' title='bbox 506 521 846 567; x_wconf 89' lang='lat' dir='ltr'><strong>nostrorum</strong></span> <span class='ocrx_word' id='word_1_26' title='bbox 887 511 1200 570; x_wconf 85' lang='lat' dir='ltr'><strong>nudavere.</strong></span> <span class='ocrx_word' id='word_1_27' title='bbox 1288 511 1373 568; x_wconf 89' lang='lat' dir='ltr'><strong>sic</strong></span> <span class='ocrx_word' id='word_1_28' title='bbox 1415 514 1489 568; x_wconf 88' lang='lat' dir='ltr'><strong>ad</strong></span> <span class='ocrx_word' id='word_1_29' title='bbox 1530 515 1788 587; x_wconf 85' lang='lat' dir='ltr'><strong>legiones</strong></span> <span class='ocrx_word' id='word_1_30' title='bbox 1820 539 1957 594; x_wconf 91' lang='lat' dir='ltr'><strong>per-</strong></span> 
     </span>
     <span class='ocr_line' id='line_1_5' title="bbox 105 594 1953 674; baseline 0.002 -18"><span class='ocrx_word' id='word_1_31' title='bbox 105 600 374 656; x_wconf 73' lang='lat' dir='ltr'><strong>ventum:</strong></span> <span class='ocrx_word' id='word_1_32' title='bbox 419 616 568 674; x_wconf 88' lang='lat' dir='ltr'><strong>quae</strong></span> <span class='ocrx_word' id='word_1_33' title='bbox 595 594 822 668; x_wconf 80' lang='lat' dir='ltr'><strong>amissis</strong></span> <span class='ocrx_word' id='word_1_34' title='bbox 849 594 1030 668; x_wconf 82' lang='lat' dir='ltr'><strong>signis</strong></span> <span class='ocrx_word' id='word_1_35' title='bbox 1067 595 1221 652; x_wconf 86' lang='lat' dir='ltr'><strong>intra</strong></span> <span class='ocrx_word' id='word_1_36' title='bbox 1262 597 1486 653; x_wconf 87' lang='lat' dir='ltr'><strong>vallum</strong></span> <span class='ocrx_word' id='word_1_37' title='bbox 1525 603 1953 672; x_wconf 80' lang='lat' dir='ltr'><strong>sternebantur,</strong></span> 
     </span>
     <span class='ocr_line' id='line_1_6' title="bbox 106 680 1953 757; baseline 0.003 -17"><span class='ocrx_word' id='word_1_38' title='bbox 106 705 240 742; x_wconf 87' lang='lat' dir='ltr'><strong>cum</strong></span> <span class='ocrx_word' id='word_1_39' title='bbox 305 693 543 757; x_wconf 89' lang='lat' dir='ltr'><strong>repente</strong></span> <span class='ocrx_word' id='word_1_40' title='bbox 609 699 765 736; x_wconf 86' lang='lat' dir='ltr'><strong>novo</strong></span> <span class='ocrx_word' id='word_1_41' title='bbox 824 680 1042 737; x_wconf 80' lang='lat' dir='ltr'><strong>auxilio</strong></span> <span class='ocrx_word' id='word_1_42' title='bbox 1097 681 1332 738; x_wconf 85' lang='lat' dir='ltr'><strong>fortuna</strong></span> <span class='ocrx_word' id='word_1_43' title='bbox 1389 701 1621 757; x_wconf 78' lang='lat' dir='ltr'><strong>pugnae</strong></span> <span class='ocrx_word' id='word_1_44' title='bbox 1674 699 1953 750; x_wconf 87' lang='lat' dir='ltr'><strong>mutatur.</strong></span> 
     </span>
     <span class='ocr_line' id='line_1_7' title="bbox 104 758 1953 840; baseline 0.003 -16"><span class='ocrx_word' id='word_1_45' title='bbox 104 758 443 829; x_wconf 76' lang='lat' dir='ltr'><strong>Vasconum</strong></span> <span class='ocrx_word' id='word_1_46' title='bbox 476 767 656 823; x_wconf 88' lang='lat' dir='ltr'><strong>lectae</strong></span> <span class='ocrx_word' id='word_1_47' title='bbox 687 785 718 820; x_wconf 87' lang='lat' dir='ltr'><strong>a</strong></span> <span class='ocrx_word' id='word_1_48' title='bbox 753 762 942 821; x_wconf 86' lang='lat' dir='ltr'><strong>Galba</strong></span> <span class='ocrx_word' id='word_1_49' title='bbox 983 759 1249 823; x_wconf 87' lang='lat' dir='ltr'><strong>cohortes</strong></span> <span class='ocrx_word' id='word_1_50' title='bbox 1277 760 1341 823; x_wconf 91' lang='lat' dir='ltr'><strong>ac</strong></span> <span class='ocrx_word' id='word_1_51' title='bbox 1366 778 1493 835; x_wconf 87' lang='lat' dir='ltr'><strong>tum</strong></span> <span class='ocrx_word' id='word_1_52' title='bbox 1523 768 1768 840; x_wconf 88' lang='lat' dir='ltr'><strong>accitae,</strong></span> <span class='ocrx_word' id='word_1_53' title='bbox 1812 775 1953 833; x_wconf 86' lang='lat' dir='ltr'><strong>dum</strong></span> 
     </span>
     <span class='ocr_line' id='line_1_8' title="bbox 105 850 1956 927; baseline 0.001 -16"><span class='ocrx_word' id='word_1_54' title='bbox 105 854 306 911; x_wconf 87' lang='lat' dir='ltr'><strong>castris</strong></span> <span class='ocrx_word' id='word_1_55' title='bbox 349 851 780 927; x_wconf 83' lang='lat' dir='ltr'><strong>propinquant,</strong></span> <span class='ocrx_word' id='word_1_56' title='bbox 843 850 1043 906; x_wconf 88' lang='lat' dir='ltr'><strong>audito</strong></span> <span class='ocrx_word' id='word_1_57' title='bbox 1096 851 1514 924; x_wconf 83' lang='lat' dir='ltr'><strong>proeliantium</strong></span> <span class='ocrx_word' id='word_1_58' title='bbox 1558 854 1812 915; x_wconf 83' lang='lat' dir='ltr'><strong>clamore</strong></span> <span class='ocrx_word' id='word_1_59' title='bbox 1859 859 1956 913; x_wconf 90' lang='lat' dir='ltr'><strong>in-</strong></span> 
     </span>
     <span class='ocr_line' id='line_1_9' title="bbox 102 933 1954 1016; baseline 0 -18"><span class='ocrx_word' id='word_1_60' title='bbox 102 950 293 998; x_wconf 78' lang='lat' dir='ltr'><strong>tentos</strong></span> <span class='ocrx_word' id='word_1_61' title='bbox 317 933 500 993; x_wconf 86' lang='lat' dir='ltr'><strong>hostis</strong></span> <span class='ocrx_word' id='word_1_62' title='bbox 525 958 557 993; x_wconf 89' lang='lat' dir='ltr'><strong>a</strong></span> <span class='ocrx_word' id='word_1_63' title='bbox 585 947 746 1008; x_wconf 81' lang='lat' dir='ltr'><strong>tergo</strong></span> <span class='ocrx_word' id='word_1_64' title='bbox 773 935 1064 993; x_wconf 82' lang='lat' dir='ltr'><strong>invadunt</strong></span> <span class='ocrx_word' id='word_1_65' title='bbox 1088 936 1472 1014; x_wconf 84' lang='lat' dir='ltr'><strong>latioremque</strong></span> <span class='ocrx_word' id='word_1_66' title='bbox 1498 959 1675 1016; x_wconf 87' lang='lat' dir='ltr'><strong>quam</strong></span> <span class='ocrx_word' id='word_1_67' title='bbox 1702 961 1810 1014; x_wconf 88' lang='lat' dir='ltr'><strong>pro</strong></span> <span class='ocrx_word' id='word_1_68' title='bbox 1840 963 1954 998; x_wconf 91' lang='lat' dir='ltr'><strong>nu-</strong></span> 
     </span>
     <span class='ocr_line' id='line_1_10' title="bbox 103 1019 1956 1100; baseline 0.001 -19"><span class='ocrx_word' id='word_1_69' title='bbox 103 1045 266 1080; x_wconf 87' lang='lat' dir='ltr'><strong>mero</strong></span> <span class='ocrx_word' id='word_1_70' title='bbox 305 1034 586 1080; x_wconf 88' lang='lat' dir='ltr'><strong>terrorem</strong></span> <span class='ocrx_word' id='word_1_71' title='bbox 620 1021 875 1090; x_wconf 84' lang='lat' dir='ltr'><strong>faciunt,</strong></span> <span class='ocrx_word' id='word_1_72' title='bbox 920 1021 1050 1076; x_wconf 87' lang='lat' dir='ltr'><strong>aliis</strong></span> <span class='ocrx_word' id='word_1_73' title='bbox 1091 1041 1123 1075; x_wconf 87' lang='lat' dir='ltr'><strong>a</strong></span> <span class='ocrx_word' id='word_1_74' title='bbox 1152 1019 1435 1092; x_wconf 86' lang='lat' dir='ltr'><strong>Novesio,</strong></span> <span class='ocrx_word' id='word_1_75' title='bbox 1471 1024 1600 1081; x_wconf 89' lang='lat' dir='ltr'><strong>aliis</strong></span> <span class='ocrx_word' id='word_1_76' title='bbox 1637 1046 1669 1081; x_wconf 88' lang='lat' dir='ltr'><strong>a</strong></span> <span class='ocrx_word' id='word_1_77' title='bbox 1701 1024 1956 1100; x_wconf 84' lang='lat' dir='ltr'><strong>Magon-</strong></span> 
     </span>
     <span class='ocr_line' id='line_1_11' title="bbox 34 1105 1955 1180; baseline 0.002 -14"><span class='ocrx_word' id='word_1_78' title='bbox 34 1135 36 1137; x_wconf 57' lang='grc'><strong><em>’</em></strong></span> <span class='ocrx_word' id='word_1_79' title='bbox 102 1109 252 1166; x_wconf 80' lang='lat' dir='ltr'><strong>ti‘aco</strong></span> <span class='ocrx_word' id='word_1_80' title='bbox 290 1108 595 1164; x_wconf 83' lang='lat' dir='ltr'><strong>universas</strong></span> <span class='ocrx_word' id='word_1_81' title='bbox 639 1106 835 1180; x_wconf 89' lang='lat' dir='ltr'><strong>copias</strong></span> <span class='ocrx_word' id='word_1_82' title='bbox 874 1105 1177 1161; x_wconf 89' lang='lat' dir='ltr'><strong>advenisse</strong></span> <span class='ocrx_word' id='word_1_83' title='bbox 1216 1108 1604 1169; x_wconf 78' lang='lat' dir='ltr'><strong>credentibus,</strong></span> <span class='ocrx_word' id='word_1_84' title='bbox 1706 1110 1755 1165; x_wconf 91' lang='lat' dir='ltr'><strong>is</strong></span> <span class='ocrx_word' id='word_1_85' title='bbox 1792 1133 1955 1168; x_wconf 85' lang='lat' dir='ltr'><strong>error</strong></span> 
     </span>
     <span class='ocr_line' id='line_1_12' title="bbox 99 1191 1955 1267; baseline 0.001 -15"><span class='ocrx_word' id='word_1_86' title='bbox 99 1192 392 1253; x_wconf 85' lang='lat' dir='ltr'><strong>Romanis</strong></span> <span class='ocrx_word' id='word_1_87' title='bbox 417 1192 581 1249; x_wconf 90' lang='lat' dir='ltr'><strong>addit</strong></span> <span class='ocrx_word' id='word_1_88' title='bbox 602 1191 859 1260; x_wconf 80' lang='lat' dir='ltr'><strong>animOS,</strong></span> <span class='ocrx_word' id='word_1_89' title='bbox 904 1202 959 1246; x_wconf 89' lang='lat' dir='ltr'><strong>et</strong></span> <span class='ocrx_word' id='word_1_90' title='bbox 983 1191 1125 1247; x_wconf 89' lang='lat' dir='ltr'><strong>dum</strong></span> <span class='ocrx_word' id='word_1_91' title='bbox 1151 1191 1357 1248; x_wconf 89' lang='lat' dir='ltr'><strong>alienis</strong></span> <span class='ocrx_word' id='word_1_92' title='bbox 1381 1194 1607 1255; x_wconf 83' lang='lat' dir='ltr'><strong>viribus</strong></span> <span class='ocrx_word' id='word_1_93' title='bbox 1634 1197 1955 1267; x_wconf 84' lang='lat' dir='ltr'><strong>confidunt,</strong></span> 
     </span>
     <span class='ocr_line' id='line_1_13' title="bbox 102 1275 1949 1356; baseline 0.001 -20"><span class='ocrx_word' id='word_1_94' title='bbox 102 1299 233 1345; x_wconf 85' lang='lat' dir='ltr'><strong>suas</strong></span> <span class='ocrx_word' id='word_1_95' title='bbox 257 1298 543 1353; x_wconf 88' lang='lat' dir='ltr'><strong>recepere.</strong></span> <span class='ocrx_word' id='word_1_96' title='bbox 622 1276 974 1333; x_wconf 84' lang='lat' dir='ltr'><strong>fortissimus</strong></span> <span class='ocrx_word' id='word_1_97' title='bbox 1009 1276 1255 1352; x_wconf 86' lang='lat' dir='ltr'><strong>quisque</strong></span> <span class='ocrx_word' id='word_1_98' title='bbox 1294 1298 1323 1332; x_wconf 90' lang='lat' dir='ltr'><strong>e</strong></span> <span class='ocrx_word' id='word_1_99' title='bbox 1348 1275 1616 1348; x_wconf 81' lang='lat' dir='ltr'><strong>BataviS‚</strong></span> <span class='ocrx_word' id='word_1_100' title='bbox 1651 1295 1949 1356; x_wconf 11' lang='lat' dir='ltr'><strong>‘quantum</strong></span> 
     </span>
     <span class='ocr_line' id='line_1_14' title="bbox 102 1362 1955 1443; baseline 0.002 -23"><span class='ocrx_word' id='word_1_101' title='bbox 102 1365 370 1440; x_wconf 89' lang='lat' dir='ltr'><strong>peditum</strong></span> <span class='ocrx_word' id='word_1_102' title='bbox 395 1374 518 1420; x_wconf 89' lang='lat' dir='ltr'><strong>erat</strong></span> <span class='ocrx_word' id='word_1_103' title='bbox 530 1407 553 1432; x_wconf 86' lang='lat'><strong>‚.</strong></span> <span class='ocrx_word' id='word_1_104' title='bbox 591 1362 951 1417; x_wconf 88' lang='lat' dir='ltr'><strong>funduntur:</strong></span> <span class='ocrx_word' id='word_1_105' title='bbox 999 1381 1173 1436; x_wconf 85' lang='lat' dir='ltr'><strong>eques</strong></span> <span class='ocrx_word' id='word_1_106' title='bbox 1199 1362 1381 1420; x_wconf 88' lang='lat' dir='ltr'><strong>evasit</strong></span> <span class='ocrx_word' id='word_1_107' title='bbox 1405 1384 1537 1419; x_wconf 89' lang='lat' dir='ltr'><strong>cum</strong></span> <span class='ocrx_word' id='word_1_108' title='bbox 1564 1364 1742 1438; x_wconf 84' lang='lat' dir='ltr'><strong>signis</strong></span> <span class='ocrx_word' id='word_1_109' title='bbox 1772 1369 1955 1443; x_wconf 83' lang='lat' dir='ltr'><strong>capti-</strong></span> 
     </span>
     <span class='ocr_line' id='line_1_15' title="bbox 100 1445 1952 1527; baseline 0.003 -25"><span class='ocrx_word' id='word_1_110' title='bbox 100 1450 333 1527; x_wconf 85' lang='lat' dir='ltr'><strong>visque,</strong></span> <span class='ocrx_word' id='word_1_111' title='bbox 378 1467 524 1524; x_wconf 91' lang='lat' dir='ltr'><strong>quos</strong></span> <span class='ocrx_word' id='word_1_112' title='bbox 550 1445 741 1520; x_wconf 87' lang='lat' dir='ltr'><strong>prima</strong></span> <span class='ocrx_word' id='word_1_113' title='bbox 770 1446 890 1502; x_wconf 92' lang='lat' dir='ltr'><strong>acie</strong></span> <span class='ocrx_word' id='word_1_114' title='bbox 922 1446 1343 1520; x_wconf 87' lang='lat' dir='ltr'><strong>corripuerant.</strong></span> <span class='ocrx_word' id='word_1_115' title='bbox 1418 1446 1736 1506; x_wconf 86' lang='lat' dir='ltr'><strong>Caesorum</strong></span> <span class='ocrx_word' id='word_1_116' title='bbox 1764 1473 1830 1510; x_wconf 91' lang='lat' dir='ltr'><strong>eo</strong></span> <span class='ocrx_word' id='word_1_117' title='bbox 1857 1454 1952 1509; x_wconf 90' lang='lat' dir='ltr'><strong>die</strong></span> 
     </span>
     <span class='ocr_line' id='line_1_16' title="bbox 100 1530 1953 1610; baseline 0.003 -20"><span class='ocrx_word' id='word_1_118' title='bbox 100 1535 164 1590; x_wconf 91' lang='lat' dir='ltr'><strong>in</strong></span> <span class='ocrx_word' id='word_1_119' title='bbox 193 1530 458 1610; x_wconf 75' lang='lat' dir='ltr'><strong>pa&#39;rtibus</strong></span> <span class='ocrx_word' id='word_1_120' title='bbox 484 1530 700 1588; x_wconf 89' lang='lat' dir='ltr'><strong>nostris</strong></span> <span class='ocrx_word' id='word_1_121' title='bbox 731 1531 921 1587; x_wconf 89' lang='lat' dir='ltr'><strong>maior</strong></span> <span class='ocrx_word' id='word_1_122' title='bbox 959 1551 1242 1588; x_wconf 87' lang='lat' dir='ltr'><strong>numerus</strong></span> <span class='ocrx_word' id='word_1_123' title='bbox 1280 1545 1336 1590; x_wconf 87' lang='lat' dir='ltr'><strong>et</strong></span> <span class='ocrx_word' id='word_1_124' title='bbox 1370 1532 1697 1605; x_wconf 87' lang='lat' dir='ltr'><strong>imbellior,</strong></span> <span class='ocrx_word' id='word_1_125' title='bbox 1741 1558 1771 1593; x_wconf 89' lang='lat' dir='ltr'><strong>e</strong></span> <span class='ocrx_word' id='word_1_126' title='bbox 1799 1536 1953 1595; x_wconf 88' lang='lat' dir='ltr'><strong>Ger—</strong></span> 
     </span>
     <span class='ocr_line' id='line_1_17' title="bbox 101 1617 710 1694; baseline -0.002 -18"><span class='ocrx_word' id='word_1_127' title='bbox 101 1620 293 1676; x_wconf 86' lang='lat' dir='ltr'><strong>manis</strong></span> <span class='ocrx_word' id='word_1_128' title='bbox 322 1619 450 1694; x_wconf 87' lang='lat' dir='ltr'><strong>ipsa</strong></span> <span class='ocrx_word' id='word_1_129' title='bbox 475 1617 710 1675; x_wconf 87' lang='lat' dir='ltr'><strong>robora.</strong></span> 
     </span>
    </p>
   </div>
   <div class='ocr_carea' id='block_1_3' title="bbox 192 207 405 290">
    <p class='ocr_par' dir='ltr' id='par_1_3' title="bbox 192 207 405 290">
     <span class='ocr_line' id='line_1_18' title="bbox 193 207 404 246; baseline -0.019 0"><span class='ocrx_word' id='word_1_130' title='bbox 193 210 243 246; x_wconf 80' lang='lat' dir='ltr'><strong>A.</strong></span> <span class='ocrx_word' id='word_1_131' title='bbox 258 210 308 246; x_wconf 88' lang='lat' dir='ltr'><strong>U.</strong></span> <span class='ocrx_word' id='word_1_132' title='bbox 320 207 404 245; x_wconf 82' lang='grc'><strong>823.</strong></span> 
     </span>
     <span class='ocr_line' id='line_1_19' title="bbox 192 253 405 290; baseline -0.023 0"><span class='ocrx_word' id='word_1_133' title='bbox 192 254 242 290; x_wconf 80' lang='grc' dir='ltr'><strong>Α.</strong></span> <span class='ocrx_word' id='word_1_134' title='bbox 260 253 306 289; x_wconf 91' lang='lat' dir='ltr'><strong>C.</strong></span> <span class='ocrx_word' id='word_1_135' title='bbox 345 253 405 287; x_wconf 81' lang='grc'><strong>70.</strong></span> 
     </span>
    </p>
   </div>
   <div class='ocr_carea' id='block_1_4' title="bbox 100 1725 1953 1974">
    <p class='ocr_par' dir='ltr' id='par_1_4' title="bbox 100 1725 1953 1974">
     <span class='ocr_line' id='line_1_20' title="bbox 272 1725 1951 1803; baseline 0.003 -18"><span class='ocrx_word' id='word_1_136' title='bbox 272 1725 556 1799; x_wconf 86' lang='lat' dir='ltr'><strong>XXXIV.</strong></span> <span class='ocrx_word' id='word_1_137' title='bbox 642 1725 779 1783; x_wconf 83' lang='lat' dir='ltr'><strong>Dux</strong></span> <span class='ocrx_word' id='word_1_138' title='bbox 804 1738 1049 1802; x_wconf 87' lang='lat' dir='ltr'><strong>uterque</strong></span> <span class='ocrx_word' id='word_1_139' title='bbox 1074 1727 1204 1802; x_wconf 94' lang='lat' dir='ltr'><strong>pari</strong></span> <span class='ocrx_word' id='word_1_140' title='bbox 1229 1729 1399 1803; x_wconf 90' lang='lat' dir='ltr'><strong>culpa</strong></span> <span class='ocrx_word' id='word_1_141' title='bbox 1431 1729 1675 1788; x_wconf 89' lang='lat' dir='ltr'><strong>meritus</strong></span> <span class='ocrx_word' id='word_1_142' title='bbox 1711 1734 1951 1792; x_wconf 77' lang='lat' dir='ltr'><strong>adversa</strong></span> 
     </span>
     <span class='ocr_line' id='line_1_21' title="bbox 100 1809 1953 1893; baseline 0.002 -22"><span class='ocrx_word' id='word_1_143' title='bbox 100 1814 395 1890; x_wconf 84' lang='lat' dir='ltr'><strong>prosperis</strong></span> <span class='ocrx_word' id='word_1_144' title='bbox 441 1813 697 1871; x_wconf 85' lang='lat' dir='ltr'><strong>defuere.</strong></span> <span class='ocrx_word' id='word_1_145' title='bbox 821 1831 959 1866; x_wconf 87' lang='lat' dir='ltr'><strong>nam</strong></span> <span class='ocrx_word' id='word_1_146' title='bbox 997 1809 1237 1882; x_wconf 84' lang='lat' dir='ltr'><strong>Civilis,</strong></span> <span class='ocrx_word' id='word_1_147' title='bbox 1307 1814 1356 1869; x_wconf 91' lang='lat' dir='ltr'><strong>si</strong></span> <span class='ocrx_word' id='word_1_148' title='bbox 1403 1816 1727 1874; x_wconf 88' lang='lat' dir='ltr'><strong>maioribus</strong></span> <span class='ocrx_word' id='word_1_149' title='bbox 1772 1819 1953 1893; x_wconf 88' lang='lat' dir='ltr'><strong>copiis</strong></span> 
     </span>
     <span class='ocr_line' id='line_1_22' title="bbox 100 1896 1953 1974; baseline 0.003 -19"><span class='ocrx_word' id='word_1_150' title='bbox 100 1899 465 1956; x_wconf 86' lang='lat' dir='ltr'><strong>instruxisset</strong></span> <span class='ocrx_word' id='word_1_151' title='bbox 510 1898 720 1966; x_wconf 89' lang='lat' dir='ltr'><strong>aciem,</strong></span> <span class='ocrx_word' id='word_1_152' title='bbox 784 1896 1083 1954; x_wconf 91' lang='lat' dir='ltr'><strong>circumiri</strong></span> <span class='ocrx_word' id='word_1_153' title='bbox 1129 1918 1163 1953; x_wconf 85' lang='lat' dir='ltr'><strong>a</strong></span> <span class='ocrx_word' id='word_1_154' title='bbox 1204 1909 1324 1955; x_wconf 88' lang='lat' dir='ltr'><strong>tam</strong></span> <span class='ocrx_word' id='word_1_155' title='bbox 1357 1900 1559 1974; x_wconf 91' lang='lat' dir='ltr'><strong>paucis</strong></span> <span class='ocrx_word' id='word_1_156' title='bbox 1610 1899 1953 1960; x_wconf 86' lang='lat' dir='ltr'><strong>cohortibus</strong></span> 
     </span>
    </p>
   </div>
   <div class='ocr_carea' id='block_1_5' title="bbox 96 2143 988 2504">
    <p class='ocr_par' dir='ltr' id='par_1_5' title="bbox 96 2143 988 2377">
     <span class='ocr_line' id='line_1_23' title="bbox 97 2143 985 2202; baseline -0.008 -13"><span class='ocrx_word' id='word_1_157' title='bbox 97 2147 199 2191; x_wconf 81' lang='lat' dir='ltr'><strong>cula</strong></span> <span class='ocrx_word' id='word_1_158' title='bbox 224 2162 315 2188; x_wconf 90' lang='lat' dir='ltr'><strong>non</strong></span> <span class='ocrx_word' id='word_1_159' title='bbox 341 2144 488 2202; x_wconf 83' lang='lat' dir='ltr'><strong>potuit</strong></span> <span class='ocrx_word' id='word_1_160' title='bbox 509 2145 671 2188; x_wconf 87' lang='lat' dir='ltr'><strong>iustam</strong></span> <span class='ocrx_word' id='word_1_161' title='bbox 697 2143 840 2187; x_wconf 78' lang='lat' dir='ltr'><strong>aciem</strong></span> <span class='ocrx_word' id='word_1_162' title='bbox 874 2157 985 2198; x_wconf 84' lang='lat' dir='ltr'><strong>pan-</strong></span> 
     </span>
     <span class='ocr_line' id='line_1_24' title="bbox 96 2199 988 2260; baseline -0.008 -13"><span class='ocrx_word' id='word_1_163' title='bbox 96 2205 215 2247; x_wconf 76' lang='lat' dir='ltr'><strong>dere.</strong></span> <span class='ocrx_word' id='word_1_164' title='bbox 277 2202 356 2245; x_wconf 81' lang='lat' dir='ltr'><strong>Ed.</strong></span> <span class='ocrx_word' id='word_1_165' title='bbox 370 2201 486 2260; x_wconf 88' lang='lat' dir='ltr'><strong>Spir.</strong></span> <span class='ocrx_word' id='word_1_166' title='bbox 507 2218 591 2259; x_wconf 88' lang='lat' dir='ltr'><strong>pro</strong></span> <span class='ocrx_word' id='word_1_167' title='bbox 615 2209 726 2244; x_wconf 83' lang='lat' dir='ltr'><strong>sunt</strong></span> <span class='ocrx_word' id='word_1_168' title='bbox 747 2200 876 2243; x_wconf 84' lang='lat' dir='ltr'><strong>habet</strong></span> <span class='ocrx_word' id='word_1_169' title='bbox 893 2199 988 2240; x_wconf 83' lang='lat' dir='ltr'><strong>sint</strong></span> 
     </span>
     <span class='ocr_line' id='line_1_25' title="bbox 96 2258 987 2318; baseline -0.007 -14"><span class='ocrx_word' id='word_1_170' title='bbox 96 2270 139 2303; x_wconf 79' lang='lat' dir='ltr'><strong>et</strong></span> <span class='ocrx_word' id='word_1_171' title='bbox 185 2278 288 2304; x_wconf 83' lang='lat' dir='ltr'><strong>mox</strong></span> <span class='ocrx_word' id='word_1_172' title='bbox 331 2259 598 2315; x_wconf 80' lang='lat' dir='ltr'><strong>prorumpit</strong></span> <span class='ocrx_word' id='word_1_173' title='bbox 640 2273 725 2318; x_wconf 87' lang='lat' dir='ltr'><strong>pro</strong></span> <span class='ocrx_word' id='word_1_174' title='bbox 765 2258 987 2313; x_wconf 79' lang='lat' dir='ltr'><strong>prorupit</strong></span> 
     </span>
     <span class='ocr_line' id='line_1_26' title="bbox 98 2320 494 2377; baseline -0.008 -15"><span class='ocrx_word' id='word_1_175' title='bbox 98 2329 141 2362; x_wconf 86' lang='lat' dir='ltr'><strong>et</strong></span> <span class='ocrx_word' id='word_1_176' title='bbox 166 2320 262 2362; x_wconf 84' lang='lat' dir='ltr'><strong>sive</strong></span> <span class='ocrx_word' id='word_1_177' title='bbox 285 2335 368 2377; x_wconf 84' lang='lat' dir='ltr'><strong>pro</strong></span> <span class='ocrx_word' id='word_1_178' title='bbox 395 2332 494 2360; x_wconf 84' lang='lat' dir='ltr'><strong>seu.</strong></span> 
     </span>
    </p>

    <p class='ocr_par' dir='ltr' id='par_1_6' title="bbox 99 2386 987 2504">
     <span class='ocr_line' id='line_1_27' title="bbox 151 2386 987 2442; baseline -0.004 -11"><span class='ocrx_word' id='word_1_179' title='bbox 151 2392 304 2431; x_wconf 77' lang='lat' dir='ltr'><strong>latera</strong></span> <span class='ocrx_word' id='word_1_180' title='bbox 328 2394 613 2429; x_wconf 84' lang='lat' dir='ltr'><strong>nostrorum.</strong></span> <span class='ocrx_word' id='word_1_181' title='bbox 676 2386 776 2430; x_wconf 84' lang='lat' dir='ltr'><strong>MS.</strong></span> <span class='ocrx_word' id='word_1_182' title='bbox 801 2386 912 2442; x_wconf 78' lang='lat' dir='ltr'><strong>Agr.</strong></span> <span class='ocrx_word' id='word_1_183' title='bbox 945 2394 987 2428; x_wconf 85' lang='lat' dir='ltr'><strong>et</strong></span> 
     </span>
     <span class='ocr_line' id='line_1_28' title="bbox 99 2446 696 2504; baseline -0.002 -16"><span class='ocrx_word' id='word_1_184' title='bbox 99 2447 170 2489; x_wconf 88' lang='lat' dir='ltr'><strong>ed.</strong></span> <span class='ocrx_word' id='word_1_185' title='bbox 194 2446 313 2504; x_wconf 84' lang='lat' dir='ltr'><strong>Spir.</strong></span> <span class='ocrx_word' id='word_1_186' title='bbox 339 2449 493 2488; x_wconf 82' lang='lat' dir='ltr'><strong>latera</strong></span> <span class='ocrx_word' id='word_1_187' title='bbox 514 2453 696 2487; x_wconf 85' lang='lat' dir='ltr'><strong>nostra.</strong></span> 
     </span>
    </p>
   </div>
   <div class='ocr_carea' id='block_1_6' title="bbox 98 2512 984 2617">
    <p class='ocr_par' dir='ltr' id='par_1_7' title="bbox 98 2512 984 2617">
     <span class='ocr_line' id='line_1_29' title="bbox 157 2512 984 2558; baseline -0.002 0"><span class='ocrx_word' id='word_1_188' title='bbox 157 2517 423 2558; x_wconf 83' lang='lat' dir='ltr'><strong>Vasconum</strong></span> <span class='ocrx_word' id='word_1_189' title='bbox 437 2518 583 2557; x_wconf 82' lang='lat' dir='ltr'><strong>lectae</strong></span> <span class='ocrx_word' id='word_1_190' title='bbox 598 2523 682 2558; x_wconf 87' lang='lat' dir='ltr'><strong>etc.</strong></span> <span class='ocrx_word' id='word_1_191' title='bbox 720 2513 822 2557; x_wconf 90' lang='lat' dir='ltr'><strong>MS.</strong></span> <span class='ocrx_word' id='word_1_192' title='bbox 835 2512 984 2556; x_wconf 84' lang='lat' dir='ltr'><strong>Guelf.</strong></span> 
     </span>
     <span class='ocr_line' id='line_1_30' title="bbox 98 2575 612 2617; baseline -0.004 0"><span class='ocrx_word' id='word_1_193' title='bbox 98 2575 333 2617; x_wconf 80' lang='lat' dir='ltr'><strong>Vascones</strong></span> <span class='ocrx_word' id='word_1_194' title='bbox 356 2575 503 2615; x_wconf 83' lang='lat' dir='ltr'><strong>lectae</strong></span> <span class='ocrx_word' id='word_1_195' title='bbox 526 2581 612 2615; x_wconf 87' lang='lat' dir='ltr'><strong>ete.</strong></span> 
     </span>
    </p>
   </div>
   <div class='ocr_carea' id='block_1_7' title="bbox 92 2642 983 2757">
    <p class='ocr_par' dir='ltr' id='par_1_8' title="bbox 92 2642 983 2757">
     <span class='ocr_line' id='line_1_31' title="bbox 147 2642 983 2699; baseline -0.005 -13"><span class='ocrx_word' id='word_1_196' title='bbox 147 2644 483 2699; x_wconf 83' lang='lat' dir='ltr'><strong>propinquant.</strong></span> <span class='ocrx_word' id='word_1_197' title='bbox 538 2642 641 2686; x_wconf 83' lang='lat' dir='ltr'><strong>MS.</strong></span> <span class='ocrx_word' id='word_1_198' title='bbox 664 2642 779 2686; x_wconf 83' lang='lat' dir='ltr'><strong>Bud.</strong></span> <span class='ocrx_word' id='word_1_199' title='bbox 811 2657 983 2696; x_wconf 87' lang='lat' dir='ltr'><strong>appro-</strong></span> 
     </span>
     <span class='ocr_line' id='line_1_32' title="bbox 92 2700 981 2757; baseline -0.002 -13"><span class='ocrx_word' id='word_1_200' title='bbox 92 2702 338 2757; x_wconf 83' lang='lat' dir='ltr'><strong>pinquant.</strong></span> <span class='ocrx_word' id='word_1_201' title='bbox 408 2700 467 2744; x_wconf 84' lang='lat' dir='ltr'><strong>cf.</strong></span> <span class='ocrx_word' id='word_1_202' title='bbox 501 2710 597 2744; x_wconf 82' lang='lat' dir='ltr'><strong>not.</strong></span> <span class='ocrx_word' id='word_1_203' title='bbox 629 2700 734 2743; x_wconf 84' lang='lat' dir='ltr'><strong>infr.</strong></span> <span class='ocrx_word' id='word_1_204' title='bbox 768 2700 822 2742; x_wconf 82' lang='lat' dir='ltr'><strong>ad</strong></span> <span class='ocrx_word' id='word_1_205' title='bbox 850 2715 889 2742; x_wconf 87' lang='lat' dir='ltr'><strong>c.</strong></span> <span class='ocrx_word' id='word_1_206' title='bbox 911 2700 981 2742; x_wconf 89' lang='grc'><strong>70.</strong></span> 
     </span>
    </p>
   </div>
   <div class='ocr_carea' id='block_1_8' title="bbox 96 2758 232 2802">
    <p class='ocr_par' dir='ltr' id='par_1_9' title="bbox 96 2758 232 2802">
     <span class='ocr_line' id='line_1_33' title="bbox 96 2758 232 2802; baseline -0.007 0"><span class='ocrx_word' id='word_1_207' title='bbox 96 2767 140 2802; x_wconf 80' lang='lat' dir='ltr'><strong>et</strong></span> <span class='ocrx_word' id='word_1_208' title='bbox 163 2758 232 2801; x_wconf 82' lang='lat'><strong>85.</strong></span> 
     </span>
    </p>
   </div>
   <div class='ocr_carea' id='block_1_9' title="bbox 96 2826 984 3157">
    <p class='ocr_par' dir='ltr' id='par_1_10' title="bbox 96 2826 984 3157">
     <span class='ocr_line' id='line_1_34' title="bbox 153 2826 984 2871; baseline 0.001 -1"><span class='ocrx_word' id='word_1_209' title='bbox 153 2829 356 2871; x_wconf 80' lang='lat' dir='ltr'><strong>intentos</strong></span> <span class='ocrx_word' id='word_1_210' title='bbox 382 2830 538 2870; x_wconf 79' lang='lat' dir='ltr'><strong>hostis.</strong></span> <span class='ocrx_word' id='word_1_211' title='bbox 599 2827 673 2871; x_wconf 87' lang='lat' dir='ltr'><strong>Sic</strong></span> <span class='ocrx_word' id='word_1_212' title='bbox 698 2828 798 2870; x_wconf 90' lang='lat' dir='ltr'><strong>MS.</strong></span> <span class='ocrx_word' id='word_1_213' title='bbox 828 2826 984 2871; x_wconf 86' lang='lat' dir='ltr'><strong>Guelf.</strong></span> 
     </span>
     <span class='ocr_line' id='line_1_35' title="bbox 97 2885 984 2940; baseline -0.002 -11"><span class='ocrx_word' id='word_1_214' title='bbox 97 2886 198 2929; x_wconf 85' lang='lat' dir='ltr'><strong>edd.</strong></span> <span class='ocrx_word' id='word_1_215' title='bbox 227 2886 328 2928; x_wconf 86' lang='lat' dir='ltr'><strong>Put.</strong></span> <span class='ocrx_word' id='word_1_216' title='bbox 355 2885 424 2928; x_wconf 89' lang='lat' dir='ltr'><strong>M.</strong></span> <span class='ocrx_word' id='word_1_217' title='bbox 457 2894 499 2928; x_wconf 85' lang='lat' dir='ltr'><strong>et</strong></span> <span class='ocrx_word' id='word_1_218' title='bbox 523 2886 580 2927; x_wconf 88' lang='lat' dir='ltr'><strong>V.</strong></span> <span class='ocrx_word' id='word_1_219' title='bbox 614 2885 822 2929; x_wconf 84' lang='lat' dir='ltr'><strong>Beroald.</strong></span> <span class='ocrx_word' id='word_1_220' title='bbox 859 2886 984 2940; x_wconf 86' lang='lat' dir='ltr'><strong>(cum</strong></span> 
     </span>
     <span class='ocr_line' id='line_1_36' title="bbox 98 2941 983 2999; baseline -0.002 -13"><span class='ocrx_word' id='word_1_221' title='bbox 98 2944 164 2986; x_wconf 88' lang='lat' dir='ltr'><strong>sil.</strong></span> <span class='ocrx_word' id='word_1_222' title='bbox 186 2942 322 2998; x_wconf 79' lang='lat' dir='ltr'><strong>Viet.)</strong></span> <span class='ocrx_word' id='word_1_223' title='bbox 349 2942 454 2986; x_wconf 82' lang='lat' dir='ltr'><strong>Alc.</strong></span> <span class='ocrx_word' id='word_1_224' title='bbox 488 2941 689 2984; x_wconf 81' lang='lat' dir='ltr'><strong>Rhenan.</strong></span> <span class='ocrx_word' id='word_1_225' title='bbox 717 2941 895 2999; x_wconf 82' lang='lat' dir='ltr'><strong>Micyll.</strong></span> <span class='ocrx_word' id='word_1_226' title='bbox 926 2970 983 2977; x_wconf 89' lang='lat'><strong>—-</strong></span> 
     </span>
     <span class='ocr_line' id='line_1_37' title="bbox 96 2998 984 3058; baseline -0.001 -15"><span class='ocrx_word' id='word_1_227' title='bbox 96 3003 254 3043; x_wconf 80' lang='lat' dir='ltr'><strong>hostes</strong></span> <span class='ocrx_word' id='word_1_228' title='bbox 274 3001 375 3043; x_wconf 87' lang='lat' dir='ltr'><strong>edd.</strong></span> <span class='ocrx_word' id='word_1_229' title='bbox 398 2999 513 3057; x_wconf 85' lang='lat' dir='ltr'><strong>Spir.</strong></span> <span class='ocrx_word' id='word_1_230' title='bbox 535 2999 640 3042; x_wconf 91' lang='lat' dir='ltr'><strong>Ald.</strong></span> <span class='ocrx_word' id='word_1_231' title='bbox 661 2998 781 3056; x_wconf 85' lang='lat' dir='ltr'><strong>Lips.</strong></span> <span class='ocrx_word' id='word_1_232' title='bbox 807 3015 903 3058; x_wconf 85' lang='lat' dir='ltr'><strong>sqq.</strong></span> <span class='ocrx_word' id='word_1_233' title='bbox 926 3023 984 3032; x_wconf 90' lang='lat'><strong>—</strong></span> 
     </span>
     <span class='ocr_line' id='line_1_38' title="bbox 100 3056 983 3114; baseline 0.003 -17"><span class='ocrx_word' id='word_1_234' title='bbox 100 3057 181 3100; x_wconf 73' lang='lat' dir='ltr'><strong>Ed.</strong></span> <span class='ocrx_word' id='word_1_235' title='bbox 203 3057 320 3114; x_wconf 82' lang='lat' dir='ltr'><strong>Spir.</strong></span> <span class='ocrx_word' id='word_1_236' title='bbox 344 3073 436 3100; x_wconf 88' lang='lat' dir='ltr'><strong>non</strong></span> <span class='ocrx_word' id='word_1_237' title='bbox 458 3056 587 3099; x_wconf 85' lang='lat' dir='ltr'><strong>habet</strong></span> <span class='ocrx_word' id='word_1_238' title='bbox 612 3058 831 3101; x_wconf 86' lang='lat' dir='ltr'><strong>intentos.</strong></span> <span class='ocrx_word' id='word_1_239' title='bbox 882 3057 983 3100; x_wconf 91' lang='lat' dir='ltr'><strong>MS.</strong></span> 
     </span>
     <span class='ocr_line' id='line_1_39' title="bbox 100 3114 608 3157; baseline -0.002 0"><span class='ocrx_word' id='word_1_240' title='bbox 100 3114 213 3157; x_wconf 87' lang='lat' dir='ltr'><strong>Bud.</strong></span> <span class='ocrx_word' id='word_1_241' title='bbox 243 3117 417 3157; x_wconf 82' lang='lat' dir='ltr'><strong>intento</strong></span> <span class='ocrx_word' id='word_1_242' title='bbox 444 3115 608 3156; x_wconf 75' lang='lat' dir='ltr'><strong>hostis.</strong></span> 
     </span>
    </p>
   </div>
   <div class='ocr_carea' id='block_1_10' title="bbox 99 3195 981 3327">
    <p class='ocr_par' dir='ltr' id='par_1_11' title="bbox 99 3195 981 3327">
     <span class='ocr_line' id='line_1_40' title="bbox 157 3195 981 3253; baseline 0.002 -14"><span class='ocrx_word' id='word_1_243' title='bbox 157 3214 298 3253; x_wconf 82' lang='lat' dir='ltr'><strong>quam</strong></span> <span class='ocrx_word' id='word_1_244' title='bbox 315 3212 406 3251; x_wconf 86' lang='lat' dir='ltr'><strong>pro</strong></span> <span class='ocrx_word' id='word_1_245' title='bbox 427 3210 640 3239; x_wconf 82' lang='lat' dir='ltr'><strong>numero.</strong></span> <span class='ocrx_word' id='word_1_246' title='bbox 700 3195 801 3240; x_wconf 87' lang='lat' dir='ltr'><strong>MS.</strong></span> <span class='ocrx_word' id='word_1_247' title='bbox 825 3196 981 3242; x_wconf 88' lang='lat' dir='ltr'><strong>Guelf.</strong></span> 
     </span>
     <span class='ocr_line' id='line_1_41' title="bbox 99 3255 981 3327; baseline 0.002 -30"><span class='ocrx_word' id='word_1_248' title='bbox 99 3257 231 3327; x_wconf 66' lang='grc' dir='ltr'><strong>ιμιᾶᾄ</strong></span> <span class='ocrx_word' id='word_1_249' title='bbox 271 3255 340 3310; x_wconf 89' lang='lat' dir='ltr'><strong>(h.</strong></span> <span class='ocrx_word' id='word_1_250' title='bbox 374 3272 413 3298; x_wconf 91' lang='lat' dir='ltr'><strong>e.</strong></span> <span class='ocrx_word' id='word_1_251' title='bbox 446 3257 740 3311; x_wconf 83' lang='lat' dir='ltr'><strong>quanquam)</strong></span> <span class='ocrx_word' id='word_1_252' title='bbox 773 3270 861 3309; x_wconf 86' lang='lat' dir='ltr'><strong>pro</strong></span> <span class='ocrx_word' id='word_1_253' title='bbox 894 3271 981 3299; x_wconf 82' lang='lat' dir='ltr'><strong>nu-</strong></span> 
     </span>
    </p>
   </div>
   <div class='ocr_carea' id='block_1_11' title="bbox 103 3342 247 3370">
    <p class='ocr_par' dir='ltr' id='par_1_12' title="bbox 103 3342 247 3370">
     <span class='ocr_line' id='line_1_42' title="bbox 103 3342 247 3370; baseline 0 0"><span class='ocrx_word' id='word_1_254' title='bbox 103 3342 247 3370; x_wconf 71' lang='lat' dir='ltr'><strong><em>mero·</em></strong></span> 
     </span>
    </p>
   </div>
   <div class='ocr_carea' id='block_1_12' title="bbox 159 3408 990 3467">
    <p class='ocr_par' dir='ltr' id='par_1_13' title="bbox 159 3408 990 3467">
     <span class='ocr_line' id='line_1_43' title="bbox 159 3408 990 3467; baseline 0 -14"><span class='ocrx_word' id='word_1_255' title='bbox 159 3410 462 3465; x_wconf 66' lang='lat' dir='ltr'><strong>Mogontiaco.</strong></span> <span class='ocrx_word' id='word_1_256' title='bbox 522 3408 596 3451; x_wconf 86' lang='lat' dir='ltr'><strong>Sic</strong></span> <span class='ocrx_word' id='word_1_257' title='bbox 620 3408 723 3451; x_wconf 79' lang='lat' dir='ltr'><strong>edd.</strong></span> <span class='ocrx_word' id='word_1_258' title='bbox 738 3409 853 3467; x_wconf 83' lang='lat' dir='ltr'><strong>Lips.</strong></span> <span class='ocrx_word' id='word_1_259' title='bbox 869 3425 990 3467; x_wconf 82' lang='lat' dir='ltr'><strong>sqq.·,</strong></span> 
     </span>
    </p>
   </div>
   <div class='ocr_carea' id='block_1_13' title="bbox 106 3465 984 3523">
    <p class='ocr_par' dir='ltr' id='par_1_14' title="bbox 106 3465 984 3523">
     <span class='ocr_line' id='line_1_44' title="bbox 106 3465 984 3523; baseline -0.001 -14"><span class='ocrx_word' id='word_1_260' title='bbox 106 3467 395 3522; x_wconf 75' lang='lat' dir='ltr'><strong>Mogontiaco</strong></span> <span class='ocrx_word' id='word_1_261' title='bbox 419 3466 518 3509; x_wconf 85' lang='lat' dir='ltr'><strong>edd.</strong></span> <span class='ocrx_word' id='word_1_262' title='bbox 534 3465 651 3523; x_wconf 82' lang='lat' dir='ltr'><strong>Spir.</strong></span> <span class='ocrx_word' id='word_1_263' title='bbox 668 3466 842 3509; x_wconf 81' lang='lat' dir='ltr'><strong>Puteol.</strong></span> <span class='ocrx_word' id='word_1_264' title='bbox 862 3467 984 3521; x_wconf 83' lang='lat' dir='ltr'><strong>(cum</strong></span> 
     </span>
    </p>
   </div>
   <div class='ocr_carea' id='block_1_14' title="bbox 1056 2141 1950 2548">
    <p class='ocr_par' dir='ltr' id='par_1_15' title="bbox 1056 2141 1950 2548">
     <span class='ocr_line' id='line_1_45' title="bbox 1061 2141 1947 2190; baseline 0.007 -6"><span class='ocrx_word' id='word_1_265' title='bbox 1061 2141 1160 2185; x_wconf 90' lang='lat' dir='ltr'><strong>MS.</strong></span> <span class='ocrx_word' id='word_1_266' title='bbox 1191 2141 1344 2184; x_wconf 82' lang='lat' dir='ltr'><strong>Guels.</strong></span> <span class='ocrx_word' id='word_1_267' title='bbox 1388 2167 1444 2175; x_wconf 93' lang='lat'>—</span> <span class='ocrx_word' id='word_1_268' title='bbox 1517 2143 1627 2186; x_wconf 88' lang='lat' dir='ltr'><strong>Mox</strong></span> <span class='ocrx_word' id='word_1_269' title='bbox 1673 2145 1947 2190; x_wconf 83' lang='lat' dir='ltr'><strong>vocabulum</strong></span> 
     </span>
     <span class='ocr_line' id='line_1_46' title="bbox 1061 2199 1950 2260; baseline 0.006 -19"><span class='ocrx_word' id='word_1_270' title='bbox 1061 2199 1290 2241; x_wconf 78' lang='lat' dir='ltr'><strong>Romanis</strong></span> <span class='ocrx_word' id='word_1_271' title='bbox 1313 2215 1409 2243; x_wconf 88' lang='lat' dir='ltr'><strong>non</strong></span> <span class='ocrx_word' id='word_1_272' title='bbox 1437 2200 1599 2260; x_wconf 83' lang='lat' dir='ltr'><strong>legitur</strong></span> <span class='ocrx_word' id='word_1_273' title='bbox 1621 2201 1668 2244; x_wconf 86' lang='lat' dir='ltr'><strong>in</strong></span> <span class='ocrx_word' id='word_1_274' title='bbox 1683 2201 1950 2247; x_wconf 70' lang='lat' dir='ltr'><strong>MSSAElor.</strong></span> 
     </span>
     <span class='ocr_line' id='line_1_47' title="bbox 1059 2256 1944 2318; baseline 0.007 -20"><span class='ocrx_word' id='word_1_275' title='bbox 1059 2257 1177 2311; x_wconf 83' lang='lat' dir='ltr'><strong>(test.</strong></span> <span class='ocrx_word' id='word_1_276' title='bbox 1202 2256 1291 2300; x_wconf 87' lang='lat' dir='ltr'><strong>Iac.</strong></span> <span class='ocrx_word' id='word_1_277' title='bbox 1305 2257 1532 2314; x_wconf 87' lang='lat' dir='ltr'><strong>Gronov.)</strong></span> <span class='ocrx_word' id='word_1_278' title='bbox 1559 2260 1668 2317; x_wconf 82' lang='lat' dir='ltr'><strong>Agr.</strong></span> <span class='ocrx_word' id='word_1_279' title='bbox 1695 2259 1812 2303; x_wconf 82' lang='lat' dir='ltr'><strong>ssud.</strong></span> <span class='ocrx_word' id='word_1_280' title='bbox 1833 2259 1944 2318; x_wconf 83' lang='lat' dir='ltr'><strong>Reg.</strong></span> 
     </span>
     <span class='ocr_line' id='line_1_48' title="bbox 1058 2314 1947 2371; baseline 0.006 -15"><span class='ocrx_word' id='word_1_281' title='bbox 1058 2315 1126 2357; x_wconf 87' lang='lat' dir='ltr'><strong>ed.</strong></span> <span class='ocrx_word' id='word_1_282' title='bbox 1162 2314 1279 2370; x_wconf 87' lang='lat' dir='ltr'><strong>Spir.</strong></span> <span class='ocrx_word' id='word_1_283' title='bbox 1368 2315 1517 2359; x_wconf 84' lang='lat' dir='ltr'><strong>Exstat</strong></span> <span class='ocrx_word' id='word_1_284' title='bbox 1549 2317 1597 2358; x_wconf 86' lang='lat' dir='ltr'><strong>in</strong></span> <span class='ocrx_word' id='word_1_285' title='bbox 1630 2317 1764 2359; x_wconf 65' lang='lat' dir='ltr'><strong>MSS.</strong></span> <span class='ocrx_word' id='word_1_286' title='bbox 1795 2317 1947 2371; x_wconf 73' lang='lat' dir='ltr'><strong>Guelf-</strong></span> 
     </span>
     <span class='ocr_line' id='line_1_49' title="bbox 1056 2370 1944 2431; baseline 0.007 -19"><span class='ocrx_word' id='word_1_287' title='bbox 1056 2370 1182 2414; x_wconf 74' lang='lat' dir='ltr'><strong>Harl.</strong></span> <span class='ocrx_word' id='word_1_288' title='bbox 1215 2371 1345 2414; x_wconf 91' lang='lat' dir='ltr'><strong>Bodl.</strong></span> <span class='ocrx_word' id='word_1_289' title='bbox 1391 2373 1491 2416; x_wconf 87' lang='lat' dir='ltr'><strong>edd.</strong></span> <span class='ocrx_word' id='word_1_290' title='bbox 1530 2374 1629 2417; x_wconf 84' lang='lat' dir='ltr'><strong>Put.</strong></span> <span class='ocrx_word' id='word_1_291' title='bbox 1669 2389 1767 2431; x_wconf 85' lang='lat' dir='ltr'><strong>sqq.</strong></span> <span class='ocrx_word' id='word_1_292' title='bbox 1810 2376 1944 2430; x_wconf 85' lang='lat' dir='ltr'><strong>(eum</strong></span> 
     </span>
     <span class='ocr_line' id='line_1_50' title="bbox 1057 2428 1946 2490; baseline 0.008 -21"><span class='ocrx_word' id='word_1_293' title='bbox 1057 2428 1205 2470; x_wconf 83' lang='lat' dir='ltr'><strong>silent.</strong></span> <span class='ocrx_word' id='word_1_294' title='bbox 1238 2428 1398 2485; x_wconf 39' lang='lat' dir='ltr'><strong>Victd,</strong></span> <span class='ocrx_word' id='word_1_295' title='bbox 1429 2439 1472 2473; x_wconf 88' lang='lat' dir='ltr'><strong>et</strong></span> <span class='ocrx_word' id='word_1_296' title='bbox 1502 2431 1575 2475; x_wconf 86' lang='lat' dir='ltr'><strong>vix</strong></span> <span class='ocrx_word' id='word_1_297' title='bbox 1607 2432 1756 2474; x_wconf 84' lang='lat' dir='ltr'><strong>abesse</strong></span> <span class='ocrx_word' id='word_1_298' title='bbox 1784 2439 1946 2490; x_wconf 72' lang='lat' dir='ltr'><strong>potest.</strong></span> 
     </span>
     <span class='ocr_line' id='line_1_51' title="bbox 1058 2484 1949 2548; baseline 0.006 -20"><span class='ocrx_word' id='word_1_299' title='bbox 1058 2484 1231 2528; x_wconf 78' lang='lat' dir='ltr'><strong>Ultima</strong></span> <span class='ocrx_word' id='word_1_300' title='bbox 1252 2485 1419 2541; x_wconf 82' lang='lat' dir='ltr'><strong>syllaba</strong></span> <span class='ocrx_word' id='word_1_301' title='bbox 1436 2488 1558 2531; x_wconf 86' lang='lat' dir='ltr'><strong>vocis</strong></span> <span class='ocrx_word' id='word_1_302' title='bbox 1574 2504 1721 2537; x_wconf 83' lang='lat' dir='ltr'><strong>error,</strong></span> <span class='ocrx_word' id='word_1_303' title='bbox 1739 2505 1852 2547; x_wconf 85' lang='lat' dir='ltr'><strong>quae</strong></span> <span class='ocrx_word' id='word_1_304' title='bbox 1867 2506 1949 2548; x_wconf 87' lang='lat' dir='ltr'><strong>per</strong></span> 
     </span>
    </p>
   </div>
   <div class='ocr_carea' id='block_1_15' title="bbox 1057 2560 1947 2679">
    <p class='ocr_par' dir='ltr' id='par_1_16' title="bbox 1057 2560 1947 2679">
     <span class='ocr_line' id='line_1_52' title="bbox 1057 2560 1947 2620; baseline 0.01 -15"><span class='ocrx_word' id='word_1_305' title='bbox 1057 2562 1380 2618; x_wconf 84' lang='lat' dir='ltr'><strong>compendium</strong></span> <span class='ocrx_word' id='word_1_306' title='bbox 1413 2565 1625 2607; x_wconf 83' lang='lat' dir='ltr'><strong>scribitur</strong></span> <span class='ocrx_word' id='word_1_307' title='bbox 1653 2560 1785 2620; x_wconf 65' lang='lat' dir='ltr'><strong>erro,</strong></span> <span class='ocrx_word' id='word_1_308' title='bbox 1816 2568 1947 2613; x_wconf 80' lang='lat' dir='ltr'><strong>facile</strong></span> 
     </span>
     <span class='ocr_line' id='line_1_53' title="bbox 1057 2620 1942 2679; baseline 0.015 -21"><span class='ocrx_word' id='word_1_309' title='bbox 1057 2620 1202 2676; x_wconf 79' lang='lat' dir='ltr'><strong>potuit</strong></span> <span class='ocrx_word' id='word_1_310' title='bbox 1237 2620 1478 2663; x_wconf 80' lang='lat' dir='ltr'><strong>ahsorbere</strong></span> <span class='ocrx_word' id='word_1_311' title='bbox 1508 2621 1674 2664; x_wconf 83' lang='lat' dir='ltr'><strong>litteras</strong></span> <span class='ocrx_word' id='word_1_312' title='bbox 1704 2638 1776 2668; x_wconf 87' lang='lat' dir='ltr'><strong>ro.</strong></span> <span class='ocrx_word' id='word_1_313' title='bbox 1809 2625 1872 2679; x_wconf 84' lang='lat' dir='ltr'><strong>(h.</strong></span> <span class='ocrx_word' id='word_1_314' title='bbox 1904 2644 1942 2670; x_wconf 85' lang='lat' dir='ltr'><strong>e.</strong></span> 
     </span>
    </p>
   </div>
   <div class='ocr_carea' id='block_1_16' title="bbox 1054 2676 1946 2904">
    <p class='ocr_par' dir='ltr' id='par_1_17' title="bbox 1054 2676 1946 2776">
     <span class='ocr_line' id='line_1_54' title="bbox 1056 2676 1946 2728; baseline 0.017 -14"><span class='ocrx_word' id='word_1_315' title='bbox 1056 2678 1328 2725; x_wconf 74' lang='lat' dir='ltr'><strong>Romanis).</strong></span> <span class='ocrx_word' id='word_1_316' title='bbox 1400 2676 1503 2721; x_wconf 81' lang='lat' dir='ltr'><strong>MS.</strong></span> <span class='ocrx_word' id='word_1_317' title='bbox 1525 2679 1607 2723; x_wconf 75' lang='lat' dir='ltr'><strong>Ies-</strong></span> <span class='ocrx_word' id='word_1_318' title='bbox 1639 2679 1728 2723; x_wconf 71' lang='lat' dir='ltr'><strong>fert</strong></span> <span class='ocrx_word' id='word_1_319' title='bbox 1758 2683 1946 2728; x_wconf 75' lang='lat' dir='ltr'><strong>Roma·</strong></span> 
     </span>
     <span class='ocr_line' id='line_1_55' title="bbox 1054 2748 1154 2776; baseline 0.01 -1"><span class='ocrx_word' id='word_1_320' title='bbox 1054 2748 1154 2776; x_wconf 69' lang='lat' dir='ltr'><strong>nus.</strong></span> 
     </span>
    </p>

    <p class='ocr_par' dir='ltr' id='par_1_18' title="bbox 1057 2805 1942 2904">
     <span class='ocr_line' id='line_1_56' title="bbox 1112 2805 1942 2857; baseline 0.016 -13"><span class='ocrx_word' id='word_1_321' title='bbox 1112 2806 1259 2847; x_wconf 72' lang='lat' dir='ltr'><strong>addit.</strong></span> <span class='ocrx_word' id='word_1_322' title='bbox 1341 2805 1476 2849; x_wconf 88' lang='lat' dir='ltr'><strong>MSS.</strong></span> <span class='ocrx_word' id='word_1_323' title='bbox 1509 2805 1662 2852; x_wconf 85' lang='lat' dir='ltr'><strong>Guelf.</strong></span> <span class='ocrx_word' id='word_1_324' title='bbox 1696 2808 1817 2854; x_wconf 81' lang='lat' dir='ltr'><strong>Harl.</strong></span> <span class='ocrx_word' id='word_1_325' title='bbox 1856 2813 1942 2857; x_wconf 84' lang='lat' dir='ltr'><strong>les.</strong></span> 
     </span>
     <span class='ocr_line' id='line_1_57' title="bbox 1057 2863 1254 2904; baseline 0 0"><span class='ocrx_word' id='word_1_326' title='bbox 1057 2863 1254 2904; x_wconf 74' lang='lat' dir='ltr'><strong>addidit.</strong></span> 
     </span>
    </p>
   </div>
   <div class='ocr_carea' id='block_1_17' title="bbox 1053 2934 1942 3044">
    <p class='ocr_par' dir='ltr' id='par_1_19' title="bbox 1053 2934 1942 3044">
     <span class='ocr_line' id='line_1_58' title="bbox 1112 2934 1942 3003; baseline 0.016 -30"><span class='ocrx_word' id='word_1_327' title='bbox 1112 2947 1338 2985; x_wconf 83' lang='lat' dir='ltr'><strong>recepere.</strong></span> <span class='ocrx_word' id='word_1_328' title='bbox 1396 2934 1496 2978; x_wconf 87' lang='lat' dir='ltr'><strong>MS.</strong></span> <span class='ocrx_word' id='word_1_329' title='bbox 1520 2934 1630 2992; x_wconf 86' lang='lat' dir='ltr'><strong>Agr.</strong></span> <span class='ocrx_word' id='word_1_330' title='bbox 1667 2944 1709 2980; x_wconf 82' lang='lat' dir='ltr'><strong>et</strong></span> <span class='ocrx_word' id='word_1_331' title='bbox 1729 2939 1799 3003; x_wconf 81' lang='lat' dir='ltr'><strong>ed.</strong></span> <span class='ocrx_word' id='word_1_332' title='bbox 1821 2939 1942 2999; x_wconf 68' lang='lat' dir='ltr'><strong>Spir.</strong></span> 
     </span>
     <span class='ocr_line' id='line_1_59' title="bbox 1053 3003 1312 3044; baseline 0.012 -13"><span class='ocrx_word' id='word_1_333' title='bbox 1053 3003 1312 3044; x_wconf 81' lang='lat' dir='ltr'><strong>suscepere.</strong></span> 
     </span>
    </p>
   </div>
   <div class='ocr_carea' id='block_1_18' title="bbox 1112 3074 1451 3127">
    <p class='ocr_par' dir='ltr' id='par_1_20' title="bbox 1112 3074 1451 3127">
     <span class='ocr_line' id='line_1_60' title="bbox 1112 3074 1451 3127; baseline 0.015 -14"><span class='ocrx_word' id='word_1_334' title='bbox 1112 3074 1451 3127; x_wconf 66' lang='lat' dir='ltr'><strong>corrzpuerant.</strong></span> 
     </span>
    </p>
   </div>
   <div class='ocr_carea' id='block_1_19' title="bbox 1523 3076 1942 3137">
    <p class='ocr_par' dir='ltr' id='par_1_21' title="bbox 1523 3076 1942 3137">
     <span class='ocr_line' id='line_1_61' title="bbox 1523 3076 1942 3137; baseline 0.024 -19"><span class='ocrx_word' id='word_1_335' title='bbox 1523 3076 1608 3120; x_wconf 86' lang='lat' dir='ltr'><strong>Ed.</strong></span> <span class='ocrx_word' id='word_1_336' title='bbox 1646 3077 1764 3137; x_wconf 86' lang='lat' dir='ltr'><strong>Spir.</strong></span> <span class='ocrx_word' id='word_1_337' title='bbox 1802 3086 1942 3128; x_wconf 83' lang='lat' dir='ltr'><strong>corri-</strong></span> 
     </span>
    </p>
   </div>
   <div class='ocr_carea' id='block_1_20' title="bbox 1049 3137 1942 3197">
    <p class='ocr_par' dir='ltr' id='par_1_22' title="bbox 1049 3137 1942 3197">
     <span class='ocr_line' id='line_1_62' title="bbox 1049 3137 1942 3197; baseline 0.017 -27"><span class='ocrx_word' id='word_1_338' title='bbox 1049 3137 1246 3185; x_wconf 82' lang='lat' dir='ltr'><strong>puerat,</strong></span> <span class='ocrx_word' id='word_1_339' title='bbox 1288 3138 1330 3174; x_wconf 83' lang='lat' dir='ltr'><strong>et</strong></span> <span class='ocrx_word' id='word_1_340' title='bbox 1365 3148 1468 3176; x_wconf 82' lang='lat' dir='ltr'><strong>mox</strong></span> <span class='ocrx_word' id='word_1_341' title='bbox 1495 3137 1658 3177; x_wconf 86' lang='lat' dir='ltr'><strong>eodem</strong></span> <span class='ocrx_word' id='word_1_342' title='bbox 1681 3138 1755 3180; x_wconf 84' lang='lat' dir='ltr'><strong>die</strong></span> <span class='ocrx_word' id='word_1_343' title='bbox 1781 3155 1864 3197; x_wconf 85' lang='lat' dir='ltr'><strong>pro</strong></span> <span class='ocrx_word' id='word_1_344' title='bbox 1890 3157 1942 3185; x_wconf 87' lang='lat' dir='ltr'><strong>eo</strong></span> 
     </span>
    </p>
   </div>
   <div class='ocr_carea' id='block_1_21' title="bbox 1054 3188 1314 3315">
    <p class='ocr_par' dir='ltr' id='par_1_23' title="bbox 1054 3188 1314 3315">
     <span class='ocr_line' id='line_1_63' title="bbox 1054 3188 1146 3229; baseline 0 0"><span class='ocrx_word' id='word_1_345' title='bbox 1054 3188 1146 3229; x_wconf 79' lang='lat' dir='ltr'><strong>die.</strong></span> 
     </span>
     <span class='ocr_line' id='line_1_64' title="bbox 1113 3269 1314 3315; baseline 0.015 -3"><span class='ocrx_word' id='word_1_346' title='bbox 1113 3269 1224 3314; x_wconf 72' lang='lat' dir='ltr'><strong>CAP.</strong></span> <span class='ocrx_word' id='word_1_347' title='bbox 1242 3270 1314 3315; x_wconf 82' lang='lat'><strong>34.</strong></span> 
     </span>
    </p>
   </div>
   <div class='ocr_carea' id='block_1_22' title="bbox 1055 3327 1290 3372">
    <p class='ocr_par' dir='ltr' id='par_1_24' title="bbox 1055 3327 1290 3372">
     <span class='ocr_line' id='line_1_65' title="bbox 1055 3327 1290 3372; baseline 0.013 -3"><span class='ocrx_word' id='word_1_348' title='bbox 1055 3327 1099 3369; x_wconf 78' lang='lat' dir='ltr'><strong>si</strong></span> <span class='ocrx_word' id='word_1_349' title='bbox 1123 3330 1290 3372; x_wconf 78' lang='lat' dir='ltr'><strong>ciuilis.</strong></span> 
     </span>
    </p>
   </div>
   <div class='ocr_carea' id='block_1_23' title="bbox 1386 3273 1941 3337">
    <p class='ocr_par' dir='ltr' id='par_1_25' title="bbox 1386 3273 1941 3337">
     <span class='ocr_line' id='line_1_66' title="bbox 1386 3273 1941 3337; baseline 0.011 -19"><span class='ocrx_word' id='word_1_350' title='bbox 1386 3273 1561 3328; x_wconf 79' lang='lat' dir='ltr'><strong>Civilis,</strong></span> <span class='ocrx_word' id='word_1_351' title='bbox 1595 3278 1650 3320; x_wconf 77' lang='lat' dir='ltr'><strong>si.</strong></span> <span class='ocrx_word' id='word_1_352' title='bbox 1709 3276 1794 3320; x_wconf 86' lang='lat' dir='ltr'><strong>Ed.</strong></span> <span class='ocrx_word' id='word_1_353' title='bbox 1824 3279 1941 3337; x_wconf 83' lang='lat' dir='ltr'><strong>Spir.</strong></span> 
     </span>
    </p>
   </div>
   <div class='ocr_carea' id='block_1_24' title="bbox 1060 3407 1941 3536">
    <p class='ocr_par' dir='ltr' id='par_1_26' title="bbox 1060 3407 1941 3536">
     <span class='ocr_line' id='line_1_67' title="bbox 1446 3407 1939 3464; baseline 0.014 -7"><span class='ocrx_word' id='word_1_354' title='bbox 1446 3415 1546 3458; x_wconf 87' lang='lat' dir='ltr'><strong>MS.</strong></span> <span class='ocrx_word' id='word_1_355' title='bbox 1586 3407 1701 3461; x_wconf 78' lang='lat' dir='ltr'><strong>B&#39;ud.</strong></span> <span class='ocrx_word' id='word_1_356' title='bbox 1743 3420 1939 3464; x_wconf 62' lang='lat' dir='ltr'><strong>arcuit-i.</strong></span> 
     </span>
     <span class='ocr_line' id='line_1_68' title="bbox 1060 3467 1941 3536; baseline 0.015 -27"><span class='ocrx_word' id='word_1_357' title='bbox 1060 3467 1323 3536; x_wconf 35' lang='lat' dir='ltr'><strong>MSS-neg.</strong></span> <span class='ocrx_word' id='word_1_358' title='bbox 1352 3472 1460 3531; x_wconf 83' lang='lat' dir='ltr'><strong>Agr.</strong></span> <span class='ocrx_word' id='word_1_359' title='bbox 1492 3473 1558 3517; x_wconf 86' lang='lat' dir='ltr'><strong>ed.</strong></span> <span class='ocrx_word' id='word_1_360' title='bbox 1593 3474 1710 3533; x_wconf 77' lang='lat' dir='ltr'><strong>Spir.</strong></span> <span class='ocrx_word' id='word_1_361' title='bbox 1740 3478 1941 3521; x_wconf 65' lang='lat' dir='ltr'><strong>acreum-</strong></span> 
     </span>
    </p>
   </div>
   <div class='ocr_carea' id='block_1_25' title="bbox 1113 3411 1362 3456">
    <p class='ocr_par' dir='ltr' id='par_1_27' title="bbox 1113 3411 1362 3456">
     <span class='ocr_line' id='line_1_69' title="bbox 1113 3411 1362 3456; baseline 0.016 -4"><span class='ocrx_word' id='word_1_362' title='bbox 1113 3411 1362 3456; x_wconf 73' lang='lat' dir='ltr'><strong>circumiri.</strong></span> 
     </span>
    </p>
   </div>
   <div class='ocr_carea' id='block_1_26' title="bbox 107 3523 1219 3581">
    <p class='ocr_par' dir='ltr' id='par_1_28' title="bbox 107 3523 1219 3581">
     <span class='ocr_line' id='line_1_70' title="bbox 107 3523 1219 3581; baseline 0.004 -15"><span class='ocrx_word' id='word_1_363' title='bbox 107 3523 248 3568; x_wconf 80' lang='lat' dir='ltr'><strong>silent.</strong></span> <span class='ocrx_word' id='word_1_364' title='bbox 275 3524 482 3580; x_wconf 83' lang='lat' dir='ltr'><strong>Victorii)</strong></span> <span class='ocrx_word' id='word_1_365' title='bbox 510 3539 633 3581; x_wconf 84' lang='lat' dir='ltr'><strong>sqq.·,</strong></span> <span class='ocrx_word' id='word_1_366' title='bbox 690 3523 987 3580; x_wconf 71' lang='lat' dir='ltr'><strong>Magunoiaco</strong></span> <span class='ocrx_word' id='word_1_367' title='bbox 1062 3526 1219 3571; x_wconf 79' lang='lat' dir='ltr'><strong>ucnin.</strong></span> 
     </span>
    </p>
   </div>
  </div>
 </body>
</html>
