2138 4030
130 237 252 294 aui.
271 246 356 282 επ.

129 290 244 335 sc,
300 284 356 338 το.
628 241 823 306 =.L1·B.
856 242 921 303 1.-
959 239 1152 306 GAP..
1179 231 1306 304 77.
1767 250 1887 321 109

46 385 203 460 bello
235 398 383 459 opus
417 387 565 435 erat:
621 367 793 435 Otho.
824 384 892 429 ut
927 372 1209 443 in'multa
1239 365 1384 448 pace
1413 378 1618 434 munia
1653 378 1892 455 imperii

47 470 279 540 obibat,
341 462 626 542 quaedam
665 477 744 514 «ex
788 456 1072 530 dignitate
1115 457 1203 515 rei
1243 458 1548 535 publicae,
1612 463 1891 540 pleraque

46 566 249 615 contra
276 552 451 607 decus
475 565 543 602 ex
567 541 861 619 praesenti
889 562 1003 600 usu
1034 544 1428 617 properando,
1462 587 1468 591 .

47 639 286 706 Titiano
310 635 488 705 fratre
515 630 579 684 in
603 627 856 686 Kalend.
879 624 1128 684 Martias
1150 628 1300 702 ipse,
1341 630 1639 703 proximos
1664 651 1893 688 menses

46 720 327 797 Verginio
344 715 601 774 'destinat
625 723 692 769 ut
714 711 956 788 aliquod
981 713 1261 770 exercitui
1287 710 1642 770 Germanico
1667 716 1891 771 deleni-

46 818 326 864 mentum.
412 799 676 872 iungitur
709 794 993 870 Verginio
1037 796 1346 872 Poppaeus
1391 795 1681 874 Vopiscus
1722 820 1894 874 Prae-

47 903 200 950 texto
222 887 434 947 veteris
458 882 775 952 amicitiae,
809 882 1076 958 plerique
1089 880 1525 940 Viennensium
1545 879 1763 941 honori
1787 885 1893 940 da-

47 991 172 1034 tum
191 964 745 1048 interpretabantur.
823 964 1020 1024 Ceteri
1045 968 1381 1025 consulatus
1406 989 1475 1025 ex
1499 970 1890 1041 destinatione

46 1059 298 1119 Neronis
334 1068 436 1114 aut
470 1052 698 1111 Galbae
730 1067 1024 1121 mansere,
1062 1049 1278 1109 -Caelio
1313 1073 1379 1110 ac
1410 1051 1618 1112 Flavio
1654 1053 1892 1111 Sabinis

44 1147 105 1203 in
129 1143 337 1212 IuliaS,
375 1135 882 1198 Arrio'Antonino
911 1147 965 1193 et
982 1133 1179 1194 Mario
1202 1136 1373 1195 Celso
1401 1139 1463 1194 in
1490 1139 1887 1215 Septembre&

1003 1329 1107 1374 edd.
1128 1330 1231 1374 Ber.
1252 1329 1358 1389 Alc·
1380 1329 1525 1376 Rhen.
1547 1329 1658 1376 Ald.
1685 1345 1783 1389 sqq.
1823 1329 1890 1374 cf.

1002 1397 1099 1432 not.
1123 1387 1178 1430 ad
1201 1388 1287 1431 An.
1305 1388 1348 1437 2,
1371 1386 1440 1430 33.
1895 1392 1901 1397 ’

1059 1445 1303 1500 Poppaeus
1350 1446 1590 1499 Vopiscus.
1671 1444 1747 1488 Sic
1793 1444 1896 1490 MS.

1002 1505 1124 1549 Flor.
1145 1505 1261 1558 (test.
1277 1502 1366 1546 Iac.
1379 1501 1640 1556 Gronovio)
1663 1502 1761 1546 edd.
1773 1502 1893 1559 Lips.

1002 1561 1130 1606 Pich.
1169 1559 1303 1604 Grut.
1344 1575 1445 1618 sqq.
1485 1561 1577 1604 Iac.
1612 1558 1758 1603 Gron.
1798 1559 1896 1616 ssip.

99 1335 210 1380 CAP.
245 1332 321 1377 77.
390 1327 541 1386 Vulgo
582 1342 754 1372 novum
799 1334 934 1385 caput

41 1393 262 1450 incipiunt
284 1387 390 1434 inde
412 1404 437 1432 a
461 1385 628 1430 verbis:
662 1383 786 1427 Otho
809 1392 862 1425 ut
881 1385 932 1426 in

43 1453 195 1495 multa
226 1462 345 1504 pace
376 1454 462 1489 etc.
530 1440 830 1487 Commodius
866 1450 931 1485 ta-
967 1449 971 1452 ”

40 1523 145 1552 men
177 1513 221 1549 et
253 1522 302 1549 ex
323 1499 618 1547 Freinshemii
645 1497 860 1542 sententia
885 1498 931 1540 id

40 1564 219 1610 initium
243 1563 293 1605 fit
316 1577 341 1604 a
373 1559 545 1603 verbis:
572 1558 660 1601 Sic
694 1557 932 1599 distractis

1513 548 1721 602 consul
1755 564 1893 604 cum·
1980 554 1982 556 ’

17 1633 155 1674 etc„
197 1619 300 1678 quia
331 1617 412 1676 per'
443 1613 710 1673 particulam
745 1615 932 1669 quidem

42 1680 149 1724 haec
178 1677 314 1720 artius
342 1674 581 1718 cohaerent
606 1687 711 1715 cum
736 1685 930 1728 sequen-

41 1738 173 1780 tibus.
230 1733 328 1777 MS.
342 1731 459 1774 Bud.
481 1737 584 1789 post
605 1730 837 1771 distractis
857 1727 932 1770 ad·

42 1793 105 1838 dit
126 1795 240 1836 eius.
301 1790 406 1834 MS.
424 1786 583 1838 >Guelf.
610 1801 693 1844 pro
715 1784 936 1829 sic—habet

42 1856 446 1964 διοῖαιρεεεεηᾷαηι.
491 1900 618 1944 Edd.
633 1898 753 1957 Spir.
775 1897 935 1942 etAld.

44 1966 406 2019 capescendam,
466 1958 531 2002 uti
575 1957 737 2002 solent.
823 1955 936 1998 Mox

44 2023 113 2065 ed.
146 2019 263 2078 Spir.
301 2021 402 2061 belo
433 2032 517 2074 pro
552 2017 687 2057 bello.
754 2011 933 2056 Deinde

43 2079 195 2123 eadem
224 2076 390 2135 pergit=
429 2082 476 2117 et
501 2073 621 2115 Otho
647 2072 810 2113 munia
840 2077 930 2116 etc.

44 2134 217 2179 omissis
242 2131 468 2177 vocabulis
488 2127 666 2173 mediis.

103 2206 165 2236 ex
201 2187 444 2246 praesenti
480 2203 594 2235 <usu.
679 2184 755 2228 Sic
792 2182 932 2226 MSS.

44 2250 166 2295 Flor.
200 2250 313 2304 (test.
335 2246 475 2301 Vict.)
499 2241 650 2288 Guelf.
678 2242 792 2284 Bud.
828 2240 930 2284 edd.

47 2307 77 2352 S
111 2306 164 2348 ir.
196 2305 298 2348 Put.
327 2303 394 2346 M.
416 2302 559 2345 Rhen.
585 2299 693 2343 Ald.
720 2315 818 2358 sqq.
877 2298 933 2339 ln

30 2324 119 2407 ed).
136 2363 240 2406 Put.
263 2359 320 2406 V.
344 2360 466 2416 lapsu
494 2373 733 2417 operarum
748 2389 761 2409 ‚
791 2364 840 2398 ut
860 2354 932 2397 vi·-

49 2421 200 2470 detur,
248 2417 432 2476 inrepsit
462 2425 507 2459 et
542 2431 624 2474 pro
660 2430 747 2466 ex,
796 2413 934 2470 idque

50 2493 129 2536 pro
163 2491 344 2534 agavere
366 2473 606 2517 Beroaldus
631 2481 672 2514 et
692 2471 903 2514 Alciatus.

145 2529 301 2576 itian‘o.
370 2531 446 2574 Sic
475 2530 579 2573 libri
613 2545 796 2580 omnes,
847 2527 932 2570 nisi

48 2589 169 2648 quod
184 2589 235 2632 in
249 2586 403 2634 Guelf.
428 2587 591 2644 legitur
612 2591 776 2630 titano.
831 2583 933 2628 Vid.

48 2655 142 2691 not.
167 2647 220 2690 ad
247 2662 286 2690 c.
302 2645 374 2690 75.
433 2644 665 2700 Moxbedd.
693 2641 931 2701 Spir.Put.

5 2706 7 2710 ⁴
47 2706 148 2747 Ber.
187 2704 287 2749 Alc.
325 2703 646 2760 interpungunt
689 2709 809 2744 ante,
835 2702 934 2755 lpse

46 2762 179 2820 idque
201 2761 465 2804 vocabulum
487 2760 669 2802 trahunt
690 2758 743 2800 ad
759 2757 934 2811 proxi-

51 2832 154 2862 mos
185 2824 269 2861 etc.
325 2817 427 2860 MS.
462 2815 610 2859 Guelf.
649 2832 734 2873 pro
762 2815 930 2868 proxi·

48 2889 151 2918 mos
177 2875 250 2917 dat
264 2875 479 2929 proprios
488 2889 502 2924 ;
551 2873 819 2915 destinabat
849 2886 933 2929 pro

45 2932 247 2975 destinat
267 2937 309 2973 et
331 2930 464 2988 paulo
491 2939 593 2972 ante
626 2929 818 2971 martiis
852 2944 934 2986 pro

46 2989 262 3032 Martias.
347 2987 444 3031 MS.
475 2987 590 3030 Bud.
638 2986 791 3029 locum
829 2986 933 3042 legit

47 3046 138 3090 sic:
180 3046 352 3088 Consul
376 3060 480 3086 cum
503 3045 686 3087 Titiano
695 3042 858 3097 fratre
882 3044 932 3085 in

45 3103 155 3146 Kal.
177 3101 340 3144 stlat-lii
361 3103 454 3155 ipse
468 3134 479 3155 ,
515 3101 767 3156 proximos
797 3115 930 3142 men-

0 3182 1 3188 =
45 3173 120 3203 ses
145 3159 379 3213 Verginio.
434 3159 685 3213 Pompeius
705 3157 932 3212 Vopiscus

12 3274 15 3313 ἱ
46 3273 179 3318 ceteri
202 3272 303 3316 libri
327 3280 509 3316 tuentur
530 3274 722 3330 vulgata.

13 3340 15 3345 ’
79 3335 152 3398 ‘nt
190 3331 397 3385 aliquod.
468 3329 553 3374 Ed.
588 3329 706 3388 Spir.
748 3337 800 3371 ut
843 3331 928 3372 ali-

46 3391 472 3488 ‘¹²⁴2‘ss‘12mffimum.
542 3443 628 3486 sie.
658 3443 759 3486 MS.
799 3443 928 3489 rior.

47 3499 308 3559 (test.Vict.)
329 3501 430 3545 edd.
452 3500 553 3544 Put.
578 3502 644 3543 M.
670 3509 712 3543 et
732 3499 790 3543 V.
850 3504 930 3544 de·

16 3557 283 3609 ;‚12'mentum
309 3559 379 3601 ed.
399 3557 516 3617 Spir.
575 3559 931 3602 delinimentum

47 3225 158 3266 etc.‚
190 3231 300 3274 quae
323 3213 558 3273 placebant
570 3215 804 3258 Rhenano.
842 3206 932 3259 Sed
959 3268 964 3274 ,Ἴ

1005 1617 1167 1663 Oberl.
1188 1632 1289 1675 sqq.
1317 1644 1378 1654 --
1434 1617 1606 1674 Lipsius
1630 1633 1653 1659 e
1678 1616 1780 1661 MS.
1793 1615 1900 1661 Vat.

1000 1678 1048 1721 id
1074 1691 1243 1719 nomen
1269 1673 1466 1719 creditur
1489 1674 1762 1734 reposuisse:
1802 1674 1898 1732 ipse
1966 1672 1968 1675 ’

1003 1741 1134 1779 tacet.
1203 1731 1434 1776 Victorius
1466 1732 1686 1775 intactum
1719 1730 1899 1788 reliquit

1004 1790 1252 1844 Pompeius
1279 1790 1529 1844 Vopiscus,
1567 1788 1690 1846 quod
1723 1787 1897 1832 inveni-

1005 1858 1079 1892 tur
1100 1848 1147 1890 in
1172 1845 1447 1891 MSS.Bud.
1463 1846 1572 1903 Agr.
1587 1845 1738 1889 Guelf.
1756 1845 1895 1890 Corb.
1939 1857 1949 1872 s

1005 1904 1133 1949 Harl.
1157 1904 1292 1947 Bodl.
1315 1903 1397 1946 Ies.
1421 1903 1772 1962 edd.Spir.Put.
1787 1903 1895 1947 Ber.

1005 1963 1107 2008 Alc.
1130 1962 1259 2004 Rhen
1291 1959 1401 2004 Ald.
1423 1968 1465 2003 et
1486 1960 1735 2005 recentiore
1757 1968 1898 2014 aetate

1007 2021 1108 2064 edd.
1135 2017 1283 2077 Ryek.
1302 2017 1476 2061 Ernest.
1499 2018 1627 2062 Brot.
1683 2016 1895 2061 Difficilis

1001 2078 1197 2121 iudicatu
1231 2090 1282 2118 ea
1321 2075 1512 2122 varietas
1553 2084 1641 2125 est,
1667 2075 1795 2134 ⁴quia
1836 2073 1895 2117 ob

1004 2132 1322 2192 compendium
1385 2131 1579 2187 Popeius
1642 2132 1898 2190 saepissime

1002 2201 1247 2249 utrumque
1299 2204 1467 2233 nomen
1514 2190 1562 2233 in
1611 2198 1720 2233 vett.
1769 2189 1896 2231 libris

1005 2249 1315 2293 confunditur.
1400 2246 1476 2290 Ob
1522 2246 1715 2291 Victorii
1759 2246 1896 2290 silen-

1003 2307 1118 2349 tium
1150 2305 1255 2349 satis
1289 2313 1548 2362 suspectum
1581 2303 1692 2347 mihi
1724 2294 1795 2347 est'
1812 2304 1898 2347 Iac.

1005 2362 1227 2430 Gronovii
1272 2360 1329 2406 de
1372 2362 1476 2406 MS.
1518 2361 1644 2406 Flor.
1695 2361 1896 2405 testimo·

1004 2437 1151 2464 mum.

1032 2485 1333 2534 7ρναείεαῖίο.
1400 2475 1479 2520 Sic
1511 2473 1611 2519 MS.
1644 2474 1766 2519 Flor.
1795 2482 1895 2517 test.

1005 2534 1123 2578 Vict.
1161 2550 1264 2578 cum
1298 2535 1353 2578 al.
1426 2533 1483 2577 cf.
1513 2542 1611 2576 not.
1656 2532 1711 2574 ad
1758 2547 1797 2575 c.
1827 2532 1899 2576 76.

998 2599 1259 2648 praetextu
1284 2592 1386 2634 MS.
1413 2590 1565 2642 Guelf.
1590 2589 1691 2632 edd.
1717 2596 1820 2632 vett.
1855 2598 1899 2631 et

1005 2649 1295 2693 recentiores.
1347 2649 1458 2692 Mox
1481 2646 1683 2704 ed.Spir.
1710 2647 1895 2690 vienen-

1004 2708 1128 2750 sium
1154 2731 1211 2739 -
1239 2708 1362 2749 Celio
1387 2730 1442 2740 —-
1468 2705 1666 2747 sauim's.
1695 2731 1755 2740 —-
1816 2692 1898 2746 Ce-

1006 2762 1230 2862 liovetiarn
1258 2763 1362 2808 MS.
1386 2759 1542 2806 Guelf.
1573 2759 1676 2806 edd.
1699 2760 1803 2805 Put.
1827 2761 1896 2804 M.

1007 2830 1050 2865 et
1119 2854 1130 2865 .
1748 2846 1754 2854 ν

1062 2879 1202 2923 Arrio
1234 2877 1484 2920 Antonino,
1556 2875 1742 2920 Variant
1776 2875 1896 2919 libri.

1005 2936 1146 2979 Arrio
1169 2933 1307 2977 MSS.
1329 2931 1364 2975 F
1369 2934 1455 2976 lor.
1485 2934 1603 2988 (test.
1626 2933 1767 2989 Vict.)
1786 2933 1897 2990 Reg.

1004 2995 1117 3050 Agr.
1145 2991 1248 3034 edd.
1273 2991 1391 3047 Spir.
1414 2990 1591 3035 Ernest.
1614 2990 1740 3033 Brot.
1777 3006 1899 3047 sqq.;

1003 3052 1172 3094 Arrln'o
1195 3048 1327 3091 MSS.
1343 3047 1468 3091 Harl.
1485 3048 1611 3091 Bodl.
1631 3048 1709 3097 les.
1725 3046 1900 3100 Guelf.;

1002 3109 1170 3150 Archio
1194 3106 1294 3147 edd.
1322 3104 1426 3148 Put.
1449 3105 1517 3148 M.
1541 3114 1584 3148 et
1609 3104 1658 3148 V.
1684 3102 1893 3148 Beroald.

1002 3164 1132 3217 Ale.;
1178 3163 1294 3204 Ario
1326 3161 1430 3205 MS.
1457 3162 1576 3206 Bud.
1614 3161 1716 3205 edd.
1749 3159 1894 3205 Rhen.

1002 3219 1764 3336 3333..gqurneztgqioaffioffg
1791 3218 1892 3318 ‘233'
1956 3220 1966 3226 ³

1002 3344 1102 3378 ante
1124 3335 1321 3391 Lipsium
1345 3349 1515 3377 omnes.
1586 3333 1689 3376 Fuit
1721 3333 1794 3376 ille
1827 3332 1897 3374 vir

1001 3409 1105 3435 avus
1142 3391 1361 3435 Antonini
1397 3391 1481 3434 Pii.
1544 3389 1612 3435 res.
1653 3387 1895 3447 Capitolin.

1001 3450 1049 3491 in
1084 3451 1333 3492 Anton..c.
1363 3453 1402 3492 1.
1434 3449 1592 3491 Mater
1620 3449 1764 3490 Arria
1792 3446 1893 3488 Fa-
1980 3446 1981 3453 ’

1000 3509 1117 3548 dilla
1132 3539 1144 3560 ,s
1187 3520 1306 3549 avus
1327 3514 1575 3549 maternus
1599 3505 1773 3548 Arrius
1796 3505 1893 3546 An-

1001 3566 1211 3616 toninus,
1246 3563 1312 3606 bis
1331 3566 1514 3617 consul,
1542 3565 1680 3604 homo
1699 3566 1891 3602 sanctus
