2138 4030
167 255 218 289 A.
237 253 291 288 U.
310 250 396 287 823.

167 297 219 331 A.
240 296 287 332 C.
327 295 396 330 ⁴70.

628 236 1404 315 LIB.1.'CAP.37.38.

83 408 194 458 „ac
214 383 451 444 licentia
477 391 770 456 grassatus
801 391 947 437 esset
973 379 1046 440 T.
1064 379 1308 452 Vinius,
1352 383 1403 439 si
1427 383 1552 458 ipse
1578 387 1944 461 imperasset:

81 491 287 543 „nunc
312 480 371 527 et
391 467 689 526 subiectos
716 485 826 522 nos
849 461 1061 523 hahuit
1085 478 1368 544 tanquam
1397 485 1563 539 suo8,
1608 482 1662 527 et
1700 472 1848 530 viles
1877 485 1946 530 ut

80 557 377 628 „alienos
464 572 586 609 una
610 553 713 608 illa
740 552 951 607 domus
978 552 1191 609 sufficit
1213 554 1528 624 donatiVO,
1581 558 1741 631 quod
1777 559 1947 616 vobis

86 660 437 717 „nunquam
467 639 642 694 datur
666 647 722 712 et
748 636 1013 712 quotidie
1042 639 1445 711 exprobratur.
1460 637 1487 658 ”

87 789 93 793 ,
247 721 593 782 XXXVIII.
642 716 778 791 „Ac
802 741 877 777 ne
899 742 1014 798 qua
1038 724 1242 780 saltem
1262 723 1327 779 in
1360 744 1688 781 successore
1716 723 1944 783 Galbae

82 831 262 887 „spes
302 802 502 877 esset,
536 807 772 864 arcessit
809 807 883 862 ab
915 807 1116 864 exsilio
1149 828 1325 882 quem
1350 809 1590 866 tristitia
1617 820 1675 866 et
1699 812 1945 869 avaritia

80 897 219 967 „sni
273 893 643 951 simillimum
699 886 1016 951 iudicabat.
1139 890 1256 948 Vid
1266 893 1390 951 istis
1406 940 1421 964 ,
1492 895 1943 967 commilitoneS,

79 980 378 1052 „notabili
428 988 768 1053 tempestate
817 977 992 1055 etiam
1029 977 1170 1032 deos
1205 978 1523 1036 infaustam
1565 981 1960 1056 adoptionem.

79 1113 112 1137 ‚,
128 1068 514 1124 adversantes,
603 1063 764 1119 idem
791 1073 1055 1131 senatUS,
1099 1062 1256 1118 idem
1287 1064 1497 1140 populi
1523 1062 1787 1124 Romani
1815 1067 1946 1122 ani-

82 1170 263 1222 „mus
300 1160 403 1210 est.
490 1147 902 1204 vestravirtus
942 1158 1333 1221 exspectatur,
1377 1150 1535 1225 apud
1582 1170 1730 1227 quos
1768 1172 1944 1208 omne

77 1232 387 1306 „honestis
418 1233 679 1290 consiliis
703 1233 887 1288 robur
917 1243 973 1287 et
1001 1232 1126 1288 sine
1159 1234 1377 1310 quibus
1413 1236 1682 1312 quamvis
1715 1237 1941 1310 egregia

77 1321 383 1391 „invalida
408 1330 562 1378 sunt.
646 1316 784 1373 Non
811 1318 879 1372 ad
911 1317 1136 1373 bellum
1173 1338 1308 1389 VOS,
1351 1341 1461 1376 nec
1499 1322 1573 1376 ad
1607 1321 1938 1397 periculum

79 1451 114 1476 „
125 1426 301 1462 voco:
342 1404 610 1460 omnium
636 1402 895 1459 militum
923 1423 1085 1458 arma
1112 1404 1423 1462 nobiscum
1450 1417 1602 1464 sunt.
1692 1427 1802 1463 nec
1823 1427 1943 1464 una

76 1486 333 1561 „cohors
355 1499 546 1562 togata
571 1486 835 1544 defendit
861 1507 1022 1543 nunc
1040 1485 1325 1559 Galbam,
1370 1490 1470 1546 sed
1495 1490 1736 1551 detinet.
1804 1512 1938 1549 cum

76 1595 227 1646 „vos
252 1573 567 1650 aspexerit,
608 1593 742 1631 cum
766 1572 999 1646 signum
1022 1594 1220 1630 meum
1246 1575 1564 1650 acceperit,
1607 1570 1722 1633 hoc
1747 1577 1938 1634 solum
1983 1599 1985 1603 ·

1728 1660 1944 1720 Nullus

80 1662 241 1730 „erit
276 1670 602 1727 certamen,
660 1657 792 1735 quis
826 1653 978 1714 mihi
1010 1658 1337 1733 plurimum
1371 1661 1642 1737 imputet.

77 1866 235 1933 prima.
293 1863 405 1908 Mox
425 1862 600 1920 Lipsius
619 1878 703 1919 pro
723 1861 830 1916 Egit
846 1861 972 1904 dedit
1039 1862 1159 1907 δήν.
1183 1863 1320 1911 Pieli.
1355 1881 1456 1924 sqq.
1506 1889 1564 1900 —
1628 1865 1719 1911 aut
1753 1869 1942 1913 licentia
2003 1902 2009 1905 x

76 1923 170 1964 Elii
188 1921 434 1965 secundum
458 1920 624 1978 Xiphil.
641 1919 711 1968 63,
725 1921 791 1963 12.
827 1919 897 1972 64,
910 1918 967 1973 3.,

1040 1936 1063 1962 e
1100 1922 1138 1965 d.
1162 1921 1265 1964 Put.
1291 1938 1386 1981 sqq.
1411 1923 1467 1967 ad
1489 1923 1617 1969 Pieh.

77 1979 155 2022 ubi
179 1978 339 2036 legitur
350 1975 508 2027 ‘'Hktos·
532 1978 732 2020 libertus·
794 1975 852 2019 cf.
877 1977 966 2019 An.

1095 1998 1359 2045 grassatus.
1417 1992 1502 2036 Ed.
1519 1992 1638 2051 Spir.
1663 2004 1911 2041 crassatus.

1863 259 1968 339 59²

77 2037 146 2088 13,
174 2038 212 2078 1.
269 2034 420 2105 Lipsio
443 2034 653 2077 suadente
676 2033 869 2076 Pichena
896 2034 967 2075 de-

76 2093 184 2137 levit
206 2099 252 2134 et
271 2092 358 2134 alu·
376 2100 424 2134 ut
443 2099 596 2133 natum
621 2106 645 2133 e
668 2090 820 2149 priore
843 2106 966 2133 voce.

74 2148 275 2209 Ryckius
303 2157 457 2191 tamen
490 2148 534 2191 id
568 2148 841 2193 vocabulum
875 2163 968 2190 non

73 2209 241 2252 frustra
265 2205 418 2250 adesse
447 2213 634 2259 ratussst
657 2207 745 2248 alii
768 2205 969 2247 mutabat

71 2267 120 2309 in
141 2273 184 2307 et
199 2265 388 2315 Haloti,
419 2263 538 2321 quod
563 2262 702 2306 edidit
722 2261 967 2306 Broterius.

73 2323 190 2366 Nam
210 2321 380 2363 Haloti
399 2321 568 2368 mentio
591 2328 656 2364 est
677 2321 768 2364 An.
801 2319 869 2374 12,
897 2319 967 2361 66.

75 2380 196 2422 Suet.
228 2377 362 2422 Galb.
392 2395 434 2422 c.
458 2379 527 2421 15.
589 2377 679 2421 Iac.
703 2377 968 2420 Gronovius

74 2453 157 2495 pro
180 2445 223 2478 et
251 2437 377 2488 aegi,
407 2434 530 2492 quod
552 2442 615 2478 est
637 2434 683 2477 in
713 2435 811 2478 MS.
826 2434 968 2485 Flor.,

76 2493 342 2539 coniiciebat
394 2493 589 2547 Cethegi.
679 2492 969 2535 Recentiores

76 2551 270 2595 editores
366 2559 618 2609 sequuntur
708 2548 968 2608 Pichenani.

76 2609 224 2653 Nemo
256 2617 407 2651 tamen
428 2607 650 2665 prodidit,
680 2622 793 2665 quae
820 2607 876 2650 sit
898 2622 969 2648 au-

75 2665 258 2711 ctoritas
274 2666 320 2707 in
337 2666 476 2709 verbo
495 2672 803 2719 paraverunt,
830 2679 970 2722 quum

77 2722 291 2766 meliores
313 2721 416 2766 libri
438 2722 581 2764 ferant
599 2723 856 2775 perierunt.
916 2720 972 2763 Et

76 2780 190 2825 illud
221 2779 403 2837 quidem
438 2796 488 2823 ex
519 2778 788 2821 emendandi
821 2778 969 2821 studio

77 2853 171 2881 esse
193 2835 449 2895 profectum
469 2835 597 2878 facile
622 2836 701 2879 tibi
728 2835 971 2893 persuade-

77 2895 162 2940 bis.
250 2891 414 2936 Melius
457 2909 479 2935 e
523 2892 661 2936 verbo
706 2894 868 2949 rapuit
915 2893 968 2936 ad

77 2968 220 3006 quam
245 2955 370 3008 quod
399 2949 664 3007 intelligitur
694 2959 968 3004 rapuerunt.

76 3009 278 3052 Verbum
297 3010 541 3063 perierunt
561 3007 625 3050 nil
647 3016 880 3051 cunctatus
904 3023 970 3050 re—

75 3066 215 3110 stitui.
274 3065 592 3109 praecedentia
623 3072 670 3107 et
694 3067 773 3122 qui
793 3066 879 3107 alii
903 3063 969 3107 la-

75 3133 171 3168 tere
222 3123 270 3166 in
322 3130 534 3179 corrupta
583 3129 693 3166 vett.
747 3121 972 3166 librorum

68 3181 300 3239 scriptura
320 3178 389 3222 vix
409 3178 605 3222 dubitari
630 3187 791 3237 potest.
852 3179 968 3222 For·

36 3277 41 3286 ,
77 3247 189 3281 tasse
226 3245 380 3281 tamen
418 3235 526 3279 fuit:
579 3244 625 3279 et
668 3237 768 3280 Elii
803 3243 847 3278 et
890 3238 975 3291 qui

77 3296 176 3338 alii.
206 3322 264 3331 -
321 3293 601 3336 Perierunt.-
641 3310 747 3337 nam
778 3310 802 3337 a
828 3292 968 3337 Galba

75 3351 269 3395 Neronis
314 3350 500 3394 libertos
581 3351 728 3394 unitos
780 3350 969 3408 legimus

75 3407 183 3452 infr.
214 3424 256 3453 c.
277 3405 353 3452 49.
413 3407 527 3450 Sunt
580 3406 622 3451 ic
645 3408 854 3451 odiorum
880 3423 966 3450 no-

71 3465 222 3518 mina,
252 3466 307 3509 de
331 3462 493 3523 quibus
514 3463 623 3508 infr.
646 3465 689 3516 2,
712 3465 783 3508 95.
890 3494 893 3497 -

115 3534 188 3566 'ac
236 3522 440 3566 licentia.
532 3522 607 3565 Sic
654 3521 791 3566 MSS.
842 3520 967 3566 Flor.

76 3579 190 3634 (test.
202 3579 322 3626 vict.
350 3595 390 3624 c.
407 3577 550 3634 Pieli.)
567 3579 680 3623 Bud.
695 3578 847 3624 Guelf.
870 3579 966 3625 edd.

1099 2059 1155 2101 T.
1184 2060 1363 2103 Vinius.
1425 2062 1573 2111 Libri,
1610 2062 1828 2122 utsupra.

1099 2133 1274 2175 habuit.
1333 2132 1415 2176 Ed.
1439 2134 1558 2192 Spir.
1585 2134 1794 2180 haberet.

1099 2202 1318 2256 quotidie.
1386 2201 1462 2245 Sic
1496 2204 1599 2247 MS.
1637 2204 1791 2250 Guelf.
1838 2208 1938 2251 edd.

1043 2259 1073 2301 S
1107 2260 1160 2303 ir.
1189 2260 1292 2302 Ber.
1317 2257 1423 2303 Alc.
1446 2259 1588 2306 Rhen.
1609 2261 1716 2307 Ald.
1776 2259 1942 2309 cotidie

1099 2316 1143 2359 S.
1178 2315 1319 2359 Flor..
1351 2317 1467 2371 (test.
1502 2318 1636 2376 Vict.)
1680 2320 1781 2365 edd.
1816 2322 1937 2380 Lips.

1040 2382 1139 2433 sqq.
1175 2375 1553 2474 dqluottzkiz'etedd.
1579 2375 1682 2423 Put.
1742 2378 1939 2423 Hodier-

1041 2449 1123 2476 nae
1147 2448 1169 2474 e
1237 2464 1247 2474 .
1273 2448 1462 2477 varian'.

1100 2490 1214 2533 CAP.
1240 2489 1311 2532 38.
1373 2493 1581 2534 arcessit.
1644 2492 1720 2535 Sic
1742 2493 1842 2538 edd.
1866 2511 1939 2538 re·-

1042 2556 1178 2594 centt.
1210 2548 1314 2589 inde
1347 2547 1401 2590 ab
1425 2547 1601 2592 Ernest.
1660 2548 1717 2594 ef.
1752 2560 1852 2595 not.
1885 2554 1938 2598 ad

1043 2623 1083 2651 c.
1115 2606 1167 2648 14
1193 2612 1235 2646 et
1257 2603 1326 2648 31.
1384 2602 1504 2646 Vett.
1527 2603 1631 2647 libri
1656 2609 1869 2662 accersit.

1102 2664 1351 2705 iudicabat.
1412 2660 1497 2705 Ed.
1521 2661 1640 2719 Spir.
1661 2665 1909 2711 indicabat.

1099 2724 1420 2762 adversantes.
1482 2718 1559 2762 Sic
1588 2719 1724 2766 MSS.
1749 2730 1791 2765 et
1825 2732 1935 2770 vett.

1044 2777 1146 2820 edd.
1181 2785 1357 2834 praeter
1389 2775 1490 2819 MS.
1524 2778 1656 2835 Agr„
1709 2779 1828 2824 unde
1860 2781 1940 2824 Er-

1042 2843 1156 2877 nest.
1190 2851 1289 2892 sqq.
1327 2832 1508 2877 edidere
1539 2845 1840 2890 aversantes,
1896 2848 1940 2883 et

1043 2892 1109 2935 sic
1131 2892 1341 2934 suadente
1367 2889 1538 2933 Ursino
1565 2908 1588 2935 e
1610 2895 1745 2937 veteri
1781 2896 1936 2940 codice

1044 2952 1166 3008 prius
1211 2948 1408 2991 ediderat
1440 2947 1652 2993 Pichena.
1722 2951 1809 2995 Sed
1842 2953 1936 2999 vid.

1043 3015 1139 3049 not.
1174 3007 1226 3048 ad
1260 3007 1346 3048 An.
1383 3005 1422 3058 1,
1455 3006 1526 3050 28.
1584 3006 1748 3052 Euhie
1781 3009 1933 3055 saltem

1043 3063 1242 3105 notabili
1260 3069 1534 3118 tempestate
1555 3067 1806 3110 adversari
1822 3067 1936 3112 haud

1035 3121 1179 3163 dubie
1231 3120 1375 3178 aptius
1424 3119 1589 3164 dicitur
1627 3137 1763 3180 quarn
1810 3140 1860 3168 n.
1892 3120 1936 3170 't.

1042 3178 1271 3221 aversari.
1332 3177 1442 3220 Mox
1463 3194 1546 3236 pro
1571 3193 1714 3222 omne
1733 3181 1936 3240 ed.Spir.

1043 3235 1174 3278 habet
1203 3249 1381 3278 omnes.

1099 3293 1353 3335 nobiscum.
1435 3292 1539 3336 MS.
1582 3292 1735 3338 Guelf.
1781 3298 1934 3339 uobis-

1042 3364 1163 3394 cum.

1098 3421 1179 3449 nec
1225 3422 1321 3450 una
1365 3408 1528 3451 cohors
1574 3416 1657 3453 etc.
1726 3408 1938 3456 'Bi-evius

1044 3464 1213 3508 dietum
1248 3479 1358 3524 pro:
1399 3473 1444 3508 et
1474 3467 1638 3510 cohors
1670 3468 1781 3517 illa,
1823 3482 1939 3524 quae

1044 3537 1142 3565 una
1167 3529 1238 3564 est
1260 3530 1305 3565 et
1330 3530 1493 3578 togata
1509 3538 1603 3565 non
1623 3524 1832 3582 defendit
1850 3533 1936 3569 etc.

1044 3577 1264 3639 Ed.-Spir.
1291 3595 1413 3626 nunc
1433 3581 1654 3638 defendit.
1713 3581 1935 3629 MoxMS.

2027 1158 2138 1195 tl.
