2138 4030
1772 296 1824 331 A.
1838 295 1986 335 urm.

1772 340 1823 375 A.
1842 335 1907 386 ο.)
1926 340 1987 377 ⁷⁰.

224 294 344 360 128
790 288 1502 356 HISTO-RIARUM

215 425 598 504 Sapientibus
619 423 834 503 quietis
860 437 917 482 et
939 424 1026 480 rei
1048 424 1322 500 publicae
1343 446 1510 483 cura:
1532 479 1534 484 ,
1552 427 1884 490 levissimus
1907 433 2075 509 quis-

217 533 332 590 que
349 522 414 569 et
430 511 618 569 futuri
640 510 1009 586 improvidus
1033 528 1133 584 spe
1161 530 1312 567 vana
1335 521 1594 569 tumens:
1638 515 1814 572 multi
1833 517 2071 584 adflicta
2133 531 2138 538 ⁴

215 598 333 656 fide
355 598 422 654 in
443 616 585 673 pace
620 616 687 654 ac
726 595 979 653 turbatis
1014 595 1192 651 rebus
1219 595 1442 676 alacres
1479 607 1536 655 et
1573 618 1679 674 per
1712 599 1936 662 incerta
1972 607 2083 661 tu-'

212 680 445 744 tissimi.
1856 742 1870 752 .
1922 743 1942 751 ,,

393 789 730 853 LXXXIX.
825 788 943 848 Sed
1008 791 1222 864 vulgus
1289 803 1348 849 et
1411 795 1821 868 magnitudine
1882 797 2070 858 nimia

214 879 622 940 communium
658 884 935 933 curarum
943 886 1181 951 ”expers
1223 878 1480 953 populus
1500 912 1502 914 ·
1524 879 1740 938 sentire
1781 884 2068 959 paulatim

210 967 358 1025 belli
378 949 533 1022 mala
559 980 841 1020 conversa
865 961 932 1017 in
956 961 1218 1018 militum
1249 981 1424 1019 usum
1456 965 1623 1021 omni
1655 967 1931 1041 pecunia,
1973 969 2069 1026 in-

211 1052 389 1112 tentis
435 1047 854 1107 alimentorum
899 1046 1129 1122 pretiis:
1199 1067 1363 1124 quae·
1394 1060 1561 1107 motu
1598 1049 1872 1110 Vindicis
1906 1050 2068 1112 haud

211 1136 459 1215 perinde
493 1133 730 1209 plebem
768 1131 1114 1189 attriverant
1151 1150 1353 1190 secura
1386 1144 1516 1190 tum
1552 1136 1700 1194 urbe
1737 1149 1793 1196 et
1821 1144 2068 1214 provin-

212 1222 350 1281 ciali
386 1220 575 1289 hello,
617 1217 779 1294 quod
815 1217 972 1275 inter
1007 1217 1267 1290 legiones
1299 1215 1642 1297 Galliasque
1680 1223 1844 1280 velut
1878 1235 2067 1288 exter-

210 1327 360 1365 num
394 1305 528 1364 fuit.
630 1301 783 1366 Nam
822 1321 890 1358 ex
927 1323 1044 1379 quo
1079 1303 1251 1360 divus
1283 1302 1587 1378 Augustus
1621 1326 1715 1363 res
1748 1304 2066 1366 Caesarum

209 1391 570 1468 composuit,
609 1387 818 1466 procul
854 1398 911 1444 et
944 1389 1010 1444 in
1043 1389 1222 1445 unius
1258 1389 1722 1448 sollicitudinem
1754 1404 1856 1452 aut
1892 1392 2067 1452 decus

207 1468 485 1555 populus¹
514 1474 827 1535 Romanus
882 1474 1221 1535 bellaverat.
1333 1475 1443 1532 sub
1497 1473 1743 1535 Tiberio
1808 1489 1866 1536 et
1917 1478 2065 1538 Caio

205 1573 440 1623 tantum
480 1561 639 1638 pacis
681 1559 925 1617 adversa
968 1560 1055 1617 rei
1105 1558 1377 1634 publicae
1425 1561 1781 1636 pertinuere.
1818 1584 1823 1593 “
1903 1563 2066 1623 Scri—

1170 1812 1441 1870 angebatur:
1503 1814 1696 1872 populus
1737 1824 1885 1859 autem
1927 1815 2062 1860 nimis

265 1815 433 1875 quietis
453 1821 499 1858 et
515 1814 591 1857 rei
603 1814 817 1869 publicae
837 1826 968 1856 cura.
1023 1811 1101 1857 Sic

207 1873 311 1920 MS.
337 1873 451 1918 Bud.
476 1871 580 1918 edd.
600 1871 725 1932 Spir.*
741 1870 886 1915 Rhen.
909 1886 1099 1971 sqqiar—l:

207 1933 369 1990 quietis
405 1948 438 1974 a
471 1931 546 1974 rei
575 1946 641 1985 p.·
659 1943 772 1972 cura
805 1927 940 1972 MSS.

205 1989 342 2036 Bodl.
376 1990 461 2034 les.
496 1986 649 2031 Guelf.
684 1986 789 2030 edd.
817 1986 924 2030 Put.
954 1987 1021 2031 M.
1057 1995 1098 2028 et

206 2045 266 2093 V.
286 2046 497 2115 Beroald.
519 2045 618 2090 Ale.

264 2149 409 2193 multi
439 2145 633 2204 adflicta
659 2147 763 2203 fide
805 2145 853 2186 in
891 2160 1005 2196 pace
1045 2160 1100 2187 ac

207 2207 410 2253 turbatis
442 2206 579 2249 rebus
604 2206 802 2246 alacres.
864 2202 939 2245 Sic
961 2201 1099 2244 MSS.

165 2295 168 2305 ·
203 2265 328 2311 Harl.
348 2264 480 2308 Bodl.
510 2259 762 2306 Ies.Guelf.
787 2259 887 2303 edd.
911 2259 1015 2305 Put.
1034 2259 1101 2301 M.

205 2323 318 2369 etV.
341 2322 447 2367 Ber.
468 2319 574 2366 Alc.
599 2328 643 2363 et
665 2317 825 2363 deinde
841 2317 984 2376 Ryck.
1009 2318 1099 2362 Iac.

206 2381 418 2428 Gronov.
454 2393 555 2438 sqq.
588 2404 647 2414 --
710 2377 871 2418 multis
906 2375 1099 2432 adflicta

190 2441 324 2494 fides
347 2455 402 2482 ac
422 2446 511 2482 etc.
537 2435 673 2479 MSS.
693 2433 801 2489 Reg.
823 2431 963 2478 Corb.
987 2433 1097 2492 Agr.

203 2496 323 2543 Bud.
362 2495 465 2540 edd.
506 2492 627 2552 Spir.
666 2491 870 2534 Rhenan.
903 2506 1000 2549 sqq.
1040 2491 1095 2534 ad

203 2554 447 2616 Ryclcium.
478 2579 539 2588 —
593 2550 778 2593 Dureau
815 2548 870 2590 de
900 2548 1095 2593 Lamalle

202 2605 1095 2727 Essffifssgssssfflsszflsslssssflzmess⁶353}..⁰33³

202 2729 308 2773 Non
330 2735 477 2771 tamen
502 2724 631 2767 video
656 2724 751 2766 eius
772 2721 838 2764 rei
864 2722 1094 2764 necessita-

203 2794 316 2829 tem:
381 2782 573 2839 adflicta
610 2782 713 2839 fide
764 2788 831 2822 est
874 2777 1093 2822 ablativus

202 2841 451 2902 qualitatis3
480 2840 619 2898 igitur
643 2839 768 2881 eran't
801 2835 976 2880 adflicta
1007 2835 1094 2878 fide

204 2901 252 2945 in
286 2914 393 2958 pace
429 2915 482 2942 ae
514 2896 703 2941 turbatis
744 2895 876 2938 rebus
909 2892 1092 2936 alacres.

203 2957 359 3002 Potest
382 2956 513 2999 etiam
540 2951 721 2999 defendi
743 2952 878 2995 altera
905 2951 1092 3007 scriptu-

201 3031 278 3064 ra,
343 3022 394 3057 ut
434 3013 654 3071 intelligas
699 3011 857 3052 multis
902 3008 1094 3064 adflicta

188 3073 317 3132 ‚fides
337 3072 386 3113 in
405 3084 523 3125 pace
546 3087 610 3114 sc.
634 3078 727 3112 erat
748 3084 802 3110 uc
823 3067 1091 3124 (propterea)

206 3131 331 3175 turb.
366 3141 406 3172 r.
434 3131 615 3170 alacres
643 3128 837 3183 (erant).
914 3123 1092 3166 Adhae-

204 3195 274 3232 ret
315 3194 464 3229 tamen
504 3184 648 3228 scabri
681 3181 866 3241 aliquid.
958 3179 1090 3224 Cete-

203 3261 308 3290 rum
342 3243 413 3286 ed.
448 3242 568 3300 Spir.
610 3243 683 3285 dat
715 3258 770 3284 ac
809 3240 853 3284 si
890 3237 1093 3280 turbatis·

204 3311 293 3348 etc.

264 3401 378 3446 ΟΜ).
401 3401 471 3445 89.
527 3397 848 3442 communium
868 3408 1092 3438 curarum

205 3472 388 3516 expers.
448 3454 760 3501 Strombeclm
792 3460 878 3497 der
899 3456 1094 3497 Staats-

202 3520 494 3570 verwaltung
528 3513 873 3567 untheilhafeig.
948 3512 1093 3553 Immo

202 3591 344 3621 curae
383 3571 719 3630 intelliguntur,
771 3572 933 3628 quibus
967 3576 1093 3609 uter-

205 3650 293 3691 que
327 3633 464 3682 ordo,
507 3628 753 3673 senatorius
794 3636 836 3670 et
877 3633 1093 3682 equester,

1169 1884 1331 1936 magua
1358 1879 1450 1915 erat
1473 1887 1680 1924 numere,
1710 1888 1847 1931 quam
1865 1880 1916 1919 nt
1938 1873 2060 1920 com-

1170 1943 1377 1970 mumum
1400 1944 1613 1973 curarum
1635 1931 1858 1989 particeps
1880 1939 2008 1976 esset.

1221 2025 1437 2079 perinde.
1494 2025 1576 2070 Ed.
1603 2026 1723 2086 Spir.
1753 2030 1906 2084 ,piade
1934 2029 1982 2074 h.
2019 2045 2060 2074 e.

1167 2084 1378 2135 proinde.

1229 2173 1275 2207 et
1301 2167 1583 2221 provinciali
1607 2170 1738 2213 bello,
1812 2160 1892 2237 Sic
1923 2169 2061 2216 MSS.

1169 2218 1282 2338 ἓξ·
1301 2223 1445 2323 3⁰¹⁴:
1468 2223 1894 2337 3252.‘2‘3-22.·⁸.22¹2;,
1914 2227 2061 2332 ῗὲἓεῑ

1170 2334 1333 2440 gig-eg]
1337 2338 1461 2440 1{KgArl
1465 2338 1561 2442 cI·es.
1590 2340 1691 2386 edd.
1713 2340 1818 2388 Put.
1841 2342 1914 2389 M.
1937 2353 1982 2389 et
2001 2335 2059 2388 V.

1227 2505 1492 2541 externum.
1540 2498 1625 2542 Ed.
1637 2498 1756 2558 Spir.
1772 2509 2058 2545 extremum.

1166 2552 1334 2622 Eadem
1381 2572 1484 2598 mox
1528 2563 1573 2599 et
1611 2559 1750 2600 unius
1789 2574 1873 2616 pro
1923 2567 1970 2603 et
2009 2561 2059 2602 in

1168 2627 1320 2656 umus.

1225 2703 1411 2740 tantum
1427 2697 1562 2750 pacis
1584 2702 1789 2743 adversa
1810 2701 1887 2744 rei
1898 2703 2056 2758 publi-

1166 2770 1248 2798 cae
1300 2756 1589 2808 pertinuere.
1676 2757 1798 2801 Libri
1852 2759 2056 2804 eximiam

1165 2811 1412 2869 scripturae
1437 2813 1697 2859 varietatem
1722 2815 1891 2860 ferunt.
1953 2817 2054 2862 MS.

1166 2870 1288 2913 Flor.
1303 2869 1449 2927 (alter)
1468 2884 1508 2913 r.
1520 2887 1567 2925 p.
1580 2874 1862 2925 pertinuere.
1919 2874 2054 2918 MSS.

1166 2927 1305 2972 Corb.
1322 2927 1402 2971 les.
1422 2930 1613 2983 reipubl.
1630 2932 1910 2985 pertinuere.
1952 2932 2055 2975 MS.

1165 2985 1274 3043 Reg.
1289 2988 1514 3028 adversus
1531 2989 1760 3042 rempubl.
1773 2990 2054 3044 pertinuere.

1163 3043 1247 3086 Ed.
1280 3042 1400 3102 Spir.
1427 3045 1584 3098 repub.
1608 3047 1890 3099 pertinuere.
1949 3046 2052 3090 MS.

1164 3101 1276 3157 Agr.
1329 3104 1377 3144 in
1428 3116 1481 3143 re
1524 3103 1708 3155 publica
1748 3104 2051 3157 pertimuere.

1164 3159 1265 3202 MS.
1285 3158 1399 3201 Bud.
1424 3173 1465 3202 r.
1484 3175 1533 3214 p.
1556 3162 1860 3213 partimuere.
1919 3159 2052 3204 MSS.

1163 3216 1288 3259 Harl.
1320 3216 1452 3259 Bodl.
1490 3215 1643 3259 Guelf.
1676 3217 1777 3259 edd.
1811 3218 1915 3261 Put.
1946 3218 2051 3261 Ber.

1164 3275 1267 3318 Alc.
1301 3274 1505 3317 Rhenan.
1537 3273 1643 3317 Ald.
1678 3277 1870 3330 reipubl.
1902 3273 2049 3329 perti-

1164 3347 1342 3374 muere.
1403 3331 1578 3389 Lipsius
1600 3347 1697 3389 sqq.
1733 3331 1923 3374 omisere
1955 3349 2048 3375 am-

1163 3389 1343 3447 biguam
1369 3405 1531 3435 vocem
1554 3397 1656 3447 post
1679 3391 1898 3431 adversa*
1913 3398 1956 3432 et
1990 3389 2051 3432 le·

1195 3454 1275 3488 unt
1303 3447 1604 3502 pertimuere.
1682 3444 1928 3490 Oberlinus
1968 3447 2047 3490 de·

1164 3463 1253 3548 git:
1303 3507 1353 3547 in
1396 3504 1725 3558 rempublicam
1763 3499 2047 3559 pertinuere.

1163 3561 1392 3605 Bekkerus
1424 3562 1554 3604 rediit
1586 3560 1641 3603 ad
1670 3560 1905 3605 Puteolani
1936 3564 2046 3606 scri·
2135 3581 2138 3595 ι

1161 3630 1352 3678 pturam,
1381 3635 1492 3676 quae
1529 3617 1633 3661 licet
1653 3618 1929 3677 probabilem
1952 3635 2045 3662 sen·
