2138 4030
3 1711 7 1716 -
83 1671 348 1727 Taurina
384 1666 665 1741 Lugduni
699 1667 1095 1724 tendentibus.

169 225 222 304 fij
241 225 294 308 ἓ·
313 222 397 303 8ξᾶ
612 222 788 283 LIB.
828 222 872 284 Ι.
946 218 1140 284 CAP.
1171 220 1270 282 58.
1299 221 1401 283 59.
1854 227 1935 284 87

85 359 331 419 Interim
365 366 433 413 ut
461 352 762 430 piaculum
789 352 1067 409 obiicitur
1096 352 1366 408 centurio
1381 349 1708 425 Crispinus,
1798 375 1933 412 san-

85 446 260 520 guine
285 438 591 516 Capitonis
629 457 689 493 se
723 448 1151 505 cruentaverat,
1191 456 1376 513 eoque
1412 447 1469 493 et
1497 440 1932 511 postulantibus

82 524 455 587 manifestior¹¹
471 535 528 580 et
550 522 823 598 punienti
845 522 1024 578 vilior
1047 522 1179 581 fuit.

250 647 411 709 LIX.
495 644 683 703 Iulius
752 645 966 702 deinde
1020 644 1230 703 Civilis
1283 646 1546 720 periculo
1616 659 1934 721 exemptuS,

83 746 428 815 praepotens
461 732 618 789 inter
648 729 929 800 BatavoS‚
993 751 1068 786 ne
1105 731 1393 805 supplicio
1432 731 1554 786 eius
1588 732 1752 786 ferox
1793 751 1933 804 gens

84 823 453 880 alienaretur.
554 828 611 872 et
646 827 810 872 erant
849 816 909 870 in
947 816 1178 873 civitate
1214 815 1556 888 Lingonum
1593 826 1722 871 octo
1757 813 1934 872 Bata-

82 899 628 982 vorum-cohorte&
672 903 1191 977 quartaedecumae
1231 900 1480 973 legionis
1514 901 1763 969 auxilia,
1806 912 1934 957 tum

84 990 375 1050 discordia
401 1000 732 1062 temporum
757 1006 790 1041 a
814 987 1045 1059 legione
1071 986 1392 1058 digressae,
1438 997 1616 1060 prout
1652 985 1935 1041 inclinas-

83 1087 239 1146 sent,
281 1074 500 1148 grande
528 1081 896 1127 momentum
919 1070 1107 1127 sociae
1144 1082 1244 1126 aut
1276 1071 1568 1129 adversae.
1653 1069 1935 1140 Nonium,

82 1160 432 1227 Donatium,
500 1155 868 1224 Romilium,
934 1153 1325 1230 Calpurnium
1385 1156 1788 1225 centurioneS,
1861 1156 1933 1211 de

85 1247 298 1325 quibus
349 1263 525 1318 supra
571 1241 932 1309 rettulimuS,
997 1241 1188 1296 occidi
1232 1241 1401 1297 iussit
1449 1242 1758 1298 damnatos
1796 1240 1933 1296 fidei

86 1331 358 1398 crimine,
402 1326 744 1401 gravissimo
781 1326 937 1383 inter
971 1325 1367 1384 desciscentes,
1452 1322 1761 1382 Accessere
1795 1345 1935 1400 par-

81 1418 239 1474 tibus
281 1412 556 1470 Valerius
604 1407 896 1468 Asiaticus
961 1407 1231 1483 Belgicae
1292 1411 1631 1486 provinciae
1694 1412 1934 1484 legatuS,

83 1520 261 1579 quem
282 1519 423 1555 mox
446 1495 718 1553 Vitellius
753 1515 1033 1570 generum
1062 1496 1337 1565 adscivit,
1377 1507 1433 1551 et
1458 1493 1664 1552 Iunius
1689 1493 1933 1552 Blaesus

80 1582 492 1659 Lugdunensis
526 1580 755 1638 Galliae
802 1592 992 1637 rector
1041 1602 1176 1637 cum
1218 1579 1419 1637 Italica
1467 1581 1697 1653 legione
1742 1592 1798 1636 et
1844 1581 1935 1637 ala

1193 1685 1300 1721 nec
1349 1666 1412 1720 in
1446 1664 1704 1724 Raeticis
1752 1665 1935 1739 copiis

83 1777 277 1825 mora,
320 1776 436 1830 quo
469 1753 668 1808 minus
702 1752 908 1808 statim'
935 1751 1412 1824 adiungerentur.
1501 1771 1574 1806 ne
1605 1751 1670 1806 in
1694 1749 1935 1807 Britan-

84 1842 183 1898 nia
209 1840 449 1918 quidem
477 1836 828 1894 dubitatum.
1240 1895 1249 1920 ⁴

1101 2098 1379 2141 Romilium.
1471 2098 1529 2142 cf.
1564 2105 1660 2141 not.
1691 2097 1744 2139 ad
1784 2113 1825 2141 c.
1860 2098 1931 2140 56.

1042 2153 1127 2197 Hic
1150 2156 1427 2198 Romulium
1454 2156 1555 2199 edd.
1581 2155 1701 2211 Spir.
1728 2154 1934 2198 Beroald.

1045 2215 1170 2263 (cum
1197 2214 1264 2255 sil.
1289 2213 1424 2268 Viet.)
1451 2213 1553 2257 Alc.
1578 2238 1630 2247 -
1678 2213 1934 2261 Romulum

1042 2270 1146 2312 MS.
1163 2269 1316 2313 Guelf.
1344 2271 1447 2313 edd.
1468 2270 1572 2314 Put.
1592 2293 1649 2302 ·-
1684 2270 1934 2312 Romilium

1042 2326 1144 2369 MS.
1167 2327 1281 2371 Bud.
1307 2328 1407 2371 edd.
1430 2327 1573 2371 Rhen.
1599 2344 1696 2385 sqq.

1103 2397 1423 2452 Calpurnium.
1512 2398 1661 2446 Libri,
1711 2404 1760 2438 ut
1799 2411 1933 2454 supra

1043 2470 1081 2497 c·
1100 2455 1332 2567 Zitgzzae.
1390 2513 1474 2556 Ed.
1499 2514 1619 2571 Spir.
1642 2512 1888 2564 Belginae.

1102 2582 1313 2626 adscivit.
1399 2583 1477 2626 Sic
1513 2584 1617 2626 MS».
1659 2579 1812 2623 Guelf.
1860 2579 1931 2623 ed.

1046 2641 1164 2698 Spir.
1192 2667 1249 2677 -—
1295 2642 1452 2682 ascivit
1476 2641 1574 2683 edd.
1595 2640 1701 2682 Put.
1726 2637 1933 2680 Beroald.

1045 2714 1141 2755 sqq.
1215 2697 1446 2741 Victorius
1480 2697 1671 2739 litteram
1706 2711 1728 2737 c
1762 2705 1933 2752 puncto

1044 2755 1298 2813 subscripto
1321 2755 1510 2804 notavit,
1536 2762 1748 2811 tanquam
1773 2752 1820 2795 in
1833 2752 1936 2797 MS.

1046 2812 1170 2855 Flor.
1193 2829 1288 2855 non
1313 2821 1558 2869 appareret.

138 2101 361 2156 sanguine
375 2098 422 2141 C.
441 2112 489 2140 se
501 2102 846 2140 cruentaverat.
895 2095 972 2139 Sic

85 2160 303 2205 edidimus
326 2173 375 2199 ex
397 2155 707 2214 emendatione
729 2154 761 2196 l.
781 2151 969 2196 Grono-

84 2218 173 2266 vii,
208 2232 322 2275 quae
356 2213 513 2258 nititur
539 2210 801 2255 auctoritate
834 2210 969 2254 MSS.

19 2323 22 2326 ⁴
84 2275 210 2320 Flor.
257 2273 367 2330 Reg.
402 2268 543 2316 Corb.
573 2269 683 2326 Agr.
722 2268 790 2311 ed.
825 2267 972 2325 Spir..,

81 2333 160 2393 qui
176 2329 280 2374 libri
302 2329 454 2372 ferunt
480 2326 713 2380 sanguine
737 2325 973 2380 Capitonis

85 2394 437 2435 cruentaverat,
470 2383 636 2427 omisso
665 2398 735 2433 se,
767 2383 888 2440 quod
911 2382 973 2426 fa·

87 2445 255 2491 cillime
283 2444 429 2503 potuit
459 2440 686 2484 absorberi
705 2440 821 2482 inter
842 2455 972 2482 voca-

85 2503 188 2547 bula
203 2501 440 2557 Capitonis
461 2507 502 2542 et
525 2504 864 2541 cruentaverat.
909 2496 972 2538 Ex

86 2577 136 2604 ea
165 2559 407 2603 omissione
441 2557 542 2600 dein
576 2565 726 2598 exorta
758 2562 823 2597 est
854 2554 985 2596 scri-¹

88 2625 238 2676 ptura:
271 2618 350 2673 qui
364 2629 411 2658 se
433 2615 659 2668 sanguine
683 2612 730 2655 C.
753 2620 972 2654 cruenta-

87 2681 245 2726 verat,
309 2688 443 2730 quam
496 2671 756 2729 praeferunt
808 2668 971 2727 vulgus

87 2730 359 2776 MSStorum
380 2737 423 2772 et
443 2728 542 2771 edd.
562 2727 666 2770 Put.
686 2742 785 2784 sqq.

143 2799 584 2869 apostatantibus.
674 2811 776 2855 MS.
819 2811 972 2855 Guelf.

88 2880 138 2917 ui
157 2871 517 2927 postulantibus.

147 2972 345 3017 CAP.59.
398 2969 713 3012 Batavorum.
761 2969 841 3012 Ed.
858 2970 976 3027 Spir.

91 3035 413 3075 bactauorumt
456 3035 557 3069 ante
587 3035 735 3069 tamen
759 3029 972 3070 hacanos.

146 3113 295 3156 sociae
316 3119 397 3153 aut
419 3114 661 3152 adversae.
718 3109 821 3152 MS.
836 3109 975 3154 Corb.

92 3184 309 3220 aversae,
338 3167 507 3225 vulgari
527 3165 810 3211 confusione.

148 3253 376 3299 Nonium,
407 3250 684 3295 Donatium.
743 3251 818 3296 Sic
838 3251 973 3295 MSS.

4 3300 24 3308 ”
52 3293 54 3295 ’
94 3310 218 3354 fior.
250 3311 365 3363 (test.
387 3307 526 3364 Viet.)
552 3307 667 3350 Bud.
702 3309 801 3352 edd.
833 3309 976 3352 Rhea.

95 3383 194 3426 sqq.
234 3391 288 3402 —
346 3366 546 3408 Nonium
593 3368 823 3409 donatum
873 3365 974 3409 MS.

95 3424 248 3471 Guelf.
279 3422 379 3467 edd.
400 3423 503 3466 Put.
527 3422 594 3464 M.
620 3431 662 3465 et
688 3422 746 3465 V.
770 3422 974 3466 Beroald.

96 3481 192 3525 Alc.
231 3505 283 3515 —
343 3479 543 3526 Nouium
586 3481 862 3525 donatiuum
905 3479 976 3529 ed.

98 3538 215 3596 spir.

1104 2885 1186 2923 ala
1198 2883 1427 2924 Taurino.
1489 2882 1565 2924 Sic
1578 2882 1678 2926 MS.
1692 2881 1810 2924 Bud.
1835 2880 1934 2923 edd.

1046 2937 1192 2982 Rheu.
1219 2955 1314 2996 sqq.
1361 2947 1405 2980 et
1436 2938 1501 2982 sic
1531 2938 1638 2982 infr.
1667 2956 1709 2982 c.
1730 2939 1802 2981 64.
1831 2947 1872 2980 et
1892 2939 1935 2989 2,

1045 2997 1116 3039 66.
1147 3024 1204 3033 --
1262 2999 1345 3037 ala
1368 2995 1613 3038 Tauriana
1644 2997 1777 3039 codd.
1798 2994 1934 3038 MSS.

1049 3053 1199 3097 Guelf.
1222 3053 1405 3109 aliique,
1436 3052 1536 3096 edd.
1558 3052 1679 3110 Spir.
1703 3052 1804 3096 Put.
1829 3053 1934 3095 Ber.

1048 3115 1176 3167 (cum
1199 3109 1346 3152 silent.
1370 3109 1506 3166 Vict.)
1531 3110 1631 3154 Ale.
1767 3147 1771 3150 .

1103 3181 1336 3233 Lugduni.
1393 3181 1470 3224 Sic
1490 3181 1626 3224 MSS.
1657 3179 1781 3229 Flor.
1817 3180 1931 3234 (test-

1045 3239 1181 3293 Vict.)
1204 3237 1355 3280 Guelf.
1380 3238 1420 3292 (a
1438 3254 1525 3281 sec.
1540 3239 1694 3294 manu)
1717 3236 1931 3280 edd.Pnt.

1045 3296 1191 3338 Rhcn.
1217 3310 1311 3351 sqq.
1332 3323 1390 3330 -
1424 3297 1697 3348 lugdunium
1721 3294 1789 3336 ed.
1809 3292 1930 3351 Spir.

1048 3381 1105 3389 ..-
1136 3351 1415 3404 Lugdunum
1449 3352 1553 3395 MS.
1583 3351 1736 3395 Guelf.
1774 3354 1820 3407 (a
1859 3365 1926 3408 pr.

1048 3411 1212 3464 manu)
1244 3408 1344 3452 edd.
1365 3409 1572 3453 Beroald.
1600 3408 1704 3453 Alc.

1108 3478 1328 3522 Raeticis.
1389 3476 1449 3523 cf.
1482 3487 1574 3522 not.
1607 3477 1660 3522 ad
1688 3477 1779 3521 An.
1803 3475 1928 3527 1,44.

1050 3535 1135 3582 llic
1156 3533 1226 3580 ed.
1244 3535 1363 3596 Spir.
1389 3534 1554 3580 retias.
1574 3558 1626 3572 -
1669 3532 1932 3577 MS.Gue1{.
