2138 4030
0 3432 19 3456 Ὦ

690 269 945 331 LIB.÷1.
1025 232 1220 331 cap,
1251 268 1398 333 ao.
1899 279 1975 336 19

112 406 401 468 veniebat.
492 402 807 462 Fonteium
819 399 1169 476 Capitonem
1195 400 1453 457 occisum
1480 404 1654 459 etiam
1677 407 1780 482 qui
1804 410 1972 487 queri

111 503 238 550 non
279 500 582 568 poterant,
636 499 834 545 tamen
880 485 1364 558 indignabantur.
1467 487 1586 543 dux
1626 490 1825 549 deerat
1854 488 1970 551 vah-

110 579 287 636 ducto
323 573 608 649 Verginio
643 592 749 648 per
784 570 1224 626 simulationem
1257 571 1575 628 amicitiae:
1633 595 1807 649 quem
1844 599 1969 635 non

109 661 327 719 remitti
353 671 528 736 atque
555 657 734 716 etiam
760 675 930 713 reum
953 675 1074 712 esse
1102 667 1384 732 tanquam
1415 676 1587 714 suum
1616 659 1838 717 crimen
1872 685 1970 721 ac-

202 272 256 353 2:
270 271 330 353 ¹1.
348 239 458 348 ⁸33!

50 750 53 752 ’
110 746 423 823 cipiebant.

279 868 388 930 IX.
439 867 725 943 Superior
757 865 1330 937 exercitus‘legatum
1353 861 1770 923 Hordeonium
1799 867 1967 927 Flac-

108 976 243 1014 cum
281 954 594 1031 spernebat
638 963 865 1008 senecta
905 971 972 1008 ac
1018 950 1318 1006 debilitate
1355 952 1572 1025 pedum
1618 951 1969 1028 invalidum,

109 1043 234 1098 sine
260 1038 619 1107 constantia,
663 1037 793 1093 sine
817 1034 1188 1093 auctoritate:
1229 1055 1305 1090 ne
1343 1036 1543 1110 quieto
1583 1037 1823 1112 quidem
1851 1042 1968 1096 mi·-

107 1128 211 1184 lite
245 1125 539 1200 regimen,
595 1123 741 1179 adeo
777 1123 1039 1178 furentes
1074 1120 1414 1176 infirmitate
1455 1121 1765 1178 retinentis
1807 1126 1964 1183 ultro

107 1211 595 1269 accendebantur.
701 1203 1006 1262 Inferioris
1050 1202 1405 1261 Germaniae
1437 1206 1699 1284 legiones
1743 1209 1967 1268 diutius

109 1298 235 1353 sine
274 1293 571 1352 consulari
606 1292 803 1359 fuere,
857 1291 1045 1347 donec
1089 1290 1274 1346 missu
1318 1288 1544 1346 Galbae
1579 1287 1653 1351 A.
1688 1291 1967 1352 Vitellius

106 1382 306 1438 aderat
328 1377 585 1435 censoris
610 1371 849 1432 Vitellii
874 1396 941 1432 ac
965 1386 1058 1432 ter
1082 1375 1340 1432 consulis
1375 1376 1558 1432 filius:
1600 1377 1664 1431 id
1699 1380 1836 1435 satis
1873 1382 1967 1438 vi-

107 1466 372 1523 debatur.
483 1459 558 1518 In
600 1458 948 1518 Britannico
992 1460 1250 1517 exercitu
1294 1456 1452 1515 nihil
1498 1462 1740 1522 irarum.
1839 1487 1965 1522 non

107 1570 244 1607 sane
274 1549 424 1605 aliae
456 1547 716 1620 legiones
753 1566 861 1622 per
896 1565 1102 1602 omnes
1140 1545 1407 1601 civilium
1442 1546 1734 1602 bellorum
1770 1563 1966 1608 motus

106 1634 481 1692 innocentius
506 1641 779 1707 egerunt,
829 1650 931 1688 seu
959 1631 1095 1709 quia
1127 1631 1338 1705 procul
1374 1642 1430 1689 et
1459 1627 1702 1688 Oceano
1740 1634 1963 1693 divisae·

1126 1881 1183 1924 A.
1208 1880 1440 1922 Vitellius.
1508 1880 1584 1924 Sic
1612 1880 1714 1924 MS.
1749 1882 1872 1927 Flor.
1910 1886 1960 1940 (t.

1070 1935 1190 1980 Viet.
1234 1953 1339 1979 curn
1384 1938 1472 1980 lae.
1505 1937 1752 1992 Gronov.)
1797 1940 1963 1999 aliique

1069 1994 1205 2038 codd.
1241 1994 1379 2036 MSS.
1414 1997 1531 2048 (test.
1565 1995 1813 2055 Broterio)‚
1857 2000 1960 2043 edd.

1068 2051 1187 2108 Spir.
1225 2051 1313 2094 Iac.
1347 2050 1554 2095 Gronov.
1586 2068 1684 2111 sqq.
1720 2083 1779 2090 ——
1844 2055 1960 2100 Edd.

1067 2107 1173 2150 Put.
1197 2125 1297 2167 sqq.
1328 2110 1381 2150 ad
1408 2110 1490 2151 [ac.
1508 2108 1717 2156 Gronov.
1740 2128 1844 2155 eum
1858 2114 1959 2158 MS.

163 1887 307 1928 etiam
341 1885 434 1939 qui.
515 1884 725 1927 Muretus
758 1891 800 1926 et
834 1881 995 1927 Acida-

107 1941 190 1985 lius
233 1941 457 1984 malebant
508 1942 710 1983 etiamsi.
795 1940 997 1985 Frustra.

104 1999 220 2042 Nam
242 1999 327 2055 qui
354 1997 596 2054 elegantius
629 1997 818 2040 eandem
847 1996 998 2039 fundit

103 2055 386 2100 sententiam.
479 2053 540 2098 cf.
590 2053 859 2098 Ramshorn.
907 2052 993 2096 Gr.

103 2114 132 2170 §
155 2113 253 2156 194.
286 2127 331 2170 p.
353 2111 440 2154 612
457 2126 558 2170 sqq.
634 2143 639 2147 -

223 2195 335 2239 CAP.
367 2195 412 2238 9.
491 2209 555 2237 ne
591 2196 744 2252 quieto
789 2195 994 2251 quidem.

103 2255 206 2298 MS.
228 2251 380 2296 Guelf.
415 2265 497 2294 nec
526 2254 678 2309 quieto
716 2255 916 2308 quidem.
943 2276 994 2287 -

103 2313 215 2356 Mox
246 2310 428 2364 regenti
462 2325 546 2367 pro
581 2313 812 2364 regimen,
863 2326 997 2355 acce-

103 2373 338 2412 debentur
365 2382 449 2426 pro
471 2369 859 2411 accendebantur.

161 2441 280 2483 adeo
288 2437 522 2494 furentes.
581 2438 714 2480 Adeo
737 2437 782 2481 h.
807 2454 845 2481 e.
869 2437 991 2481 mul-

102 2505 151 2541 10
174 2495 329 2553 magis.
392 2491 453 2537 cf.
470 2493 579 2537 infr.
600 2493 726 2546 3‚64.
749 2495 992 2538 Vitellium

104 2568 161 2598 ne
176 2553 415 2610 prosperis
436 2550 623 2607 quidem
642 2567 810 2607 parem
823 2567 838 2596 .-
870 2557 991 2595 odeo

103 2613 343 2655 ruentibus
374 2609 690 2660 debnitatunU
727 2609 770 2661 4,
804 2609 875 2653 80.
907 2625 992 2653 ae-

104 2669 316 2726 qualium
339 2678 529 2723 quoque,
556 2670 676 2708 odeo
694 2667 992 2722 superiorum

102 2725 416 2770 incolet-antis.
446 2748 505 2758 --
571 2725 703 2766 Adeo
734 2723 835 2767 'non
874 2725 916 2768 h.
951 2742 990 2769 e.

103 2783 285 2828 nedum.
344 2779 402 2824 cf.
425 2778 531 2824 infr.
553 2778 597 2829 3,
619 2780 690 2824 39.
717 2783 895 2825 nullius
916 2798 992 2825 re-

98 2841 280 2896 pentini
302 2838 518 2886 honoris,
547 2840 666 2881 adeo
689 2853 783 2882 non
809 2841 993 2893 princi-

97 2906 243 2955 patus
262 2898 503 2951 adpetens.
563 2894 656 2938 Pro
674 2895 891 2951 furentes
921 2898 992 2940 ed.

103 2953 311 2999 Beroald.
357 2952 431 2996 dat
469 2951 702 3008 fruentes.
786 2954 993 2998 Correxit

102 3011 332 3055 Victorius
360 3008 410 3052 in
437 3024 520 3051 suo
552 3009 805 3067 exemplari.
866 3011 990 3054 Idem

101 3067 351 3113 Beroaldus
414 3074 515 3124 post
575 3069 701 3109 ultro
760 3067 992 3111 addiderat

103 3127 273 3174 etiam,
301 3124 426 3183 quod
447 3123 627 3167 duravit
651 3124 704 3166 ad
722 3123 993 3179 Ernestium,

101 3184 179 3242 qui
207 3179 470 3227 auctoritate
493 3181 595 3224 MS.
622 3180 750 3225 Flor.
775 3181 992 3225 aliorum·

103 3256 191 3300 que
222 3247 326 3282 vett‘.
363 3237 586 3281 librorum
622 3237 668 3282 id
707 3238 988 3282 additamen-

102 3309 198 3343 tum
218 3294 399 3343 delevit.
451 3294 675 3354 Expunxib
692 3295 826 3340 etiam
837 3294 990 3341 Victo·

102 3372 213 3400 rius.

159 3426 304 3468 missu
319 3423 510 3467 Galbae.
569 3420 703 3464 MSS.
724 3422 835 3466 Bud.
850 3423 990 3467 Corb.

103 3485 172 3527 ed.
210 3482 331 3541 Spir.
365 3483 493 3524 iussu
526 3478 725 3522 Galbae.
803 3479 890 3524 Sed
925 3481 988 3526 cf.

103 3541 192 3584 An.
218 3542 256 3588 1,
277 3540 346 3582 60.
381 3539 425 3590 2,
450 3534 520 3580 4-3.
550 3535 592 3587 3,
614 3537 687 3580 21·
761 3536 844 3584 Ed.
868 3536 987 3597 Spir.

104 3591 269 3641 omiuit
294 3600 453 3640 donee.

1069 2165 1222 2208 Guelf.
1279 2166 1494 2208 omittunt
1546 2184 1823 2225 praenomen
1875 2174 1960 2221 A„

1068 2224 1196 2281 quod
1235 2223 1311 2266 hic
1354 2225 1604 2268 necessario
1637 2227 1788 2269 adesse
1825 2228 1955 2275 vide-

1067 2290 1162 2324 tur.

1684 2398 1757 2442 Sc.
1790 2396 1958 2444 Galbae

1062 2462 1106 2497 et
1135 2453 1215 2505 iis,
1255 2453 1332 2510 qui
1367 2469 1472 2496 cum
1509 2470 1563 2496 eo
1596 2471 1693 2498 rem
1730 2456 1960 2512 publicam

1061 2510 1292 2567 regebant.
1336 2508 1427 2553 Alii
1447 2511 1694 2554 videbatur
1715 2513 1769 2555 ad
1794 2512 1957 2558 milites

1061 2568 1279 2611 referunt.
1313 2566 1459 2610 Immo
1473 2571 1692 2612 sententia
1710 2578 1794 2612 est:
1812 2569 1957 2625 filium

1063 2625 1261 2670 censoris
1285 2638 1336 2667 ae
1357 2631 1427 2666 ter
1460 2626 1658 2668 consulis
1682 2626 1788 2671 satis
1813 2627 1955 2684 digni-

1061 2682 1161 2726 tatis
1179 2697 1283 2737 prae
1304 2697 1348 2724 se
1371 2679 1489 2723 ferre
1514 2682 1795 2733 credebatur,
1822 2695 1872 2740 ult
1895 2685 1955 2729 le-

1063 2739 1219 2797 giones
1251 2737 1352 2780 illae
1383 2737 1429 2780 in
1462 2738 1681 2796 obsequio
1707 2741 1956 2785 retineren-

1063 2805 1164 2845 tur,
1206 2811 1352 2894 οεᾝιθ
1397 2796 1802 2855 maioreremedio
1840 2816 1866 2842 o
1902 2816 1954 2843 us

1063 2869 1156 2897 esse
1178 2853 1279 2898 vide
1315 2860 1427 2895 atur.
1487 2851 1680 2906 Nolebat
1704 2855 1823 2898 enirn
1893 2858 1953 2900 al-

1060 2911 1118 2954 ba
1144 2909 1330 2953 nimium
1355 2910 1551 2953 tribuere
1575 2909 1827 2970 legionibus
1844 2911 1954 2957 Ger-

1062 2967 1274 3017 manicis,
1306 2981 1363 3008 ne
1386 2982 1437 3008 su
1472 2969 1671 3011 erbirent
1703 2969 1837 3013 misso
1863 2988 1952 3014 ma·

1059 3024 1170 3068 ioris
1194 3022 1417 3079 dignitatis
1436 3029 1438 3031 ’
1455 3034 1599 3081 egato.
1653 3025 1828 3084 Lipsius
1846 3044 1952 3071 con-

1060 3081 1187 3126 iecit:
1217 3082 1266 3122 id
1287 3081 1409 3136 fatis
1439 3083 1702 3126 videbatur.
1761 3083 1952 3127 Secutus

1061 3137 1127 3182 est
1150 3136 1452 3181 Woltmann.
1513 3141 1573 3182 At
1598 3139 1842 3184 Gutmann.
1874 3143 1951 3184 do-'

1124 2397 1176 2438 id
1205 2397 1322 2439 satis
1355 2395 1611 2442 videbatur.

1063 3194 1156 3239 cuit
1173 3194 1260 3238 tale
1283 3195 1637 3240 additamentum
1654 3197 1708 3240 ab
1724 3197 1827 3241 loco
1849 3199 1950 3242 alie-

1062 3269 1175 3295 num
1196 3268 1305 3295 esse.

1119 3367 1241 3409 nihil
1265 3367 1462 3413 irarum.
1535 3370 1671 3414 MSS.
1703 3370 1824 3414 Harl.
1861 3371 1945 3415 les.

1059 3425 1182 3478 nihil
1199 3426 1389 3466 il‘atum.
1453 3426 1563 3469 Mox
1586 3427 1736 3471 Guelf.
1761 3429 1944 3482 expidi-

1061 3483 1261 3524 tionibus
1279 3490 1319 3524 et
1341 3486 1495 3534 (λασίας
1517 3499 1628 3541 quae
1652 3486 1856 3528 confusio
1879 3486 1946 3528 lit-

1061 3548 1259 3582 terarum
1294 3554 1353 3581 ae
1403 3549 1444 3583 et
1482 3555 1507 3582 e
1554 3542 1833 3598 pervulgat-is
1884 3543 1946 3586 ibi

1061 3604 1140 3638 est.

1211 3656 1261 3711 B
1306 3661 1345 3712 2
