2138 4030
217 183 342 241 498

791 177 1490 255 HISTORIARUM

1770 177 1991 262 23:⁸32?

216 311 510 374 bitumine
545 311 733 368 moles
769 310 913 386 pelli
947 328 1244 386 manuque
1283 305 1442 386 trahi
1471 312 1545 368 ad
1581 311 1747 369 litus:
1789 312 2074 396 mox'rubi

220 418 436 477 vapore
464 408 684 468 terrae,
725 397 784 452 vi
815 396 986 464 solis,
1029 394 1391 466 inaruerint,
1430 397 1733 455 securibus
1757 398 2075 476 cuneisque

218 478 285 555 ut
310 485 504 540 trabes
534 493 633 538 aut
660 501 790 537 saxa
822 479 1094 538 discindi.

387 565 523 627 VII.

609 564 788 623 Haud
825 565 1033 640 procul
1063 564 1204 619 inde
1244 563 1463 640 campi,
1507 586 1656 643 quos
1693 567 1892 628 ferunt
1930 568 2094 626 olim«

219 655 431 711 uberes
459 652 805 728 magnisque
829 650 1080 706 urbibus
1108 645 1402 728 habitatos
1435 651 1757 708 fulminum
1794 653 1951 711 iactu
1980 663 2077 710 ar‘-

221 741 389 809 sisse3
435 748 754 795 etmanere
790 735 1034 809 vestigia
1074 746 1409 813 terramque
1451 736 1637 812 ipsam
1678 731 1867 813 specie
1894 738 2105 796 torri-⁴

220 827 358 881 dam
405 824 528 880 vim
574 821 917 895 frugiferam
942 894 944 897 v
969 820 1312 896 perdidisse.

1418 840 1558 877 nam
1610 834 1817 880 cuncta
1865 835 2075 899 sponte

219 911 375 966 edita
399 920 500 965 aut
525 927 706 963 manu
733 916 853 962 sata
869 905 990 961 sive
1013 896 1199 962 herba
1227 915 1397 962 tenus
1413 918 1514 963 aut
1530 906 1695 979 flore,
1722 927 1826 966 seu
1841 909 2072 966 solitam

219 997 281 1052 in
322 994 575 1071 speciem
612 992 949 1061 adolevere,
1013 1001 1136 1049 atra
1177 1001 1235 1063 et
1271 991 1473 1049 inania
1511 993 1676 1052 velut
1715 994 1781 1050 in
1816 994 2071 1051 cinerem

271 1264 319 1305 vi
333 1262 458 1316 solis.
515 1258 615 1302 MS.
634 1257 772 1304 Corb.
795 1259 925 1314 w'que
949 1257 1079 1300 solis.

254 1320 387 1364 ‘CAP.
411 1319 453 1362 7.
512 1318 766 1360 habitatos.
826 1315 923 1359 MS.
954 1313 1109 1357 Orosii

214 1376 425 1422 Perizon.
461 1375 563 1419 edd.
587 1375 748 1418 Venet.
771 1373 886 1430 Aug.
909 1373 1108 1415 habitos.

259 1446 526 1506 fulminum
549 1446 688 1487 iactu.
747 1443 824 1487 Sic
838 1442 974 1487 MSS.
988 1443 1112 1486 Flor-

214 1508 332 1561 (test.
355 1505 497 1556 Viet.)
534 1501 685 1546 Guelf.
720 1501 842 1544 Harl.
870 1499 1003 1544 Bodl.
1028 1500 1109 1544 les.

214 1565 352 1609 Corb.
382 1562 497 1604 Bud.
536 1560 620 1603 edd
677 1559 877 1604 Rhenan.
909 1574 1007 1615 sqq.
1050 1586 1109 1594 —

198 1621 425 1679 fulminis
459 1622 582 1661 iactu
608 1617 709 1660 MS.
732 1617 844 1672 Reg.
878 1615 979 1659 edd.
1005 1624 1109 1658 ante

211 1679 498 1722 Rhenanam.
514 1698 559 1707 ·—
583 1674 756 1733 Lipsius
770 1673 994 1734 errosio
1014 1675 1052 1721 1,
1068 1673 1108 1716 5.

210 1736 407 1779 malebat
430 1736 536 1778 ictu.
596 1732 685 1775 Sed
711 1731 770 1774 ibi
825 1747 975 1788 uoque
994 1730 1108 1789 opti·

210 1795 272 1837 mi
296 1790 581 1838 codd.M:÷S.
606 1790 772 1834 etedd.
816 1798 946 1832 erunt
971 1792 1107 1831 iactu.

210 1851 422 1894 Heinsius
463 1849 655 1893 coniecit
694 1854 840 1889 tactu.
924 1846 985 1891 ef.
1017 1845 1107 1889 An.

212 1909 280 1961 13,
304 1909 372 1953 24.
417 1908 482 1958 14,
510 1907 576 1951 12.
654 1905 745 1947 Pro
780 1903 958 1962 vulgata
991 1904 1106 1947 scri-

207 1976 338 2025 ptura
363 1966 629 2009 adferuntur
649 1961 850 2020 exempla
864 1960 960 2006 Cic.
976 1961 1108 2005 Catil.

208 2025 250 2076 3,
274 2025 314 2067 8.
376 2022 532 2066 Divin.
563 2022 606 2070 2,
636 2021 704 2064 18.
777 2014 839 2063 cf.
873 2018 1106 2062 Drakenb.

211 2083 267 2127 ad
293 2081 387 2124 Liv.
407 2080 479 2131 26,
497 2080 567 2121 40.

267 2147 535 2194 terramque
579 2136 749 2191 ipsam.
840 2134 918 2177 Sic
968 2132 1104 2176 MSS.

207 2197 336 2240 Flor.
356 2196 477 2251 (test.
504 2193 626 2237 Viet.
651 2208 753 2234 cum
775 2190 922 2248 Pich.)
955 2189 1108 2234 Guelf.

163 2296 166 2300 .
208 2250 326 2297 Bud.
360 2253 469 2310 Agr.
506 2251 613 2294 edd.-
634 2248 752 2307 Spir.
786 2248 967 2291 Pichen.
1002 2247 1126 2306 Bery

209 2327 394 2370 negger.
429 2325 530 2367 sqq.
621 2307 680 2349 {ta
720 2314 764 2348 et
799 2305 903 2348 libri
932 2299 1108 2348 Οιτιείἰ.Δ

207 2370 326 2413 Edd.
379 2365 559 2410 Puteol.
602 2379 700 2422 sqq.
751 2363 806 2407 ad
858 2362 1105 2415 Pichenam

210 2426 427 2470 omittunt
443 2426 627 2480 ,ξω-(ιη).

264 2484 413 2539 specie
446 2482 698 2523 torridam.

207 2544 353 2597 specie
376 2539 550 2583 exhibet
575 2553 722 2593 spem.
784 2537 922 2580 MSS.
955 2541 997 2578 et
1027 2550 1102 2578 ve·

208 2608 326 2642 teres
354 2597 575 2640 editiones
604 2594 758 2637 Orosii
794 2593 960 2637 habent
996 2606 1106 2647 spe-

209 2657 278 2700 cie
307 2656 514 2698 solidam
551 2651 623 2697 vel
656 2654 832 2703 solida,
874 2651 992 2694 unde
1026 2649 1103 2692 Bi-

209 2713 386 2772 pontini
440 2710 699 2755 coniectant
746 2711 895 2763 specie
942 2708 1105 2750 solita.

210 2772 373 2816 Strabo
414 2771 491 2819 16,
523 2785 569 2826 p.
591 2768 692 2811 764.
729 2768 837 2810 dicit
870 2762 1103 2824 terpoaidn.

208 2827 363 2872 Hassel
397 2827 509 2877 uist,
564 2841 760 2885 voyages
802 2824 912 2874 dans
948 2824 987 2867 le
1019 2824 1105 2866 Le-

209 2893 341 2934 vant,
397 2885 429 2926 Ι.
469 2901 513 2941 p.
535 2883 604 2927 86.
637 2883 697 2926 ait
719 2882 864 2925 solum
891 2898 986 2924 esse
1012 2896 1107 2924 cre·

209 2952 299 2986 tam
334 2942 585 2992 friabilem,
615 2939 706 2983 sale
731 2940 967 2982 imbutam.

267 3015 365 3055 sive
389 3014 535 3054 herba
559 3019 697 3052 tenus
730 3019 816 3052 aut
834 3010 988 3067 flore,
1022 3024 1107 3052 seu

209 3072 399 3116 solitam
418 3072 466 3112 ιή
482 3070 678 3123 speciem
695 3071 959 3110 adolevere.
1006 3066 1106 3111 MS.

209 3129 335 3173 Flor.
381 3135 488 3170 teste
522 3125 724 3184 Ryckio:
791 3127 892 3168 sive
939 3127 1108 3168 herbas

211 3195 368 3229 tenues
407 3191 490 3226 auc
520 3184 643 3239 flore
673 3198 753 3225 seu
789 3183 983 3226 solitam
1015 3190 1103 3226 etc.

209 3268 267 3277 —
299 3241 399 3286 MS.
431 3240 545 3283 Bud.
580 3248 690 3283 teste
715 3240 957 3284 Rhenano:
1008 3241 1105 3283 siue

209 3303 467 3354 herbar-bas
483 3305 617 3340 tenus
631 3306 714 3340 out
724 3298 892 3355 flores.
904 3324 963 3333 --
999 3296 1102 3339 MS.

209 3358 364 3403 Guelf.
404 3357 501 3401 sive
534 3356 710 3399 herbas
756 3363 921 3398 tenues
968 3354 1046 3410 (ita
1079 3370 1103 3397 a

206 3459 299 3545 Ζῗὲ.
336 3443 599 3543 Ὗιΐὲιιὲ)εάι1.
624 3496 725 3539 Put.
754 3496 817 3537 M.
845 3504 887 3539 et
908 3496 962 3539 V.
993 3504 1099 3539 cum

766 2479 850 2522 Ed.
872 2476 990 2533 Spir.
1019 2480 1106 2535 pro
1128 2521 1139 2531 ,

532 3420 603 3482 at·
611 3437 762 3494 flores
791 3454 876 3481 seu
900 3438 1101 3481 >solitam
1129 3456 1131 3458 ’

1181 1255 1315 1300 MSS.
1339 1256 1557 1307 Broterii‚
1588 1257 1671 1302 nisi
1701 1258 1822 1317 quod
1850 1259 1916 1302 bis
1949 1258 2075 1303 libris

1180 1315 1295 1359 inest
1336 1322 1468 1357 tenus
1506 1330 1591 1374 pro
1626 1322 1786 1359 tenues
1828 1325 1870 1360 et
1910 1316 2073 1361 deinde

1180 1372 1442 1428 autflores.
1477 1398 1534 1407 —-
1594 1373 1677 1416 Ed.
1704 1374 1828 1432 Spir.
1853 1377 1948 1417 sive
1975 1375 2075 1417 her·

1179 1433 1265 1474 bas
1304 1440 1464 1472 tenues
1498 1440 1582 1474 aut
1603 1430 1755 1486 flores
1792 1440 1843 1475 ut
1883 1435 2072 1475 solitam

1181 1497 1264 1531 ete.
1328 1487 1436 1530 Inde
1471 1488 1572 1532 edd.
1603 1489 1813 1543 Beroald.
1847 1490 1946 1533 Alc.
1976 1492 2075 1532 sive

1179 1546 1349 1587 herbas
1376 1552 1536 1588 tenues
1558 1554 1642 1589 aut
1663 1545 1813 1604 flores
1843 1561 1927 1602 seu
1957 1548 2075 1589 soli-

1180 1610 1297 1646 tam.
1319 1625 1375 1636 ·-·
1413 1602 1652 1646 Rhenanus
1677 1604 1950 1657 emendavitz
1981 1606 2074 1648 sive

1179 1661 1321 1702 herba
1347 1667 1488 1702 tenus
1509 1668 1595 1702 aut
1606 1661 1748 1718 flore,
1777 1675 1862 1704 seu
1881 1662 2074 1704 solitam

1181 1726 1295 1769 etc„
1345 1733 1455 1774 quae
1497 1717 1768 1762 duraverunt
1800 1734 1882 1777 per
1916 1733 2076 1762 omnes

1179 1774 1406 1832 sequentis
1465 1776 1617 1819 aetatis
1679 1775 1922 1827 editiones,
1985 1774 2074 1819 nisi

1214 1832 1302 1875 uod
1327 1830 1528 1890 Ryckius
1554 1842 1596 1876 et
1626 1841 1729 1900 post
1762 1848 1864 1876 eum
1887 1833 2072 1895 Bipont.

1232 1889 1340 1933 herl.
1353 1889 1516 1947 aliique
1530 1906 1554 1932 e
1572 1891 1784 1950 Ms.Agr.
1796 1889 2077 1947 malueruntz

1179 1949 1273 1990 sive
1306 1949 1478 1989 herbae
1513 1954 1674 1991 tenues
1703 1956 1788 1992 aut
1803 1947 1980 2005 flores,
2024 1955 2078 1991 ut
2130 1999 2133 2004 .

1179 2006 1370 2047 solitam
1414 2006 1460 2047 in
1499 2007 1695 2060 speciem
1734 2013 1820 2050 etc.
1903 2005 2078 2065 'Nuper
2129 2005 2132 2008 ⁴

1181 2078 1277 2105 eam
1304 2062 1574 2119 scripturam
1593 2065 1718 2107 enixe
1743 2063 1942 2107 defendit
1965 2064 2076 2107 Her·

1180 2135 1332 2163 mann.
1370 2120 1512 2162 lustus
1558 2120 1612 2163 de
1646 2121 1734 2165 fide
1759 2120 1867 2165 Tac.
1921 2137 1963 2180 p.
2001 2122 2075 2168 30.

1180 2177 1440 2232 studuitque
1490 2176 1762 2221 confirmare
1806 2178 2011 2237 exemplo
2051 2195 2077 2223 e

1185 2232 1338 2290 Nirgil.
1371 2234 1490 2289 Aen.
1540 2235 1605 2285 12,
1639 2236 1739 2277 684.
1786 2237 1952 2293 petito:
2006 2239 2076 2280 Ae

1179 2293 1346 2348 veluti,
1398 2292 1575 2334 montis
1605 2306 1784 2334 saxum
1813 2296 1872 2336 de
1903 2295 2076 2345 ver-tice

1170 2348 1562 2406 praecepsQuum
1574 2350 1683 2400 ruit,
1695 2352 1914 2393 avulsum
1927 2359 2076 2402 vento,

1176 2419 1257 2448 seu
1280 2407 1488 2447 turbidus
1507 2405 1862 2459 &ubet-Proluit,
1885 2417 1972 2452 out
1991 2424 2076 2452 αη-

1177 2463 1252 2504 nis
1284 2463 1420 2504 solvit
1451 2466 1674 2519 sublapsa
1697 2468 1926 2518 vetustas,
1954 2467 2075 2510 Fer-

1179 2528 1257 2562 tur
1290 2521 1337 2561 in
1367 2522 1617 2577 abruptum
1652 2531 1740 2566 etc.
1839 2523 1900 2567 At
1936 2525 2074 2572 verba

1178 2576 1255 2620 illa
1289 2592 1312 2620 e
1351 2578 1454 2620 cod.
1486 2579 1597 2637 Agr.
1633 2578 1822 2638 repetita
1852 2597 1944 2626 nou
1979 2591 2071 2626 tam

1178 2642 1282 2678 sunt
1315 2643 1518 2692 suspecta
1551 2635 1773 2686 dictione,
1810 2654 1955 2697 ‘quam
1989 2636 2071 2689 au·

1179 2691 1399 2736 ctoritate.
1439 2738 1443 2757 ¹
1479 2692 1752 2747 Praeferunt
1781 2698 1901 2739 enim
1936 2713 2069 2756 aper·

1179 2757 1266 2791 tam
1313 2748 1507 2808 speciem
1551 2751 1876 2805 crutendatio'xlis
1914 2755 2072 2810 (cuius

1177 2807 1318 2849 multa
1353 2815 1458 2850 sunt
1490 2808 1676 2867 vestigia
1717 2810 1764 2852 in
1807 2808 1890 2854 illo
1922 2807 2073 2881 libro).
2104 2821 2111 2834 ‘·

1179 2863 1282 2921 quia
1314 2865 1370 2907 ab
1412 2873 1665 2908 ceterorum
1706 2865 1928 2912 librorum
1964 2880 2111 2914 sen-*⁸

1180 2930 1307 2979 ptura
1353 2922 1436 2965 insi
1475 2923 1589 2965 niter
1625 2922 1885 2969 abhorrent.
1975 2926 2069 2972 Ve-

1179 2995 1280 3020 rum
1313 2979 1420 3021 vidit
1472 2980 1721 3031 fflenauus,
1752 2982 1885 3027 cuius·
1911 2997 2069 3029 emen-f

1179 3036 1405 3078 dationem
1460 3053 1563 3080 cum
1611 3038 1816 3082 Bekkero
1867 3042 2070 3088 restituo.

1177 3093 1307 3136 Dicit
1351 3094 1571 3153 scriptor:
1623 3103 1786 3139 cuncta
1823 3098 1884 3152 (et
1917 3101 2070 3145 distin-

1178 3151 1290 3208 guit)
1321 3162 1488 3206 sponte
1519 3155 1644 3196 edita
1671 3161 1755 3195 aut
1777 3169 1924 3198 manu
1946 3165 2070 3210 sata,
2105 3171 2112 3185 ’

1177 3209 1360 3263 (iterum
1391 3209 1625 3268 distinguit
1649 3210 1871 3255 diversam
1906 3213 2068 3261 utffls-
2104 3217 2105 3220 ’

1177 3281 1264 3324 que
1296 3268 1469 3323 generis
1516 3268 1766 3324 rationem)
1794 3271 1890 3314 sive
1924 3274 2071 3316 leem

1175 3331 1307 3365 tenus
1337 3331 1422 3365 aut
1441 3325 1571 3381 flore
1613 3323 1773 3382 (intell,
1807 3327 2070 3388 adolevere)3

1176 3382 1370 3422 solitam
1397 3382 1447 3422 in
1470 3383 1667 3435 speciem
1691 3386 1960 3438 adolevere,
1983 3418 2016 3432 ..
2032 3385 2072 3433 ,¹'.

1177 3446 1445 3481 vanescunt.
1545 3439 1858 3498 Opponuntur
1901 3447 2070 3496 adulta

1171 3498 1220 3537 in
1251 3498 1445 3539 solitam
1472 3500 1666 3551 speeiem
1702 3495 1765 3552 (h.
1790 3515 1827 3543 e.
1861 3514 1973 3558 quae
2003 3503 2070 3547 ius
