2138 4030
1766 291 1975 329 Asu-m:

1768 334 1818 371 Α.
1839 334 1888 373 C.
1924 335 1987 374 71³.

219 304 305 362 68
795 292 1497 356 HISTORIARUM

219 432 328 490 ubi
374 428 706 504 sumptibus
750 423 1075 487 exhaustus¹
1110 425 1379 481 socordia
1422 423 1665 500 insuper
1719 427 2075 502 elanguerat,

223 518 395 590 inops
431 534 538 590 pro
573 513 863 588 locuplete
900 522 956 567 et
991 511 1149 566 iners
1183 529 1292 585 pro
1323 521 1563 567 strenuo
1601 509 1668 566 in
1700 513 2075 594 manipulum

218 602 478 658 redibat:
524 619 590 654 ac
623 616 826 654 rursus
862 595 1012 652 alius
1036 606 1210 670 atque
1234 595 1385 651 alius
1407 595 1610 651 eadem
1633 607 1880 670 egestate
1905 618 1974 657 aa
1998 599 2077 655 li-

221 686 410 744 centia
452 682 714 758 corrupti
759 682 833 736 ad
877 679 1195 735 seditiones
1235 693 1292 738 et
1323 679 1647 738 discordias
1687 683 1852 749 etad
1886 693 2079 740 extre-

218 791 384 828 mum
409 770 475 826 in
499 768 654 825 bella
688 765 882 845 civilia
914 764 1183 825 ruebant.
1268 764 1388 823 Sed
1410 760 1608 836 Otho,
1649 784 1725 823 tre
1756 767 1922 844 vulgi
1958 767 2080 824 lar-

220 857 439 930 gitione
464 852 877 910 centurionum
906 849 1135 907 animos
1170 860 1486 920 averteret,
1525 849 1731 908 fiscum
1768 845 1942 910 suum
1975 873 2078 909 va-

221 942 476 999 cationes
511 955 747 994 annuas.
769 935 1174 992 exsoluturum
1198 935 1496 1009 promisit,
1534 955 1659 992 rem
1698 931 1859 994 haud
1897 937 2077 994 dubie

219 1027 428 1084 utilem
462 1035 519 1080 et
556 1043 589 1078 a
623 1020 800 1077 bonis
835 1031 1035 1095 postea
1070 1019 1441 1094 principibus
1473 1019 1869 1096 perpetuitate
1900 1021 2080 1083 disci-

219 1113 417 1188 plinae
442 1109 751 1166 firmatam.
836 1104 992 1162 Laco
1027 1104 1381 1180 praefecum,
1423 1115 1706 1181 tanquam
1730 1106 1795 1162 in
1821 1106 2079 1164 insulam

221 1205 629 1272 seponeretur‚
695 1191 769 1246 ab
808 1201 1075 1259 evocatO,
1142 1209 1319 1266 quem
1358 1190 1433 1246 ad
1461 1191 1715 1247 *caedem
1751 1191 1877 1249 eius
1909 1187 2077 1249 Otho

218 1279 626 1358 praemiserat,
669 1276 998 1356 confossus:
1043 1275 1108 1330 in
1133 1274 1508 1332 Marcianum
1541 1272 1764 1337 Icelum
1801 1289 1871 1336 ut
1903 1275 1971 1333 in
2002 1276 2082 1335 li-

218 1369 453 1424 bertum
475 1362 672 1439 palam
701 1361 1194 1421 animadversum.

279 1624 559 1667 exhaustus.
632 1618 734 1664 MS.
768 1616 922 1664 Guelf.
957 1633 980 1662 a
1015 1633 1108 1667 see.

1182 1616 1295 1674 Reg.
1325 1614 1462 1660 Corb.
1486 1615 1597 1673 Agr.
1625 1618 1694 1660 ed.
1715 1615 1861 1676 Spin,
1899 1617 1947 1662 in
1978 1619 2078 1678 qui-

222 1697 363 1726 manu
383 1678 643 1723 exhaustis.

1184 1676 1268 1718 bus
1301 1673 1426 1717 libris
1457 1674 1618 1732 copula
1647 1682 1693 1717 et
1724 1690 1746 1717 e
1777 1677 1962 1734 repetita
1991 1692 2081 1736 po-

1184 1741 1350 1775 strema
1393 1730 1567 1789 syllaba,
1606 1732 1914 1790 praecedentis
1950 1734 2079 1780 verbi

1187 1796 1340 1832 exorta
1372 1788 1567 1833 videtur.
1629 1789 1763 1833 MSS.
1798 1789 1919 1835 Harl.
1945 1791 2080 1836 Bodl.

1188 1845 1269 1890 les.
1297 1846 1413 1890 Bud.
1435 1844 1588 1890 Guelf.
1619 1845 1720 1891 edd.
1741 1846 1846 1895 Put.
1867 1848 2078 1894 Beroald.

1186 1919 1205 1945 s
1240 1919 1283 1962 q.
1317 1903 1373 1946 ad
1405 1902 1492 1947 Iac.
1520 1901 1729 1949 Gronov.
1758 1906 1965 1964 exsfisoo
1992 1920 2078 1951 suo

1187 1919 1359 2015 (guelf.
1386 1975 1450 2003 ea:
1471 1961 1660 2017 physico
1683 1964 1802 2018 suo).
1867 1962 2080 2007 Ernestio

1187 2018 1459 2065 hiciterum
1494 2018 1657 2063 vocula
1695 2033 1834 2062 suum
1875 2028 2081 2079 suspecta

1189 2084 1271 2120 est.
1338 2075 1398 2119 cf.
1433 2084 1530 2119 not.
1555 2074 1610 2117 ad
1639 2092 1679 2120 c.
1701 2076 1783 2120 31.
1840 2077 1930 2122 Sed
1965 2079 2081 2122 bene

1188 2150 1233 2176 se
1259 2132 1404 2177 habet.
1462 2131 1644 2176 Tacitus
1659 2132 1804 2177 adfert
1825 2132 1919 2193 ipsa
1933 2133 2080 2179 Otho·

1189 2190 1260 2233 nis
1285 2190 1448 2242 verba,
1477 2188 1555 2248 qui
1586 2188 1717 2234 dixin
1752 2183 1921 2236 ‘Fiscus
1945 2206 2081 2236 meus

1191 2249 1304 2302 (sive
1337 2250 1518 2303 noster)
1551 2261 1590 2289 υ.
1620 2263 1667 2289 a.
1702 2251 1937 2302 exsolvet,
1967 2265 2081 2308 quae

1187 2305 1235 2347 in
1258 2304 1462 2348 oratione
1490 2303 1672 2363 obliqua
1698 2305 1916 2350 debebant
1941 2324 1991 2351 ex
2024 2307 2081 2350 ri·

1190 2361 1276 2404 mit
1294 2363 1471 2420 fiscum
1495 2376 1632 2405 suum
1652 2372 1737 2417 etc.
1797 2362 1901 2408 Non
1921 2379 1973 2408 ea
2007 2379 2079 2409 em

1189 2428 1255 2464 est
1278 2419 1392 2464 ratio
1416 2418 1504 2463 loci
1529 2436 1570 2463 c.
1594 2419 1664 2463 58.
1686 2429 1731 2465 et
1750 2421 1827 2478 65.
1912 2472 1919 2474 ‚

1603 2503 1688 2548 Ed.
1730 2504 1850 2565 Spir.
1878 2500 2081 2564 form‘a-

281 1767 474 1818 insuper
506 1764 802 1814 elanguerat.
865 1757 966 1803 MS.
986 1758 1114 1802 Flor.

225 1825 337 1875 ins',
378 1820 498 1864 unde
528 1819 725 1862 Pichena
761 1816 870 1861 fecit
905 1817 1115 1874 insuper,

223 1881 325 1939 quia
363 1894 491 1936 saepe
530 1876 576 1919 in
610 1875 690 1920 illo
725 1873 827 1918 cod.
856 1875 897 1918 s'
933 1883 998 1918 est
1031 1889 1115 1931 pro

223 1953 378 1993 super.
447 1937 534 1978 lac.
560 1932 828 1976 Gronovius
863 1932 911 1974 in
943 1932 1114 1975 descri-

222 1995 369 2038 benda
390 1993 464 2036 illa
486 1999 592 2034 nota
617 1998 774 2034 eontra
787 1988 1030 2033 Pichenam
1052 1988 1116 2032 di-

227 2053 304 2097 cit.
338 2051 457 2096 Ante
471 2048 713 2092 Pichenam
737 2046 952 2090 edebatur
975 2046 1118 2088 miser

222 2113 525 2164 elanguerat,
565 2105 689 2164 quod
735 2112 869 2147 exstat
900 2103 948 2145 in
981 2102 1117 2147 MSS.

223 2166 348 2210 Harl.
389 2164 523 2208 Bodl.
565 2164 646 2206 les.
679 2160 833 2204 Guelf.
872 2160 975 2204 edd.
1013 2161 1116 2203 Put.

224 2222 436 2267 Beroald.
473 2223 606 2276 (cum
640 2219 708 2262 sil.
737 2217 887 2272 Vict.)
925 2233 1026 2275 sqq.
1060 2219 1115 2261 ad

224 2281 490 2330 Piehenam,
520 2287 621 2321 ante
646 2292 779 2334 quem
805 2275 978 2332 Lipsius
1005 2291 1117 2318 con-

223 2340 388 2383 iecerat
418 2338 604 2379 misere.
677 2334 810 2377 MSS.
847 2333 984 2377 Corb.
1008 2332 1118 2390 Reg.

225 2399 336 2454 Agr.
378 2394 450 2438 ed.
484 2393 605 2451 Spir.
649 2392 865 2434 omittunt
905 2390 1117 2433 voculam

226 2445 328 2497 arite
352 2454 647 2505 elanguerat.
697 2449 803 2492 Mox
828 2448 1118 2492 ed.Beroald.

225 2511 301 2555 dat
321 2517 539 2560 streuuo,
570 2507 694 2567 quod
713 2504 833 2551 Viet.
860 2521 984 2549 corr.
1005 2513 1120 2548 stre·

226 2584 336 2612 nuc).

1236 2503 1511 2560 firmatam.

1192 2568 1310 2604 tam.

286 2642 351 2682 ad
381 2638 650 2682 seditiones.
721 2633 798 2679 Sic
828 2633 963 2678 MSS.
996 2634 1121 2677 Flor.

227 2697 341 2752 (test.
366 2696 451 2740 lae.
468 2694 694 2751 Gronow)
722 2693 859 2736 Corb.
884 2694 995 2749 Agr.
1023 2691 1121 2734 edd.

227 2753 344 2812 Spir.
369 2753 454 2796 Iac.
481 2752 690 2796 Gronov.
718 2766 817 2809 sqq.
841 2777 898 2786 --
930 2750 1121 2791 seditio-

228 2826 338 2853 nem
383 2809 519 2855 MSS.
558 2809 681 2853 Harl.
719 2808 850 2851 Bodl.
890 2807 969 2850 tes.
1006 2806 1119 2850 Bud.

230 2866 383 2911 Guelf.
407 2867 509 2910 edd.
533 2866 639 2911 Put.
664 2864 872 2911 Beroald.
901 2864 1021 2919 (cum
1052 2863 1120 2908 sil.

161 2958 165 2961 .
233 2925 374 2981 Vict.)
397 2939 493 2982 sqq.

289 3016 333 3051 et
348 3011 419 3050 ad
446 3015 715 3049 extremum
738 3010 786 3050 in
808 3007 930 3049 bella
954 3005 1121 3049 civilia.

227 3063 616 3124 praepositionem
648 3066 697 3105 in
721 3062 968 3107 Oberliuus
989 3061 1118 3104 addi-

231 3125 296 3167 dit
329 3140 378 3166 ex
401 3121 573 3164 Heinsii
608 3122 851 3165 sententia:
901 3120 1121 3164 omittitur

230 3182 278 3225 in
297 3188 401 3225 vett.
423 3178 571 3228 libris,
602 3193 685 3221 nec
722 3179 831 3221 adeo
867 3177 1119 3221 necessario

230 3239 382 3286 adest,
412 3250 672 3293 quanquam
707 3234 837 3279 facile
868 3236 1013 3293 potuit
1046 3234 1119 3275 ab·

230 3293 404 3339 sorberi
432 3293 485 3335 ab
510 3292 662 3334 ultima
688 3291 832 3335 littera
853 3291 1118 3350 praeceden-

230 3353 287 3397 tis
310 3348 532 3396 vocabuli.

288 3426 537 3466 averteret.
599 3418 684 3462 Ed.
709 3418 827 3477 Spir.
851 3422 1091 3462 euerteret.

275 3508 448 3566 fiscum
469 3517 619 3546 suum.
682 3499 756 3544 Sic
778 3501 877 3544 edd.
898 3501 982 3545 lac.
1002 3501 1115 3544 Gro-

229 3580 332 3609 nov·
359 3578 457 3620 sqq.
480 3584 535 3593 —-
568 3558 791 3614 etfiscum
817 3574 956 3601 suurn
978 3559 1116 3602 MSS.

230 3622 353 3666 Flor.
387 3621 500 3673 (test.
525 3616 644 3681 vict.
665 3631 769 3658 eum
794 3615 880 3658 Iac.
896 3615 1116 3671 Gronov.)

1251 2653 1493 2701 tanquam.
1550 2647 1758 2706 ⁷intellige
1788 2646 1876 2691 hoc
1897 2647 2079 2694 simula·

1191 2711 1287 2745 turn
1309 2711 1352 2746 et
1375 2703 1650 2761 divulgatum
1675 2721 1791 2756 esse,
1820 2720 2079 2763 quamnam

1191 2759 1325 2802 morti
1364 2759 1606 2804 destinatus
1638 2770 1749 2805 esset
1771 2762 1914 2814 Laco..
1955 2724 2080 2808 ¹Per--

1194 2834 1347 2877 peram
1373 2816 1551 2875 Bipont.
1576 2827 1698 2871 cum,
1727 2835 1884 2876 quum,
1949 2870 1951 2873 v
2024 2861 2028 2865 ,

1525 2902 1601 2945 Sic
1635 2903 1738 2947 MS.
1770 2902 1896 2950 Flor.
1939 2906 2078 2965 (teste

1193 2957 1336 3014 Vict.)
1374 2958 1476 3001 edd.
1498 2958 1550 3001 Li·
1581 2977 1615 3003 s.
1636 2978 1655 3004 s
1691 2975 1735 3017 q.
1767 2984 1827 2994 —
1867 2962 2080 3012 „Icellum

1193 3015 1296 3058 MS.
1329 3013 1481 3059 Guelf.
1517 3034 1538 3059 e
1574 3019 1616 3060 d.
1688 3027 1750 3062 ut.
1784 3034 1883 3078 sqq.
1912 3019 1968 3064 ad
1998 3020 2079 3065 Li·-

1191 3072 1356 3131 psium.
1417 3073 1612 3118 Icelium
1636 3077 1703 3119 ed.
1725 3076 1847 3135 Spir.

1251 3166 1303 3198 ue
1315 3158 1363 3199 in
1380 3159 1608 3202 libertum.
1666 3160 1744 3203 Sic
1756 3159 1892 3205 MSS.
1915 3170 1957 3206 et
1978 3162 2078 3207 edd.

1193 3230 1351 3257 omnes
1397 3225 1574 3273 praeter
1618 3217 1811 3261 Ernestii
1859 3219 2079 3264 aliorum-

1193 3288 1293 3330 que,
1326 3273 1401 3336 quj
1422 3273 1548 3316 illum
1574 3275 1714 3317 secuti
1739 3283 1855 3319 sunt.
1914 3275 1956 3319 1³
1979 3294 2078 3324 cor·

1190 3331 1324 3374 rexit:
1355 3338 1405 3372 ut
1428 3331 1476 3373 in
1495 3333 1778 3375 libertinum.
1833 3332 1946 3376 Nam
1971 3351 2078 3383 cono,

1192 3387 1408 3430 ditionem
1453 3387 1646 3432 hominis
1683 3389 1865 3446 exprimi
1897 3390 1978 3443 ait,
2028 3393 2077 3436 in

1190 3461 1276 3502 qua
1305 3446 1548 3488 libertinus
1582 3446 1779 3495 dicatur,
1813 3461 1907 3491 non
1937 3449 2076 3499 liber-

1190 3511 1276 3544 tus.
1336 3501 1422 3545 Sed
1456 3512 1600 3560 potest
1624 3503 1753 3545 etiam
1777 3505 1965 3550 libertus
1986 3503 2075 3552 dici

1188 3559 1241 3601 de
1278 3559 1539 3603 conditione
1571 3558 1793 3612 hominis,
1835 3576 1921 3606 nee
1953 3562 2076 3606 aliud

1186 3614 1294 3672 quid
1340 3615 1387 3659 in
1437 3615 1524 3659 hoc
1574 3616 1797 3662 vocabulo
1849 3627 2075 3676 spectatur

1248 2900 1444 2944 Icelum.
