2138 4030
707 256 901 320 «ΗΒ.
935 223 981 319 1.
1062 245 1389 318 cA‘P.=85.->
1854 266 1979 325 ωε

135 393 226 466 ita‘
241 390 454 466 sparsis
482 406 588 464 per
620 389 840 444 domos.
858 387 1087 444 occulto
1122 382 1334 443 habitu
1369 397 1430 451 etv
1450 389 1706 462 maligna
1741 394 1983 456 cul-ain

129 496 342 534 omnes-
358 491 504 551 quos
523 472 802 530 nobilitas
817 484 919 529 aut
935 491 1075 546 opes
1088 483 1189 529 aut
1203 472 1400 547 aliqua
1421 472 1667 546 insignis
1690 476 1977 536 claritudo

133 561 473 629 rumoribus
495 558 803 616 obiecerat.
881 555 1232 613 Vitellianos
1257 577 1494 632 quoque
1517 558 1734 615 milites
1754 563 1980 620 venisse

134 646 199 702 in
241 647 447 703 urbem
495 645 570 700 ad
617 643 811 699 studia
858 642 1116 716 partium
1153 641 1447 697 noscenda
1479 642 1746 719 plerique
1781 648 1979 704 crede-

133 732 294 790 bant.
379 730 540 785 unde
579 728 752 801 plena
781 727 982 783 omnia
1010 726 1411 801 suspicionum
1436 737 1492 783 et
1515 727 1614 783 vix
1639 741 1853 786 secreta
1874 733 1981 788 do-

132 833 339 872 muum
379 813 506 870 sine
539 811 876 871 formidine.
962 811 1078 868 Sed
1112 811 1435 885 plurimum
1470 810 1879 887 trepidationis
1915 817 1980 872 in

129 900 395 974 publico,
459 910 525 955 ut
562 917 851 974 quemque
886 897 1165 953 nuntium
1197 896 1352 951 fama
1388 897 1676 954 attulisset
1716 899 1980 956 animum

130 986 476 1067 vultumque
506 983 833 1062 conversiS,
877 1002 952 1036 ne
982 982 1245 1037 diffidere
1273 981 1472 1038 dubiis
1498 1002 1564 1038 ac
1595 1002 1807 1058 parum
1837 1003 1979 1057 gau-

132 1071 269 1126 dere
307 1068 604 1144 prosperis
637 1069 997 1125 viderentur.
1054 1139 1057 1142 Ι
1103 1063 1318 1123 Coacto
1355 1086 1492 1122 vero
1528 1067 1594 1122 in
1633 1068 1856 1124 curiam
1890 1089 1981 1125 se-

130 1166 275 1211 natu
300 1155 519 1210 arduus
541 1172 742 1208 rerum
771 1151 1041 1207 omnium
1065 1144 1311 1220 modus,
1353 1171 1428 1207 ne
1455 1163 1768 1209 contumax
1799 1153 1979 1211 silen—

130 1241 308 1318 tium,
371 1258 446 1294 ne
491 1249 755 1312 suspecta
795 1237 1058 1292 libertas:
1147 1247 1203 1291 et
1248 1237 1477 1310 privato
1518 1233 1753 1294 Othoni
1790 1258 1980 1314 nuper

130 1336 304 1402 atque
331 1325 531 1380 eadem
567 1321 784 1379 dicenti
821 1332 960 1379 nota
997 1320 1275 1379 adulatio,
1362 1321 1543 1394 igitur
1576 1341 1808 1380 versare
1843 1343 1977 1382 sen-

146 293 154 296 -
222 255 282 292 A:
335 256 445 293 .·823.

222 305 273 336 A.
329 323 337 336 .
383 299 441 332 70,

128 1591 232 1626 erac
260 1583 324 1638 (in
344 1597 484 1640 marg.
505 1582 536 1638 †
563 1581 648 1636 et),
686 1581 906 1623 militibus
926 1587 1010 1624 etc.

125 1641 297 1699 Lipsius
331 1638 523 1683 restituit
553 1638 792 1681 Puteolani
824 1637 1011 1696 scriptu·

124 1715 249 1752 ram,
284 1713 420 1757 quam
463 1697 566 1740 dein
609 1711 762 1738 omnes
803 1703 908 1738 sunt
947 1710 1011 1737 se·

125 1756 240 1806 cuti,
270 1756 366 1802 ¹nisi
392 1755 514 1813 quod
551 1769 634 1810 pro
666 1754 788 1795 urbis
816 1753 1013 1795 retinent

124 1815 229 1856 urbi
258 1822 415 1857 contra
445 1820 644 1854 veterum
675 1810 897 1852 librorum
929 1826 1014 1852 au-

124 1871 396 1915 ctoritatem.
491 1868 578 1911 Sed
640 1867 869 1923 quaeritur
918 1865 1013 1917 hie,

123 1928 266 1985 qualis
297 1926 421 1986 quies
457 1942 550 1969 non
583 1923 779 1967 redierit.
847 1923 899 1966 In
925 1939 1008 1966 re-

123 1989 277 2028 dierat
299 1987 399 2028 vett.
422 1982 550 2034 libri,
582 1989 794 2039 quantum
823 1988 1010 2029 constat,

702 2037 767 2081 Co
803 2037 925 2081 ulam
965 2047 1011 2080 et

803 2095 870 2139 IS.
891 2095 1009 2139 Bud.

123 2041 414 2093 consentiunt
452 2055 623 2082 omnes.

121 2109 223 2143 ante
258 2097 479 2142 militibus
511 2097 584 2139 dat
618 2093 749 2137 etiam

121 2166 164 2200 et
196 2156 263 2200 ed.
291 2156 378 2199 Iac.
405 2153 614 2197 Gronov.
651 2168 734 2195 nec
767 2151 870 2195 MS.
898 2152 1007 2211 Agr.

120 2214 252 2258 habet
276 2219 394 2264 erat,
414 2211 537 2270 quod
559 2227 608 2253 ex
630 2208 898 2253 emendandi
919 2218 1008 2251 stu-

90 2310 102 2321 ,
122 2270 196 2315 dio
227 2271 484 2328 profectum
524 2269 626 2310 satis
660 2267 839 2324 languet
873 2274 916 2309 et
950 2268 1008 2310 ob

121 2330 331 2371 redierat
355 2343 450 2369 non
468 2325 615 2368 solum
637 2323 901 2375 molestum,
932 2324 1011 2367 sed

8 2415 21 2432 t
84 2422 89 2426 ..
121 2386 253 2430 etiam
286 2384 546 2427 inusitatum
569 2381 726 2425 Tacito
761 2388 827 2423 est
859 2381 904 2423 in
935 2381 1011 2424 tali

122 2449 349 2497 contextu.
411 2439 549 2496 Quod
587 2447 734 2482 autem
764 2445 807 2478 et
832 2439 1011 2495 copulat

122 2499 323 2544 membra
361 2498 556 2542 invicem
591 2495 845 2546 dissimilia,
883 2490 930 2537 id
959 2495 1009 2537 fit

121 2575 171 2603 ex
203 2572 287 2598 usu
318 2553 599 2598 Graecorum
636 2562 678 2595 et
705 2551 878 2595 Nostro
914 2552 1008 2595 fre-

122 2629 263 2673 quens
297 2621 377 2656 est.
445 2612 503 2654 cf.
537 2619 629 2653 not.
661 2609 715 2653 ad
753 2612 840 2653 An.
872 2610 937 2661 14,
965 2611 1006 2652 1.

121 2672 204 2716 sub
229 2686 298 2715 vv.
323 2678 368 2712 et
373 2668 683 2725 flagrantior.
739 2666 919 2709 Etenim
935 2682 1008 2710 au-

121 2737 221 2774 ctor
274 2728 493 2771 rationem
543 2723 689 2767 reddit
738 2725 1008 2767 verborum:

120 2801 213 2830 non
258 2793 421 2827 tamen
457 2783 587 2838 quies
624 2780 749 2823 urbis
786 2783 1036 2830 redierat,-

120 2851 223 2901 post
274 2856 387 2898 quae
438 2840 677 2883 commode
731 2847 1007 2895 sequuntur:

121 2900 347 2943 militibus
389 2898 694 2939 turbantibus.
726 2921 731 2929 ι
777 2895 862 2941 Sed
905 2896 1008 2953 quia

119 2954 411 3013 interposuit:
464 2961 561 2995 stre
577 2956 683 2995 titus
723 2955 921 2996 telorum
962 2960 1009 2995 et

107 3014 261 3071 facies
283 3010 414 3063 belli,
441 2970 627 3053 debebat
651 3009 812 3051 addere
841 3017 884 3051 et
907 3018 1007 3053 ante

120 3070 361 3120 militibus,
391 3069 442 3112 ut
463 3067 727 3124 intelligeres
748 3066 869 3110 hunc
890 3066 1007 3109 abla-

120 3127 262 3171 tivum
282 3126 474 3186 pendere
495 3139 587 3166 non
611 3140 634 3166 e
660 3123 872 3181 proximis
905 3139 1004 3167 ver-

122 3185 214 3236 bis,
244 3183 322 3226 sed
348 3197 371 3224 e
395 3181 635 3242 prioribus.

179 3266 416 3309 claritudo
438 3264 718 3307 rumoribus.
779 3262 864 3312 Ed.
888 3262 1007 3322 Spir.

123 3323 247 3369 addit
269 3330 315 3366 et
335 3330 436 3366 ante
460 3323 736 3364 rumoribus.

180 3410 431 3450 noscenda.
512 3403 588 3447 Sic
622 3403 724 3447 edd.
754 3402 872 3462 Spir.
906 3403 1009 3447 Put.

769 3485 824 3562 z
841 3460 1010 3562 25S2M

125 3533 752 3634 hagag-offisLegoscezffddo
817 3535 839 3562 e
860 3533 916 3563 m
949 3534 1005 3562 a·

1141 1579 1190 1622 in
1208 1579 1411 1634 publico,
1437 1587 1487 1622 ut
1507 1594 1749 1638 quemque.
1801 1578 1974 1625 Vocem

1085 1645 1137 1679 ut
1191 1653 1415 1693 quemque
1467 1636 1633 1680 habent
1675 1638 1778 1682 MS.
1824 1636 1974 1682 Guelf.

1084 1695 1184 1737 edd.
1218 1694 1317 1737 Put.
1352 1693 1560 1738 Beroald.
1584 1694 1682 1738 Ale.
1704 1694 1848 1739 Rhen.
1872 1710 1974 1753 sqq.

1083 1780 1141 1787 -—
1170 1751 1270 1794 MS.
1298 1751 1332 1793 F·
1337 1752 1421 1795 lor.
1446 1759 1554 1795 teste
1577 1751 1977 1810 Victorio-·pro,ut

1085 1808 1239 1852 scribit
1270 1809 1367 1849 uim
1383 1825 1398 1859 ,·
1437 1808 1506 1851 ed.
1531 1808 1649 1867 Spir.
1683 1812 1715 1852 ἴ.
1751 1837 1811 1846 --
1868 1810 1976 1853 Mox

1083 1867 1295 1908 animum
1310 1867 1585 1920 vultumque.-
1596 1866 1972 1911 converszs'MSS.
2000 1896 2002 1898 ψ

1082 1922 1205 1965 Flor.
1230 1926 1344 1971 (test.
1360 1921 1498 1978 Vict.)
1512 1921 1660 1966 Guelf.
1679 1926 1723 1978 (a
1737 1940 1803 1982 pr.
1819 1926 1975 1979 manu)

1082 1981 1190 2035 Reg.
1217 1978 1341 2022 Harl.
1366 1978 1498 2022 Bodl.
1522 1979 1622 2022 edd.
1643 1980 1759 2038 Spir.
1782 1980 1884 2024 Put.
1906 1980 1971 2023 M.

1084 2046 1126 2080 et
1148 2037 1205 2079 V.
1231 2034 1374 2094 Ryck.
1405 2036 1492 2091 (ed.
1518 2034 1637 2095 Spir.
1663 2040 1841 2080 vultum
1864 2039 1972 2080 ani-

1083 2096 1340 2149 mumque).
1419 2093 1553 2137 MSS.
1589 2093 1702 2151 Agr.
1740 2093 1891 2138 Guelf.
1929 2097 1970 2150 (a

1082 2167 1171 2251 seri,i
1194 2152 1346 2218 manu)
1383 2149 1483 2194 edd.
1513 2150 1725 2249 geroald.
1751 2151 1851 2196 Ale.
1872 2152 1965 2221 Mi-

1082 2225 1107 2252 c
1126 2226 1135 2230 ·
1177 2238 1187 2250 .
1243 2223 1402 2250 ammo
1452 2222 1510 2249 vu
1551 2224 1581 2250 u
1615 2223 1671 2250 ue
1958 2243 1969 2252 .

1081 2226 1319 2308 Ryhenanus
1346 2281 1369 2307 e
1392 2264 1492 2308 MS‘.
1512 2223 1629 2309 Ball.
1659 2223 1968 2310 edictloi'tz‘iaeiiiiii-

1081 2339 1212 2390 mum
1235 2325 1506 2388 vultumque
1522 2324 1752 2372 conversi,
1784 2339 1971 2390 eamque

1081 2380 1810 2505 ῗῆἳξῗῖἷξξεἶῗὲἓῗῗῖἵοῗοῧζῖ·
1834 2381 1970 2481 ι’ἔζὶἒῗζ

1079 2504 1154 2539 tur
1178 2494 1238 2536 ita
1269 2493 1354 2551 legi
1383 2494 1432 2536 in
1458 2493 1560 2537 MS.
1583 2494 1707 2537 Flor.
1789 2493 1873 2537 Cui
1898 2503 1967 2537 te-

1080 2550 1293 2595 stimonio
1318 2565 1424 2594 cum
1450 2550 1594 2594 obstet
1617 2549 1808 2594 Victorii
1829 2550 1969 2594 adno-

1079 2609 1186 2653 tatio
1229 2615 1271 2650 et
1302 2606 1553 2674 multorum
1586 2609 1808 2677 librorum
1851 2610 1968 2676 scri-

1078 2665 1967 2781 ξ’ῑῖἶῗιὲἶᾶᾞὲζῖἷῖιῖῗνωῗόἕῖῗιῗυὲΡξέἶ

1080 2780 1199 2824 neris
1223 2777 1426 2824 ablativis
1460 2777 1674 2821 absolutis
1703 2779 1765 2822 cf.
1793 2787 1887 2822 not.
1911 2782 1967 2825 ad

1079 2838 1167 2881 An.
1199 2838 1235 2884 1,
1258 2836 1328 2879 29,
1364 2835 1446 2878 sub
1475 2851 1519 2880 v.
1547 2836 1806 2880 orantibus.
1865 2837 1969 2881 Non
2040 2841 2049 2850 ”

1080 2895 1235 2938 tacebo
1266 2893 1311 2934 in
1335 2892 1438 2935 MS.
1462 2892 1582 2936 Flor.
1606 2901 1706 2939 test.
1733 2893 1848 2937 Viet.
1881 2894 1967 2954 legi

1079 2950 1351 3000 adtulisset,
1382 2957 1424 2991 et
1446 2951 1726 3006 voltumque.

1134 3024 1191 3051 ac
1216 3020 1411 3061 parum.
1489 3005 1686 3051 Ursinus
1717 3013 1759 3051 et
1794 3008 1962 3052 Acida-

1080 3065 1166 3108 lius
1199 3064 1410 3107 volebant
1440 3072 1527 3106 aut
1563 3079 1755 3118 parum.
1825 3066 1961 3109 Male.

1079 3121 1241 3165 Nullus
1262 3119 1334 3164 hic
1363 3127 1428 3163 est
1451 3122 1693 3178 particulae
1717 3129 1801 3165 aut
1824 3121 1963 3166 locus.

1134 3181 1313 3221 arduus
1344 3191 1505 3220 rerum
1540 3178 1750 3221 omnium
1782 3183 1966 3222 modus.

1080 3235 1157 3280 Sic
1181 3237 1268 3277 An.
1295 3236 1332 3285 1,
1355 3236 1424 3277 11.
1449 3238 1657 3278 arduum
1692 3244 1853 3280 cuncta
1885 3251 1962 3279 re-

1078 3293 1222 3347 gendi
1254 3306 1381 3335 onus.
1415 3319 1474 3328 -
1529 3293 1639 3336 Mox
1671 3293 1772 3337 MS.
1813 3292 1961 3336 Guelf.

1074 3351 1264 3405 privata
1286 3365 1370 3406 pro
1392 3351 1594 3403 privato.

1145 3410 1310 3449 eadem
1359 3406 1530 3450 dicenti
1576 3415 1690 3449 nota
1738 3410 1960 3450 adulatio.

1079 3464 1163 3507 Ed.
1200 3463 1317 3519 spir.
1351 3467 1516 3506 eudem
1556 3466 1749 3506 dicenda
1793 3467 1959 3507 adula-

1082 3522 1159 3563 tio.
1217 3520 1318 3563 MS.
1335 3519 1489 3564 ‘Guelf.
1513 3521 1609 3565 edd.
1634 3521 1734 3563 Put.
1756 3520 1963 3566 Beroald.

1078 3580 1202 3634 (cum
1226 3575 1296 3622 sil.
1323 3576 1460 3634 Vict.)
1493 3578 1595 3624 Ale.
1624 3577 1830 3623 Rhenan.
1856 3576 1961 3646 ᾼΙά.
