2138 4030
625 229 792 290 LIB.
832 229 877 289 1.
959 225 1152 288 CAP.
1182 229 1282 287 62.
1317 229 1416 286 63.
1868 231 1946 288 91

101 368 240 434 suit,
280 376 346 421 ut
371 359 528 419 haud
559 360 807 416 dubium
832 378 1078 432 magnae
1107 369 1163 414 et
1185 375 1501 432 prosperae
1528 358 1614 413 rei
1645 380 1819 416 omen
1854 370 1952 417 ae—

101 452 409 526 ciperetur.

184 232 214 268 A
227 254 237 264 .
257 230 310 265 U.
331 229 413 263 823.

186 278 237 310 A.
255 272 304 311 C.
342 271 414 308 '7⁰.

267 542 486 617 LXIH.
528 553 609 612 Et
632 555 925 611 Treveros
954 555 1194 631 quidem
1218 563 1287 609 ut
1314 552 1501 607 socios
1525 552 1713 607 securi
1737 555 1949 614 adiere.
1994 561 1997 564 ⁴

104 643 399 704 Divoduri
425 639 1042 719 (Mediomatricorum
1069 641 1128 695 id
1159 637 1445 712 oppidum
1470 634 1581 714 est)
1616 657 1951 714 quanquam

105 730 268 787 omni
295 728 564 785 comitate
592 737 856 800 exceptos
885 725 1112 781 subitus
1134 742 1321 798 pavor
1354 722 1595 790 terruit,
1637 723 1819 795 raptis
1856 744 1952 779 re-

103 826 275 890 pente
309 813 485 869 armis
520 812 594 866 ad
635 813 868 867 caedem
902 810 1175 866 innoxiae
1219 806 1468 863 civitatis
1502 826 1630 862 non
1667 807 1744 862 ob
1767 820 1953 881 ‘prae-

105 902 238 955 dam
266 910 366 954 aut
392 897 686 971 spoliandi
713 896 1019 970 cupidine,
1064 894 1162 949 sed
1192 893 1392 948 furore
1419 904 1475 948 et
1498 891 1744 956 rabie'et
1768 893 1955 947 causis

105 983 342 1039 incertis
382 1003 566 1057 eoque
608 981 1041 1037 difficilioribus
1078 977 1385 1046 remediis,
1447 977 1636 1032 donec
1681 977 1955 1051 Precibus

105 1069 270 1126 ducis
312 1067 564 1139 mitigati
606 1068 680 1122 ab
728 1066 950 1121 excidio
991 1063 1243 1120 civitatis
1289 1073 1706 1136 temperavere.
1790 1081 1957 1117 caesa

105 1163 302 1210 tamen
338 1153 411 1208 ad
450 1163 727 1228 quattuor
760 1151 947 1206 millia
981 1145 1313 1205 hominum.
1400 1147 1566 1222 isque
1591 1157 1780 1202 terror
1808 1144 1926 1202 Gal
1946 1181 1958 1192 -

106 1239 213 1294 lias
238 1237 485 1305 invasit,
527 1250 594 1293 ut
628 1235 894 1291 venienti
924 1254 1062 1290 mox
1099 1232 1320 1305 agmini
1351 1232 1660 1288 universae
1695 1231 1957 1288 civitates

106 1344 240 1380 cum
282 1321 715 1396 magistratibus
750 1332 806 1377 et
837 1320 1110 1396 precibus
1148 1329 1550 1387 occurrerent,
1606 1317 1800 1374 stratis
1852 1337 1958 1392 per

107 1524 328 1580 interrita
350 1538 474 1580 alitis
488 1539 531 1595 f.
555 1537 688 1581 MSS.
713 1537 836 1581 Harl.
860 1535 995 1579 Bodl.

18 1602 25 1612 ’
107 1596 190 1639 les.
216 1594 365 1638 Gu'etf.
399 1595 502 1639 edd.
526 1596 627 1637 Put.
657 1595 722 1638 Μ.
753 1604 795 1638 et
818 1596 873 1638 V.
897 1595 998 1637 Ber.

107 1654 228 1707 (cum
261 1653 330 1696 sil.
360 1652 504 1708 Viet.)
536 1655 632 1696 Alc.
664 1677 723 1685 —-
783 1668 840 1694 ea
877 1654 999 1707 quies

107 1713 346 1826 ze'JEteggzi'trsz:
386 1725 444 1752 ea
475 1713 574 1754 ales
594 1711 695 1767 suit
726 1709 824 1753 MS.
857 1709 996 1753 Corb.

164 1853 318 1880 omen.
379 1837 463 1880 Ed.
487 1838 607 1894 Spir.
631 1852 814 1880 nomen.

165 1906 276 1950 CAP.
316 1907 389 1950 63.
460 1909 699 1951 Treveros.
770 1908 846 1951 Sic
893 1907 996 1950 edd.

109 1964 227 2023 Lips.
260 1978 362 2023 sqq.
397 1981 500 2007 cum
535 1965 634 2008 MS.
664 1965 816 2008 Guelf.
851 1982 873 2007 a
907 1982 996 2008 sec.

109 2037 260 2064 manu.
286 2044 347 2054 -
403 2023 618 2064 Treviros
639 2022 742 2065 edd.
765 2031 866 2065 ante
878 2022 997 2079 Lips.

111 2079 170 2124 ef.
199 2087 294 2122 not.
327 2079 380 2121 ad
402 2081 492 2124 An.
521 2082 560 2128 1,
584 2082 655 2123 41.

167 2157 219 2192 ut
237 2151 398 2194 socios.
455 2149 541 2194 Ed.
565 2151 682 2208 Spir.
712 2157 757 2192 et
778 2150 941 2193 socios.

166 2221 419 2265 Divoduri.
478 2221 554 2265 Sic
577 2220 709 2266 MSS.
731 2220 854 2264 Flor.
879 2221 998 2276 (test.

112 2279 250 2336 Vict.)
283 2279 391 2335 Reg.
424 2279 527 2322 edd.
559 2279 675 2335 Spir.
708 2274 854 2321 Rhen.
891 2274 998 2322 Ard.

114 2353 165 2395 sq
202 2367 212 2385 .,
245 2343 288 2378 et
314 2337 385 2380 ed.
410 2335 527 2394 Spir.
558 2336 715 2380 scribit
743 2338 850 2378 diuo
877 2335 1002 2386 duri,

114 2409 176 2440 nu
200 2395 238 2437 la
253 2393 537 2437 distinctione
554 2403 656 2436 ante
675 2395 784 2436 diuo
801 2391 932 2437 facta.
948 2416 1004 2425 —

114 2450 433 2500 Dinodurium
464 2450 599 2496 MSS.
618 2451 740 2494 Harl.
764 2450 896 2496 Bodl.
920 2450 1003 2492 les.

116 2506 267 2551 Guelf.
294 2506 370 2562 (ibi
392 2518 454 2554 est
467 2509 769 2563 Dinodrium)
791 2507 889 2550 edd.
903 2507 1003 2551 Pur.

115 2566 183 2608 M.
218 2573 259 2607 et
287 2565 340 2607 V.
366 2565 571 2608 Beroald.
601 2565 703 2609 Alc.
746 2589 802 2597 —
870 2567 1005 2606 diuo-

115 2623 213 2665 ἀνία
225 2621 452 2667 MS.Bud.
482 2626 595 2678 (test.
614 2621 819 2679 Oberl.);
848 2623 1004 2665 Deve-

117 2683 285 2723 druros
307 2679 406 2722 MS.
431 2681 567 2725 Corb.

172 2746 409 2792 exceptos.
467 2738 550 2780 Ed.
572 2736 690 2795 Spir.
719 2744 948 2792 acceptos.

173 2798 354 2838 terruit.
429 2794 505 2839 Sic
543 2793 677 2836 MSS.
720 2794 844 2837 Flor.
888 2796 1004 2849 (test.

118 2851 239 2894 Vict.
271 2868 376 2894 cum
405 2851 494 2894 lac.
523 2849 688 2907 Gron.)
714 2852 826 2895 Bud.
852 2850 1010 2895 Guelf.

116 2907 241 2957 Harl.
266 2908 396 2950 Bodl.
423 2908 504 2952 les.
538 2908 637 2954 edd.
662 2910 766 2952 Put.
792 2909 858 2951 M.
887 2918 930 2955 et
950 2909 1006 2952 V.

119 2973 164 3009 et
197 2964 313 3008 inter
345 2965 618 3022 recentiores
651 2968 740 3010 lac.
773 2966 930 3010 Gron.-
950 2990 1008 2999 —-

122 3025 367 3065 exterruit*
395 3023 530 3066 MSS.
573 3022 683 3080 Reg.
713 3022 846 3068 Corb.
883 3024 1006 3067 Harl.

121 3080 163 3132 (a
198 3095 284 3122 sec.
320 3082 470 3136 manu)
507 3080 608 3124 edd.
642 3082 758 3138 Spir.
783 3081 885 3124 Ber.
905 3080 1008 3124 Alc.

119 3134 265 3179 Rhea.
289 3136 391 3179 Ald.
417 3154 514 3195 sqq.
546 3145 588 3180 et
621 3146 720 3195 post
751 3139 837 3185 lac.
863 3138 1007 3181 Gron.

123 3193 223 3241 edd.
243 3192 418 3236 Ernest.
442 3196 566 3238 Brot.
590 3211 687 3252 sqq.
746 3194 863 3238 Nam
893 3195 1008 3253 legi-.-

122 3252 279 3295 timum
311 3251 354 3292 in
387 3251 461 3295 tali
493 3251 686 3295 formula
708 3254 893 3296 verbum
917 3269 1008 3296 esse

125 3315 365 3356 exterrere
426 3309 703 3354 adseveravit
761 3309 1008 3354 Ernestius.

126 3365 215 3410 Sed
247 3381 340 3413 non
374 3367 501 3410 video
534 3381 625 3423 quo
653 3368 837 3413 nomine
872 3368 1010 3425 magis

124 3420 369 3479 legitimum
407 3422 478 3467 hic
512 3423 567 3466 sit
601 3430 837 3466 exterrere
878 3441 1012 3482 quam

130 3485 330 3530 terrere,

131 3535 289 3591 posuit.
351 3551 376 3580 c
399 3568 410 3581 .
441 3537 526 3582 An.
560 3540 597 3593 1,
623 3537 695 3581 65.
727 3541 890 3588 ducem
921 3547 1015 3586 ter.-

412 3481 499 3528 uod
542 3480 724 3539 saepius
747 3481 909 3525 Noster
952 3485 1016 3525 sic
1088 3482 1147 3527 cs.
1179 3480 1311 3526 Roth.

1067 1536 1163 1578 ruit
1187 1535 1295 1576 dira
1322 1533 1466 1589 quies.
1526 1533 1638 1576 ibid.
1665 1548 1702 1576 c.
1721 1533 1789 1577 66.
1820 1547 1963 1589 equus

1071 1597 1275 1635 clamore
1306 1593 1511 1634 territus.

1084 1653 1088 1660 '
1126 1651 1279 1703 raptis
1310 1656 1496 1704 repente
1530 1648 1691 1693 armis.
1751 1646 1828 1692 Sic
1859 1649 1961 1693 MS.

1071 1707 1223 1751 Guelf.
1249 1706 1349 1749 edd.
1373 1721 1545 1748 omnes.
1605 1705 1799 1749 Pichena
1823 1705 1961 1750 eMS.

1070 1766 1197 1809 Flor.
1245 1763 1387 1806 adfert
1429 1764 1631 1817 raptis-ve
1675 1771 1863 1817 repente
1903 1779 1962 1813 a„

1068 1822 1191 1866 unde
1222 1820 1604 1878 ipseconiiciebat
1626 1822 1889 1876 raptisque,
1928 1822 1964 1866 Ι.

1070 1881 1145 1923 Fr.
1187 1877 1451 1921 Gronovius
1502 1879 1653 1930 raptis
1700 1881 1962 1936 derepente,

1071 1936 1191 1994 quod
1214 1934 1352 1978 edidit
1376 1935 1462 1979 Iac.
1490 1933 1775 1986 Gronovius,
1805 1936 1883 1993 qui
1905 1945 1966 1979 ta·

1071 2010 1175 2037 men
1198 1993 1244 2035 in
1258 1992 1361 2034 MS.
1377 1991 1499 2035 Flor.
1522 1991 1637 2034 vidit
1659 1993 1812 2046 raptis
1833 2009 1964 2036 aere-

1064 2058 1224 2107 pente.
1313 2048 1543 2092 Victorius
1583 2049 1734 2091 locum
1788 2050 1965 2095 silentio

1069 2105 1289 2151 tramittit.
1359 2105 1566 2152 Heinsius
1597 2105 1778 2151 volebat
1812 2108 1861 2154 υί
1889 2123 1967 2151 re·-

1066 2166 1276 2221 pentina.
1346 2163 1514 2206 Melius
1550 2164 1596 2205 in
1637 2165 1816 2220 vulgata
1861 2168 1968 2210 scri-

1071 2231 1201 2282 ptura
1239 2220 1579 2279 acquiescimus.
1655 2220 1769 2264 Nam
1806 2239 1967 2281 parum

1072 2278 1293 2323 momenti
1313 2288 1376 2321 est
1397 2279 1441 2321 in
1463 2280 1535 2327 illa
1557 2277 1658 2322 cod.
1683 2278 1807 2323 Flor.
1830 2283 1969 2327 varie-

1072 2345 1174 2388 tate,
1206 2336 1311 2393 quia
1335 2335 1502 2393 syllaba
1526 2335 1691 2393 litigata
1715 2338 1900 2394 ponitur
1922 2340 1971 2382 in

1073 2396 1160 2439 fine
1181 2392 1385 2436 versiculi
1409 2402 1452 2436 et
1473 2393 1647 2436 videtur
1666 2409 1757 2436 esse
1781 2410 1864 2452 pro
1886 2397 1972 2454 syl-

1076 2453 1174 2494 laba
1211 2450 1356 2508 prima
1390 2450 1616 2507 sequentis
1648 2450 1788 2494 vocis.
1850 2452 1971 2498 Hine

1036 2552 1040 2555 ,
1075 2509 1186 2553 illud
1216 2507 1403 2551 Victorii
1429 2507 1673 2550 silentium.

1134 2565 1377 2622 spoliandi
1409 2566 1638 2618 cupidine.
1717 2563 1795 2608 Sic
1833 2565 1972 2611 MSS.

1076 2623 1189 2681 Reg.
1225 2622 1362 2666 Corb.
1396 2622 1507 2679 Agr.
1543 2622 1644 2664 edd.
1679 2621 1797 2679 Spir.
1822 2623 1968 2692 Ryek.

1075 2682 1253 2725 Ernest.
1275 2695 1374 2736 sqq.
1412 2707 1472 2715 -
1528 2679 1763 2732 spoliandi
1790 2683 1970 2736 cupzdi..
2039 2719 2043 2725 ,

1076 2754 1189 2782 nem
1229 2737 1365 2780 MSS.
1406 2736 1520 2779 Bud.
1564 2735 1687 2780 Harl.
1719 2737 1851 2781 Bodl.
1885 2739 1971 2784 les.

1078 2795 1232 2839 Guelf.
1265 2793 1369 2837 edd.
1399 2793 1504 2836 Put.
1529 2793 1632 2835 Ber.
1664 2794 1684 2849 ζ
1713 2810 1788 2836 um
1824 2796 1973 2842 silent.

1075 2853 1212 2908 Vici.)
1239 2852 1340 2896 Alc.
1363 2850 1505 2894 Rhen.
1533 2865 1629 2907 sqq.
1661 2811 1716 2894 aii
1748 2851 1973 2909 Ryckium

1078 2919 1122 2954 et
1145 2910 1247 2952 dein
1270 2909 1358 2950 Iac.
1382 2907 1528 2951 Gron.
1586 2908 1679 2951 Nisi
1703 2908 1863 2962 fallor,
1889 2911 1973 2956 Ta.

1080 2968 1194 3010 citus
1223 2965 1399 3022 scripsit
1425 2967 1711 3020 cupidinem,
1756 2969 1973 3024 quoniam

1079 3024 1267 3069 variatio
1315 3030 1564 3066 structurae
1610 3024 1884 3081 aequabilius
1931 3036 1975 3071 et

1081 3081 1227 3139 aptius
1272 3078 1432 3137 incipit
1478 3095 1502 3121 a
1552 3082 1842 3137 sequentibus
1892 3083 1975 3127 de-

1080 3154 1230 3182 mum:
1278 3139 1363 3179 sed
1387 3137 1566 3192 surore
1606 3146 1692 3180 etc.
1769 3138 1897 3195 Quae
1938 3141 1975 3192 si

1081 3211 1174 3239 non
1204 3193 1430 3244 adessent,
1466 3204 1588 3238 recte
1614 3194 1879 3242 defenderes
1900 3214 1976 3240 cu·

1076 3251 1253 3309 pe'dine.

1137 3313 1201 3353 ad
1241 3315 1462 3365 quattuor
1493 3310 1660 3353 millia.
1729 3310 1814 3354 Ed.
1850 3311 1974 3370 Spir.

1084 3376 1127 3410 et
1151 3366 1251 3410 MS.
1275 3365 1412 3410 Corb.
1441 3368 1655 3410 omittunt
1679 3371 1758 3409 ad.

1144 3441 1250 3469 cum
1292 3423 1645 3476 magistratibus
1680 3432 1724 3465 et
1751 3426 1974 3478 precibus.

1431 3482 1500 3523 52.
1569 3481 1744 3524 Desunt
1778 3481 1886 3525 haee
1927 3483 1974 3531 iu

1092 3537 1190 3583 MS.
1225 3497 1394 3587 Guellt'
1460 3537 1607 3582 Ceteri
1654 3538 1753 3584 libri
1796 3537 1975 3590 habeut,
