2138 4030
232 287 316 350 46

789 231 1511 358 'HlsTO-RIARuM

1767 273 1940 315 A.15.1
1986 302 1999 312 .

1765 316 1891 356 mc.
1926 317 1983 361 ·’,

230 439 309 477 ne
343 427 471 474 tum
506 411 748 491 quidem
785 409 959 467 obliti
998 405 1374 466 adulationi&
1470 403 1660 480 Igitur
1691 410 2087 468 consultanti..

232 507 344 566 bus
367 499 589 577 placuit
609 495 934 574 pertentari
954 494 1222 550 animum
1249 487 1542 562 cohortis,
1559 516 1567 522 *
1584 512 1732 568 quae
1762 493 1830 550 in
1849 496 2085 571 palatio

234 587 546 647 stationem
571 583 807 657 agebat,
848 599 957 636 nec
976 578 1091 653 'per
1117 578 1314 651 ipsum
1339 573 1625 648 Galbam,
1669 579 1836 640 cuius
1859 580 2087 655 integra

232 671 545 743 auctoritas
566 666 892 725 maioribus
913 662 1194 719 remediis
1215 662 1576 722 servabatur.

1661 661 1799 721 Piso
1819 685 1929 741 pro
1954 685 2090 740 gra..

234 761 410 818 dibus
464 757 676 813 domus
723 760 961 808 vocatos
1011 748 1078 803 in
1125 742 1287 804 hunc
1324 747 1570 804 modum
1618 749 1927 809 adlocutus
1976 762 2087 809 est:

232 844 489 918 „Sextus
523 840 648 897 dies
685 836 914 910 agitur,
956 832 1417 902 commilitone5‚
1461 852 1530 888 ex
1566 853 1682 909 quo
1718 834 1959 909 ignarus
1990 838 2088 894 fu-
2115 835 2124 843 ’

234 929 436 1004 ,,’ῐι11·ἱ,
491 936 549 983 et
594 923 717 980 sive
771 920 1101 996 optandum
1153 913 1268 974 hoc
1317 938 1539 974 nomen
1592 918 1714 975 sive
1738 920 2089 989 &timendum

234 1064 270 1089 ‚‚
281 1026 406 1074 erat
416 1059 434 1085 ,

517 1008 733 1068 Caesar
794 1004 1052 1063 adscitus
1111 1022 1268 1060 sum:

1356 1003 1520 1080 quod
1582 1004 1794 1062 domus
1854 1017 2089 1064 nostrae

234 1113 384 1175 „aut
422 1095 511 1155 rei
554 1093 826 1171 publicae
869 1092 1059 1148 satum
1103 1088 1168 1147 in
1214 1098 1406 1145 vestra
1453 1107 1638 1146 manu
1679 1091 1938 1166 positum
1980 1100 2090 1159 rest.

235 1324 403 1366 lentes.
469 1313 581 1359 Infr.
619 1328 663 1357 c.
682 1308 756 1355 42.
775 1310 928 1367 finxit
949 1307 1126 1367 formi-

234 1382 358 1425 dine.
416 1374 593 1431 Pugnat
617 1386 699 1429 pro
727 1369 810 1413 hac
830 1367 1008 1412 ratione
1032 1364 1127 1409 Sel-

192 1440 193 1443 ’
233 1439 344 1495 ling.
368 1435 417 1478 in
443 1430 675 1475 Observv.
712 1444 758 1487 p.
784 1427 854 1470 11.
926 1425 1015 1469 Sed
1036 1423 1126 1468 lac.

236 1489 462 1540 Gronovii
487 1482 598 1530 fides
625 1485 702 1529 hic
733 1490 938 1542 suspecta
967 1490 1033 1526 est
1065 1481 1124 1524 ob

234 1549 467 1600 silentium
487 1542 680 1588 Victorii
706 1550 748 1587 et
767 1540 1010 1605 Pichenae=
1039 1553 1127 1581 nec

234 1606 513 1672 spernendus
582 1609 837 1645 ceterorum
901 1598 1125 1665 librorum

234 1679 499 1716 consensus.
577 1658 791 1702 Ceterum
812 1657 1126 1721 formzdznern

234 1728 272 1774 si
295 1724 427 1782 legis,
456 1733 514 1762 ne
540 1714 741 1772 intellige
769 1713 998 1779 adfecturn
1028 1728 1128 1754 am-

235 1785 317 1835 mi,
341 1779 418 1825 sed
439 1792 511 1820 res
533 1771 872 1818 formidolosas.
926 1770 1003 1814 Sic
1025 1784 1129 1811 me·-

236 1851 319 1887 tus
341 1839 433 1882 An.
457 1837 495 1883 1,
516 1833 589 1876 40.
633 1830 735 1874 vid.
758 1830 822 1872 ibi
844 1835 943 1872 not.

291 1892 570 1951 pertentari.
627 1889 705 1933 Sic
717 1886 854 1934 MSS.
868 1885 992 1952 Flor.
1015 1886 1132 1953 (test.

236 1954 446 2004 Piehen.)
482 1947 636 1993 Guelf.
677 1955 720 1989 et
749 1945 946 1988 Broteru
981 1942 1134 1992 MSS„

239 2013 343 2059 edd.
366 2010 473 2053 Put.
498 2006 569 2050 Μ.
606 2014 648 2049 et
671 2002 730 2046 V.
760 2000 973 2045 Beroald.
1006 2001 1131 2052 (cum

237 2072 308 2118 sil.
330 2068 474 2118 Vief.)
497 2063 600 2109 Ale.
625 2071 669 2106 et
690 2060 795 2104 dein
810 2058 934 2102 Pich.
958 2072 1054 2114 sqq.
1072 2078 1132 2088 —

233 2123 500 2194 prptentari
537 2120 606 2164 ed.
647 2118 766 2177 Spir.
783 2151 795 2169 ‚
853 2116 918 2158 uti
968 2115 1133 2160 volunt

235 2188 355 2244 Lips.
390 2190 432 2226 et
457 2177 704 2236 Bipontini.
778 2171 959 2240 Sed-ef.
992 2187 1035 2215 c.
1056 2172 1129 2215 25

238 2254 283 2290 et
300 2246 392 2289 An.
416 2240 459 2289 6,
481 2238 554 2281 20.
589 2243 632 2278 et
666 2243 787 2278 recte
815 2230 1131 2297 ammadvertit

236 2297 470 2348 Ernestius
512 2299 820 2351 praetentare
867 2304 961 2332 esse
1007 2303 1130 2346 prius

236 2364 519 2422 pertentare,
579 2350 702 2409 quod
751 2347 857 2392 huic
892 2346 996 2390 loco
1036 2360 1130 2389 non

237 2403 1130 2520 3523..-⁰131¹3²¹i32dffldifiih311211131

237 2533 294 2578 ad
315 2528 580 2574 Pichenam.
624 2540 626 2542 ·

296 2592 494 2640 integra.
552 2580 638 2628 Ed.
664 2578 782 2638 Spir.
806 2580 1001 2645 integre.

295 2652 499 2688 vocatos.
556 2637 779 2696 MS.Agr.
798 2636 1004 2693 ed.Sp1r.
1030 2649 1134 2677 euo-

240 2713 385 2749 catos.
442 2699 614 2742 Eadem
636 2696 708 2740 ed.
724 2694 840 2753 Spir.
863 2697 1028 2736 domos
1050 2707 1134 2750 pro

274 2773 427 2805 omas.

240 2767 272 2807 d
301 2819 564 2861 adlocutus.
635 2810 711 2855 Sic
742 2807 847 2852 MS.
878 2807 1001 2852 Flor.
1035 2813 1137 2850 test.

242 2876 391 2927 Viet.;
418 2875 628 2915 elocutus
650 2866 876 2925 ed.Spir.;
906 2868 1140 2908 allocutus

244 2934 347 2980 edd.
390 2931 495 2974 Put.
538 2927 642 2970 Ber.
685 2941 814 2983 sqq.;
872 2926 1139 2990 alloquutus

242 2991 347 3038 MS.
374 2984 527 3031 Guelf.
560 3008 615 3017 —
666 2984 779 3026 Mox
801 2981 869 3025 ed.
891 2980 1008 3039 Spir.
1041 2993 1139 3021 swe

247 3050 512 3106 optandum
525 3030 642 3086 *emt
663 3042 746 3083 hoc
765 3055 938 3083 nomen
958 3038 1056 3081 sive
1076 3037 1137 3078 ti-

246 3109 488 3152 mendum.

238 3194 243 3196 —
302 3162 521 3208 adscitus.
587 3154 664 3198 Sic
696 3151 832 3206 MSS,
856 3153 982 3197 Flor.
1020 3152 1137 3208 (test.

247 3213 568 3320 Vict.})Guelf.
594 3212 663 3270 ed.
691 3212 810 3269 Spir.
849 3237 907 3246 —
965 3211 1141 3254 ascitus

249 3279 351 3325 edd.
417 3283 481 3318 ut.
505 3286 604 3329 sqq.

307 3338 432 3394 quod
463 3335 628 3375 domus
659 3343 706 3370 n.
739 3334 824 3369 aut
844 3341 885 3370 r.
902 3341 950 3380 p.
972 3325 1139 3383 satum

248 3399 278 3442 ἰ.
314 3411 358 3438 υ.
391 3406 455 3435 m.
484 3405 533 3445 ρ.
570 3393 650 3428 est.
707 3399 801 3426 non
846 3392 931 3426 etc.
1001 3381 1137 3426 MSS.

249 3455 371 3499 Flor.
405 3452 523 3504 (test.
546 3441 710 3501 Ryek.)
747 3441 856 3499 Reg.
885 3442 993 3498 Agr.
1017 3438 1136 3508 llud.

249 3508 403 3557 Guelf.
433 3504 533 3550 edd.
554 3500 586 3543 S
619 3500 673 3543 ir.
696 3498 800 3542 Ber.
842 3499 963 3553 (cum
998 3498 1139 3541 silent.

251 3565 391 3623 vict.)
435 3563 537 3607 Alc.
583 3517 773 3602 Habent:
831 3571 922 3611 quo
971 3559 1139 3598 domus

250 3633 440 3671 nostrae
462 3626 545 3663 aut
570 3631 608 3660 r.
625 3632 673 3669 p.
700 3614 863 3671 satum
888 3621 969 3657 etc.
1004 3622 1045 3654 et
1069 3613 1138 3654 od.

1198 1304 1318 1364 Spir.
1352 1303 1537 1363 quidem
1580 1305 1841 1367 coniungitt'
1885 1309 2094 1353 adscitus

1197 1379 1305 1407 sum
1330 1379 1419 1421 quo
1440 1366 1611 1406 domus
1627 1371 1734 1418 etc-3
1764 1367 1834 1410 ed.
1845 1365 1946 1412 Ber.
1961 1381 2094 1411 sum:

1198 1437 1288 1478 quo
1329 1430 1415 1467 ete.
1485 1421 1670 1478 Bipont.
1705 1431 1750 1466 et
1784 1423 1943 1468 Oberl.
1981 1424 2092 1469 haec

1197 1478 1377 1522 edidere
1411 1477 1503 1522 sic:
1551 1494 1598 1522 a.
1633 1493 1756 1523 sum.
1829 1481 1934 1540 Quo
1965 1486 2012 1527 d.
2042 1496 2092 1526 n.

1196 1545 1281 1579 aut
1312 1550 1354 1580 r.
1381 1551 1430 1591 p.
1451 1536 1617 1593 fatum
1647 1537 1699 1579 in
1730 1553 1776 1582 v.
1802 1555 1866 1584 m.
1886 1542 2094 1595 positum

1196 1601 1297 1644 est;
1333 1608 1457 1646 non,
1499 1595 1610 1651 quia
1643 1603 1728 1640 etc.
1761 1596 1930 1641 idoneo
1962 1614 2096 1642 sensu

1197 1649 1343 1694 nullo.
1420 1651 1536 1694 Nam
1572 1653 1672 1710 'quo
1714 1654 1935 1699 referatur
1980 1654 2093 1700 illud

1199 1724 1288 1764 quo
1312 1724 1408 1753 non
1440 1719 1635 1768 apparet.
1690 1709 1876 1757 Scilicet
1897 1730 1950 1758 eo
1971 1713 2096 1771 quod

1198 1766 1306 1811 Piso
1338 1766 1501 1810 Caesar
1533 1768 1727 1812 adscitus
1755 1779 1864 1815 erat.
1921 1772 2011 1816 Sed
2042 1787 2096 1815 eo

1198 1824 1345 1868 satum
1390 1824 1457 1868 rei
1494 1825 1699 1882 publicae
1742 1844 1837 1872 non
1873 1828 2013 1888 magis
2046 1829 2096 1872 in

1201 1881 1400 1926 militum
1425 1897 1565 1925 manu
1589 1883 1788 1941 positum
1810 1885 1920 1940 fuit,
1957 1903 2098 1946 quam

1202 1949 1346 1983 antea.
1407 1939 1695 1991 Salebrosum
1721 1958 1902 2002 quoque
1925 1954 1990 1990 est
2023 1944 2095 1989 di-

1203 1998 1336 2041 cendi
1370 2013 1525 2055 genus.
1584 1997 1702 2041 Nam
1737 2016 1827 2057 quo
1858 2018 1942 2062 pro
1973 2006 2099 2060 quod

1201 2070 1257 2098 eo
1293 2055 1342 2098 in
1374 2055 1450 2098 tali
1481 2063 1688 2099 contextu
1723 2073 1862 2102 nemo
1895 2075 2096 2119 unquam

1201 2112 1325 2156 dixit.
1386 2112 1504 2155 Sunt
1534 2113 1611 2170 qui
1641 2128 1732 2170 quo
1750 2116 2099 2174 interpretentur

1201 2186 1256 2214 eo
1291 2173 1414 2227 quod
1453 2170 1521 2213 vel
1556 2178 1810 2226 propterea
1847 2179 1997 2232 quod,
2048 2185 2098 2221 ut

1201 2243 1297 2271 non
1347 2226 1612 2285 respiciatur
1663 2230 1718 2274 ad
1770 2233 2099 2291 praecedentia,

1202 2285 1280 2329 sed
1303 2284 1359 2328 ad
1383 2300 1575 2342 sequens
1598 2289 1747 2333 doleo,
1807 2289 1982 2334 Verum
2009 2291 2100 2337 hoc

1200 2343 1401 2389 verbum.
1419 2342 1522 2386 satis
1546 2343 1676 2387 habet
1701 2346 1750 2388 in
1769 2361 1868 2405 sqq.
1885 2363 1976 2405 quo
1998 2365 2098 2408 per·

1202 2400 1366 2452 tineat,
1395 2416 1459 2444 sc.
1482 2402 1528 2443 si
1542 2402 1672 2445 nobis
1695 2410 1808 2455 etc.,
1845 2411 1890 2447 et
1909 2421 2000 2462 quo
2024 2406 2099 2451 hic

1202 2458 1359 2515 nequit
1382 2473 1476 2500 esse
1497 2468 1750 2514 propterea
1772 2465 1920 2517 quod,
1950 2463 2037 2508 nisi
2063 2464 2100 2508 si

1203 2515 1394 2559 absurda
1427 2531 1539 2573 quae
1575 2531 1629 2559 ue
1662 2515 1818 2562 Tacito
1860 2521 2102 2566 convenire

1203 2580 1347 2633 putes.
1404 2572 1557 2616 strom
1595 2607 1606 2618 .
1627 2574 1931 2632 plenissimam
1951 2578 2100 2622 inter-

1205 2629 1502 2691 punctionem
1541 2633 1671 2691 ponit
1704 2641 1806 2677 ante
1839 2649 1939 2678 non
1974 2637 2102 2694 quia,

1208 2697 1251 2733 et
1270 2689 1426 2732 locum
1457 2704 1547 2744 quo
1582 2719 1594 2732 .
1621 2720 1633 2733 .
1660 2720 1674 2733 .
1704 2690 1914 2746 posz'tum
1937 2702 2006 2738 est
2032 2694 2101 2738 in-

1206 2754 1479 2803 terpretatur
1519 2746 1609 2792 sic:
1666 2749 1921 2794 hierdurch
1962 2755 2104 2795 ward

1206 2806 1356 2860 gelegt
1377 2804 1427 2844 in
1450 2818 1559 2847 eure
1579 2804 1726 2848 Hand
1748 2821 1940 2851 anseres
1961 2809 2100 2852 Hau-

1209 2875 1285 2904 ses
1331 2864 1431 2903 und
1475 2866 1558 2905 des
1607 2865 1854 2917 gemeinen
1902 2865 2104 2911 mseras

1209 2917 1462 2963 Schicksal.
1523 2918 1611 2963 Sed
1635 2930 1792 2965 contra
1811 2921 1928 2967 hanc
1958 2924 2101 2968 ratio-

1210 2992 1318 3019 nem
1347 2985 1502 3035 repeto
1533 2976 1674 3021 saturn
1705 2978 1770 3022 rei
1793 2980 1999 3038 publicae
2020 2982 2101 3025 ad-

1210 3034 1394 3091 optione
1427 3034 1502 3078 illa
1533 3051 1627 3079 non
1661 3037 1877 3095 magis‘in
1906 3037 2102 3083 militum

1209 3107 1347 3134 manu
1390 3094 1586 3149 positum
1626 3092 1791 3148 fuisse,
1873 3110 1976 3138 uam
2018 3113 2101 3139 an-

1209 3158 1295 3193 tea.
1327 3173 1382 3183 -—-
1423 3148 1722 3194 Transeamus
1746 3151 1800 3195 ad
1822 3167 1845 3195 a
1866 3153 1957 3195 ium
1980 3151 2104 3198 hunc

1209 3207 1363 3250 locum
1390 3207 1692 3251 constituendi
1723 3207 1926 3255 modum.
1982 3209 2100 3254 Edd.

1208 3263 1315 3308 Put.
1352 3263 1422 3307 M.
1458 3274 1501 3308 et
1535 3262 1594 3309 V.
1629 3263 1774 3308 Rhen.
1820 3282 1920 3324 sqq.
1967 3282 2104 3311 sum:

1211 3335 1301 3377 quo
1338 3324 1507 3365 domus
1536 3337 1583 3366 n.
1614 3329 1699 3366 aut
1724 3337 1766 3366 r.
1792 3339 1826 3377 p
1865 3324 2001 3381 fato,
2051 3326 2102 3368 in

1207 3386 1368 3422 vestra
1421 3395 1571 3422 manu
1612 3381 1816 3435 positum
1862 3389 1944 3425 est.
2005 3397 2104 3426 non

1209 3439 1318 3493 quia
1344 3445 1427 3480 etc.
1487 3437 1674 3482 Placent
1705 3436 1817 3482 haec
1841 3437 2103 3484 Gutmanno

1209 3502 1252 3536 et
1274 3493 1535 3538 Ricklefsio.
1593 3494 1788 3553 Repetiit
1821 3496 1950 3540 etiam
1981 3496 2105 3541 Bek-

1209 3550 1366 3604 kerus,
1409 3553 1485 3611 qui
1522 3561 1674 3596 tamen
1707 3553 1932 3611 virgulam
1954 3554 2105 3614 posuit

1211 3619 1311 3654 ante
1339 3625 1432 3655 non
1456 3613 1578 3667 quia.
1638 3610 1725 3655 Sed
1758 3620 1988 3671 utcunque
2017 3612 2104 3655 dis-
