2138 4030
125 245 180 279 A.
198 241 252 277 U.
269 241 356 282 82³,

127 286 179 321 A.
197 283 246 323 C.
294 285 356 320 70.

551 241 836 335 121ss„st
917 235 1111 301 CAP.
1147 241 1244 301 18.
1276 232 1379 301 19.

1771 244 1888 307 155

34 381 152 434 'nae
178 389 371 434 comes
395 372 717 450 Spurinna,
749 372 944 447 primo
973 382 1221 440 coactUS‚
1255 388 1394 427 mox
1414 371 1565 427 velle
1591 357 1890 447 simulam,

42 483 158 538 quo
194 460 335 537 plus
371 458 732 517 auctoritatis
770 458 984 513 inesset
1021 455 1314 526 consiliis,
1379 455 1428 510 si
1470 457 1680 515 seditio
1718 462 1894 520 mite-

43 558 243 626 sceret.

44 991 156 1046 Agr.
172 986 308 1032 corb.
323 983 667 1040 prouidentiam
685 981 812 1024 ducis
835 983 934 1022 lau·

43 1051 180 1090 dare.
266 1043 317 1086 ln
364 1058 464 1100 sqq.
500 1040 602 1083 Ms.
648 1042 754 1095 Agr.
798 1039 935 1094 (teste

43 1102 245 1158 Heinsio)
281 1101 388 1156 quin
409 1114 499 1154 pro
524 1098 700 1140 Othone
722 1103 791 1146 et;
830 1093 934 1138 MS.

43 1161 183 1204 Corb.
212 1161 447 1201 Othonem
473 1157 566 1200 sine
589 1153 932 1213 praepositione.

45 1219 288 1262 Diversum
329 1214 575 1272 scripturae
617 1227 756 1267 genus
791 1218 854 1252 est
886 1209 934 1250 in

44 1275 184 1318 MSS.
217 1273 334 1316 Bud.
372 1271 497 1314 Harl.
535 1269 668 1311 Bodl.
704 1268 784 1310 les.
830 1266 933 1308 edd.

46 1328 367 1376 Panthu-eald.
389 1344 511 1386 sqq„
537 1326 614 1384 qui
634 1324 737 1369 libri
760 1324 933 1366 ferunt:

46 1389 335 1443 tribunisque
397 1385 744 1441 providentiam
803 1381 933 1422 ducis

44 1447 368 1489 laudantibus:
427 1444 506 1498 qui
535 1455 625 1495 pro
669 1439 848 1481 Othone
888 1443 932 1478 et

45 1505 242 1546 accitum
291 1500 341 1542 C.
401 1500 725 1541 clamitabant.
827 1493 931 1537 MS.

48 1559 199 1604 Guelf.
216 1575 229 1601 ε
250 1586 258 1591 -
273 1558 558 1612 tribunisque
583 1554 931 1608 prouidentiam

46 1619 173 1660 ducis
212 1616 482 1658 laudatibus
523 1620 567 1654 et
603 1625 692 1666 pro
729 1611 934 1657 Othone:

48 1684 93 1718 et
139 1675 340 1716 accitum
391 1673 554 1714 Cecinff.
608 1670 934 1710 clamitabant.

50 1732 179 1787 Quae
227 1745 367 1786 quum
423 1725 645 1772 contextui
701 1722 936 1768 conciliari

49 1789 315 1847 nequirent,
356 1787 438 1828 viri
481 1784 602 1827 docti
641 1783 695 1825 de
733 1780 937 1824 emenda-

49 1848 175 1890 tione
218 1844 307 1888 loci
346 1841 616 1899 cogitarunt.
699 1839 939 1882 Rhenanus

50 1903 254 1949 volebat:
293 1900 579 1954 tribunisque
602 1930 613 1940 ,
630 1928 642 1940 .
660 1929 672 1940 .
697 1894 939 1941 laudanti-

49 1964 158 2008 bus,
204 1958 287 2013 qui
313 1972 404 2011 pro
436 1955 617 2009 Othone
647 1955 788 1996 etiam
818 1952 940 1994 acci-

52 2026 154 2059 tum
193 2018 246 2058 Ε.
288 2015 609 2058 clamitabant.
690 2010 937 2053 Danesius:

52 2075 162 2131 quin
179 2087 267 2127 pro
291 2071 478 2113 Othone
500 2071 640 2112 etiam
663 2076 748 2111 etc.
817 2066 938 2120 Mer·

52 2147 204 2176 cerus:
258 2131 368 2184 quin
423 2126 690 2182 proditione
744 2125 940 2165 accitum

55 2190 302 2231 Caecinam
337 2185 661 2228 clamitabant.
740 2180 858 2223 Nam
891 2179 940 2222 in

50 2242 321 2302 proditionis
361 2241 534 2286 crimen
577 2247 788 2285 vocatum
829 2238 940 2295 Spu·

51 2304 230 2346 rinnarn
263 2316 287 2342 a
314 2299 455 2343 milite
482 2298 636 2341 scribit
661 2296 940 2339 Plutarchus.

51 2359 267 2404 Pichenat
308 2360 418 2413 quin
448 2356 759 2410 proditionem
788 2360 831 2394 ee
861 2368 940 2394 ac-

53 2419 193 2461 citum
216 2423 298 2459 etc.
358 2414 484 2461 Idem
511 2414 649 2459 verba
674 2409 941 2469 praeceden-

53 2475 136 2517 tia:
174 2473 524 2528 providentiam
566 2470 697 2512 ducis
738 2470 942 2509 laudan·-

55 2532 173 2574 tibus
210 2528 455 2573 abiicienda
490 2529 724 2575 censebat,
778 2525 943 2582 quippe

57 2603 168 2644 quae
201 2603 224 2630 e
257 2602 295 2629 c.
321 2587 387 2629 19.
415 2586 489 2628 hic
517 2584 799 2642 inrepserint.
859 2581 942 2625 Al-

55 2654 195 2688 teram
232 2642 559 2692 emendationis
595 2649 765 2699 partem
803 2654 826 2682 a
861 2638 942 2681 Pi-

59 2702 196 2746 chena
229 2700 484 2758 propositae
515 2699 562 2741 in
585 2703 844 2741 contextum
870 2711 946 2738 re·-

59 2775 216 2816 cepere
238 2757 525 2800 Freinshem-
562 2755 768 2799 Gronov.
801 2752 944 2810 Ryek.

57 2816 254 2864 Ernest.‚
285 2813 363 2875 qui
395 2821 544 2858 tamen
565 2813 816 2855 toleravere
844 2826 943 2852 ver-

59 2875 115 2916 ba
135 2888 171 2939 ‘a
202 2871 393 2915 Pichena
425 2870 657 2920 damnata,
688 2883 945 2926 quanquam

9 2971 11 2974 .
60 2939 104 2973 et
132 2929 239 2987 ipsis
301 2943 527 2973 ersuasunn
559 2943 610 2969 ea
646 2932 738 2969 e'sse
778 2925 944 2982 spuria.

61 2986 203 3030 Eiecit
263 2945 523 3033 Eroterius,
588 2999 720 3042 quem
786 2982 947 3028 deinde

61 3059 217 3087 omnes
247 3044 385 3087 secuti
419 3052 536 3084 sunt.
619 3041 816 3096 Legunt:
858 3042 944 3083 tri·-

60 3102 278 3154 bunisque
292 3117 306 3150 ;
334 3100 441 3156 quin
461 3100 770 3152 proditionem
800 3105 843 3139 et
861 3113 946 3139 αεη

63 3160 204 3202 citum
234 3157 279 3199 C.
315 3157 640 3206 clamitabant,
681 3154 958 3197 adfirmant-‘

63 3230 150 3275 que
189 3213 419 3270 indignam
455 3229 547 3259 esse
576 3211 732 3255 Tacito
776 3226 948 3255 eorun-

64 3277 166 3316 dem
195 3271 442 3316 verborum
473 3268 799 3326 repetitionem.
857 3268 947 3312 Sed

65 3338 193 3374 caute
233 3327 401 3373 versari
447 3326 660 3369 debemus
693 3327 737 3368 in
772 3324 947 3371 talis-e.

66 3386 365 3443 lnrepserunt
384 3384 456 3426 illa
483 3399 506 3426 e
528 3399 624 3439 cap.
655 3383 725 3428 19.
793 3382 948 3439 Quae-

68 3443 203 3495 ritur,
237 3451 388 3486 utrum
423 3439 633 3484 consulto
667 3448 710 3482 et
736 3440 950 3498 interpre-

69 3499 248 3541 tamenti
294 3514 456 3548 causa,
515 3513 571 3540 an
624 3512 702 3554 per
748 3513 950 3541 errorem

69 3555 234 3598 librarii
256 3555 606 3599 additamentum
632 3553 743 3597 illud
768 3554 953 3599 intruse-

211 639 376 709 XIX.
461 637 781 714 Postquam
816 637 881 692 in
927 646 1242 711 conspectu
1269 604 1467 691 Padus
1516 646 1572 692 et
1619 620 1735 693 noi
1780 643 1897 697 fads·

43 729 299 805 petebat,
352 724 562 781 vallari
598 735 783 780 castra
819 721 1059 797 placuit.

1159 721 1208 775 is
1236 721 1414 777 ‘labor
1451 721 1681 778 urbano
1717 725 1896 783 militi

1003 980 1111 1023 rint.
1193 978 1413 1023 Consulto
1449 978 1561 1023 haec
1593 980 1738 1027 addita
1759 973 1892 1040 nego«.

1005 1037 1117 1081 Nam
1141 1035 1178 1079 si
1198 1037 1581 1095 interpretamenti
1602 1054 1736 1082 causa
1761 1041 1891 1084 libra-

1004 1094 1061 1136 rii
1105 1094 1399 1144 addidissent,
1460 1103 1508 1136 ut
1557 1095 1896 1154 intelligeretur,

1005 1167 1091 1208 qua
1129 1151 1176 1192 in
1223 1169 1270 1193 re
1311 1152 1596 1195 centuriones
1635 1153 1896 1213 tribunique

1005 1214 1094 1251 sint
1114 1208 1249 1267 spreti
1269 1225 1293 1251 a
1308 1209 1471 1261 milite3
1501 1209 1781 1267 scripsissent
1802 1229 1896 1256 non

1000 1267 1348 1320 providentiam
1390 1270 1515 1308 duas
1557 1270 1771 1320 laudari,
1831 1272 1896 1314 uti

1005 1332 1070 1366 est
1104 1324 1151 1365 in
1182 1323 1282 1366 MS.
1315 1322 1441 1366 Flor.
1474 1331 1516 1365 et
1545 1325 1724 1381 optimis
1753 1327 1896 1386 libris,

1004 1381 1082 1422 sed
1109 1382 1453 1435 prouidentiam
1488 1383 1618 1423 ducis
1655 1385 1894 1428 laudanti-

1004 1439 1109 1497 bus,
1139 1437 1205 1480 uti
1229 1437 1380 1481 locum
1406 1436 1608 1480 referunt
1629 1439 1761 1484 MSS.
1781 1442 1897 1488 Bud.

1005 1495 1125 1538 Harl.
1149 1503 1231 1537 etc.
1310 1495 1403 1538 lam
1437 1510 1542 1538 vero
1565 1495 1727 1539 horum
1759 1497 1902 1542 libro-⁴

1005 1569 1106 1596 rum
1147 1553 1366 1611 scriptura
1406 1551 1480 1595 hic
1516 1561 1564 1595 ut
1605 1553 1708 1597 alibi
1751 1546 1903 1612 palatin*

1007 1610 1205 1668 praefert
1279 1610 1472 1668 speciem
1554 1611 1897 1661 emendationis.

1008 1668 1295 1733 scripserunt
1325 1668 1413 1715 sic,
1455 1665 1532 1723 qui
1563 1668 1689 1710 obvia
1713 1669 1759 1712 iu
1788 1671 1899 1714 anti-

1008 1741 1166 1783 qu1ore
1190 1724 1349 1767 codice
1374 1724 1505 1766 verba
1530 1740 1621 1767 non
1644 1741 1904 1786 concoqueq
1971 1746 1974 1749 ·

1008 1791 1123 1826 rent.
1214 1778 1303 1823 Sed
1346 1781 1532 1824 fortasse
1572 1797 1653 1839 per
1697 1800 1896 1828 errorem

1009 1838 1184 1882 scribae
1214 1838 1289 1880 illa
1319 1840 1452 1880 verba
1473 1836 1574 1882 ‘huc
1606 1844 1779 1885 venere.
1816 1843 1900 1886 'At

1009 1905 1103 1939 tum
1130 1912 1222 1939 non
1244 1895 1514 1951 scripsisset:
1548 1898 1899 1949 providentiam

1010 1955 1136 1996 ducis
1165 1954 1374 2003 laudari,
1405 1951 1483 1995 sed
1514 1955 1705 1996 laudari
1718 1959 1902 2008 provid.

1008 2014 1137 2060 duc„
1168 2011 1232 2052 uti
1261 2020 1367 2052 sunt
1392 2025 1491 2068 cap.
1519 2011 1586 2054 19.
1659 2011 1812 2068 Quare
1835 2019 1905 2057 sa·'

980 2067 1065 2111 vtis
1107 2067 1239 2110 dubia
1275 2067 1453 2111 videtur
1491 2083 1586 2111 esse
1629 2069 1783 2126 opmio
1827 2076 1905 2115 eo-⁴

1010 2141 1137 2173 rum,
1170 2126 1247 2183 qui
1278 2124 1460 2168 insititia
1483 2123 1557 2168 illa
1583 2128 1719 2172 verba
1749 2128 1905 2173 existi-'

1011 2190 1152 2238 mant.
1234 2182 1380 2224 {mmo
1416 2182 1533 2225 bene
1568 2199 1614 2226 se
1648 2184 1815 2229 habent
1845 2195 1903 2232 et

1011 2240 1169 2282 eximia
1209 2247 1274 2282 est
1315 2240 1384 2283 vis
1422 2239 1470 2282 in
1508 2238 1586 2282 illa
1621 2242 1904 2304 repetitione³

1012 2312 1124 2353 quae
1157 2297 1278 2341 viros
1311 2296 1471 2340 doctos
1504 2297 1705 2340 offendit.
1788 2300 1903 2345 Nam

1012 2354 1279 2400 aliocsensu
1331 2355 1466 2398 verba
1503 2370 1599 2413 cap.
1635 2356 1702 2400 19.
1749 2358 1903 2414 legun·

1012 2420 1103 2454 tur.
1161 2411 1320 2454 Priore
1343 2411 1445 2453 loco
1468 2411 1631 2454 milites
1651 2413 1908 2458 clamitant?

1005 2470 1349 2524 providentium
1363 2470 1489 2512 ducis
1503 2472 1725 2514 laudari?
1751 2471 1906 2526 (inter-³

1011 2525 1185 2583 rogatio
1218 2525 1406 2568 ironica.
1458 2526 1517 2570 cf.
1548 2536 1642 2569 not.
1672 2528 1726 2571 ad
1748 2531 1838 2572 An.
1859 2531 1907 2581 2‚·

1014 2584 1100 2639 15.)
1156 2584 1261 2638 quin
1296 2584 1440 2639 (nein)
1470 2585 1785 2637 proditionem
1814 2594 1902 2630 etc.

1015 2642 1171 2685 Altero
1208 2639 1312 2681 loco
1343 2639 1508 2683 Noster
1546 2642 1722 2684 scribit:
1777 2652 1906 2686 zama

1015 2713 1100 2755 que
1126 2731 1137 2741 .
1157 2731 1167 2741 .
1186 2729 1196 2741 .
1211 2698 1420 2738 ‘laudari
1441 2699 1734 2751 providentia
1753 2703 1911 2754 ‘ducis,‘

1015 2754 1339 2814 praeponitque
1373 2756 1560 2796 verbum
1603 2758 1816 2809 laudari,
1857 2766 1907 2802 ut

1017 2811 1283 2856 sententiam
1328 2811 1565 2871 exprimat:
1620 2812 1707 2856 iam
1754 2816 1905 2873 provi-

1018 2871 1214 2913 dentiam
1234 2867 1359 2911 ducis
1379 2883 1472 2910 non
1496 2869 1688 2928 amplius
1703 2871 1750 2915 in
1766 2874 1907 2931 suspi-

1018 2928 1198 2971 cionem
1225 2942 1315 2967 esse
1338 2934 1539 2968 vocatam
1561 2936 1692 2983 atque
1709 2929 1909 2982 inrisam,

1018 2995 1066 3027 ut
1098 2993 1250 3031 antea,
1281 2983 1356 3024 sed
1390 2983 1612 3026 laudatam
1644 3001 1764 3029 sane.
1827 2987 1908 3031 Ce-

1018 3051 1163 3084 terum
1201 3039 1310 3095 quin
1353 3039 1412 3082 ita
1454 3039 1638 3098 ponitur
1673 3059 1758 3100 pro
1799 3047 1908 3101 quin

1019 3101 1182 3144 imma.
1253 3095 1312 3139 cf.
1346 3098 1440 3140 An.
1476 3099 1517 3146 1·,
1544 3097 1616 3142 23.
1677 3100 1801 3146 Plin.
1833 3118 1907 3160 ep.

1017 3155 1059 3205 3,
1085 3156 1153 3201 16.
1188 3154 1230 3205 4,
1250 3152 1292 3196 9.
1348 3149 1534 3198 Sueton.
1562 3155 1667 3199 Ner.
1700 3174 1740 3202 c.
1760 3160 1832 3202 42.
1902 3200 1904 3202 .

1076 3216 1242 3255 inesset
1295 3213 1520 3256 consiliis.
1615 3214 1716 3259 MS.
1763 3215 1901 3260 corb.

1022 3277 1144 3313 esset
1168 3269 1380 3312 consutis.
1900 3261 1903 3263 ⁵

1080 3327 1192 3369 CAP.
1225 3325 1293 3368 19.
1351 3329 1455 3370 nox
1485 3330 1745 3383 adpetebat.
1804 3327 1910 3377 MS.

1021 3383 1144 3427 Harl.
1174 3387 1218 3435 (a
1251 3398 1340 3425 sec.
1372 3389 1528 3441 manu)
1567 3385 1638 3428 ed.
1666 3385 1784 3442 Spir.
1816 3401 1904 3438 ap-

1019 3442 1235 3496 parebat.
1305 3441 1395 3484 sed
1418 3440 1484 3486 cf.
1517 3442 1605 3486 An.
1639 3443 1679 3493 4,
1711 3442 1780 3484 51.
1815 3446 1907 3485 ad·-

1022 3506 1212 3552 petente
1231 3499 1329 3539 ium
1351 3501 1464 3540 luce.

1084 3557 1232 3599 labor.
1291 3554 1394 3598 MS.
1422 3554 1572 3602 Guelf.
1597 3557 1744 3598 labos.
1839 3580 1861 3592 κ
