2138 4030
62 218 86 227 -
172 148 403 265 233⁸&
576 184 755 246 mn.
788 184 898 247 111.
950 166 1158 245 CAP.
1191 182 1292 246 53.
1328 186 1429 247 54.
1803 186 1975 251 319·
2054 225 2065 232 x

86 331 145 378 et
177 314 448 394 obsequii
485 314 764 374 insolens,
856 314 1080 372 litteras
1116 314 1192 371 ad
1225 310 1649 388 Vespasianum
1689 337 1931 392 compo-c

16 397 18 399 ’
87 405 205 465 suit
237 402 545 461 iactantius
579 405 758 477 quam
789 399 864 455 ad
898 398 1224 474 principem
1258 417 1370 454 nec
1421 398 1546 455 sine
1590 403 1815 458 occulta
1865 403 1931 461 in

87 488 438 547 Mucianum
459 484 865 542 insectatione:
909 503 969 539 se
995 482 1364 540 Pannonicas
1394 482 1652 555 legiones
1678 485 1745 541 in
1766 506 1930 544 arma

87 573 294 647 egisse:
337 572 460 629 suis
483 569 735 627 stimulis
760 568 973 630 excitos
998 567 1257 624 Moesiae
1281 567 1483 623 duces:
1527 586 1630 624 sua
1656 583 1931 628 constanz-

88 659 169 715 tia
195 667 500 733 perruptas
523 650 735 728 Alpes,
778 664 1119 728 occupatam
1146 650 1406 721 Italiam,
1447 652 1759 728 intersepta
1777 653 1932 712 Ger-

85 762 396 800 manorum
412 738 851 814 Raetorumque
879 737 1114 797 auxilia.
1175 737 1335 813 quod
1374 736 1671 793 discordes
1707 740 1934 815 disper-

87 847 294 903 sasque
318 824 548 882 Vitellii
581 823 839 896 legiones
870 822 1124 898 equestri
1163 821 1449 896 procella,
1490 842 1628 878 mox
1668 824 1932 897 peditum

86 913 150 968 vi
175 932 280 987 per
304 911 462 969 diem
487 920 832 983 noctemque
858 908 1129 976 fudisset,
1172 907 1230 962 id
1261 901 1725 989 pulcherrimum
1754 920 1810 964 et
1837 911 1930 973 sui

60 994 298 1071 ‘operia
384 1014 581 1051 casum
620 991 946 1050 Cremonae
981 992 1138 1048 bello
1180 991 1611 1066 imputandum.
1709 993 1954 1051 maiorev

89 1083 340 1150 damnO,
379 1078 640 1155 plurium
665 1077 905 1134 urbium
931 1076 1170 1133 excidiis
1201 1087 1422 1141 veteres
1458 1075 1677 1134 civium
1709 1077 1935 1135 discor-

91 1167 216 1222 dias
251 1163 632 1239 reipublicae
661 1163 900 1219 stetisse.
983 1181 1107 1217 non
1138 1180 1198 1216 se
1232 1162 1457 1218 nuntiis
1493 1181 1684 1238 neque
1710 1163 1936 1238 >episto-

90 1251 162 1306 lis
197 1252 295 1306 sed
336 1268 518 1305 manu
550 1260 607 1306 et
644 1247 820 1304 armis
859 1246 1198 1320 imperatori
1234 1265 1338 1302 suo
1377 1246 1659 1306 militar&
1743 1267 1934 1324 neque
1982 1322 1984 1325 .

92 1335 321 1392 officere
352 1333 570 1407 gloriae
597 1351 800 1388 eor-um
835 1331 940 1406 qui
965 1327 1168 1387 Asiam
1204 1330 1441 1388 interim
1477 1332 1930 1406 composuerint.
1989 1394 1991 1396 ,

92 1420 212 1479 illis
239 1417 498 1476 Moesiae
532 1436 761 1492 pacem,
802 1415 917 1472 sibi
949 1416 1192 1472 salutem
1223 1416 1705 1492 securitatemque
1733 1415 1936 1474 Italiae

92 1504 258 1561 cordi
277 1503 471 1561 fuisse.
559 1501 678 1557 suis
709 1496 1212 1558 exhortationibus
1236 1497 1462 1556 Gallias
1486 1498 1936 1579 Hispaniasque,

91 1588 511 1661 validissimam
560 1598 849 1645 terrarum
897 1597 1151 1660 partem,
1211 1587 1286 1642 ad
1324 1583 1753 1661 Vespasianum
1791 1607 1935 1644 con-

93 1693 303 1729 versas.
400 1673 501 1728 sed
535 1671 807 1728 cecidisse
857 1670 921 1725 in
961 1671 1205 1727 inritum
1257 1671 1512 1739 laboreS‚
1579 1671 1629 1726 si
1673 1672 1934 1746 praemia

93 1757 489 1832 periculorum
513 1755 625 1812 soli
652 1756 1075 1831 adsequantur,
1128 1751 1232 1831 qui
1262 1755 1537 1829 periculis
1570 1776 1694 1812 non
1727 1758 1931 1813 adfue-

96 1843 235 1902 rint.
319 1839 440 1899 Nec
462 1841 718 1898 fefellere
739 1859 803 1896 ea
828 1838 1193 1898 Mucianum.
1269 1840 1407 1896 inde
1433 1859 1635 1914 graves
1664 1840 1933 1914 simulta-

97 1939 210 1996 teS,
250 1946 392 2004 quas
427 1922 726 1983 Antonius
760 1924 1111 2000 simpliciUS,
1153 1923 1469 1982 Mucianus
1504 1924 1713 1982 callide
1748 1945 1934 2004 eoque
2004 1999 2012 2007 κ

98 2011 527 2087 implacabilius
554 2009 871 2068 nutriebat.
1841 2025 1842 2028 ’

266 2119 424 2180 LIV.
508 2117 588 2178 At
623 2117 899 2175 Vitellius
931 2119 1129 2182 fractis
1174 2118 1332 2194 apud
1367 2117 1719 2178 Cremonam
1763 2124 1940 2181 rebus

97 2205 338 2263 nuntios
374 2205 554 2263 cladis
594 2204 920 2274 occultanS,
972 2205 1147 2261 stulta
1183 2204 1648 2263 dissimulatione
1687 2210 1942 2265 remedia

97 2291 291 2366 potius
311 2291 604 2358 malorum
629 2309 805 2366 quam
828 2289 981 2344 mala
1005 2289 1329 2349 differebat.
1399 2291 1616 2367 quippe
1642 2293 1941 2369 confitenti
1986 2324 2002 2334 κ

101 2376 567 2452 consultantique
594 2385 933 2449 supererant
962 2394 1090 2449 spes
1126 2375 1420 2452 viresque:
1467 2396 1600 2432 eum
1638 2396 1667 2431 e
1706 2390 1940 2434 contra-

9 2651 17 2661 .
101 2636 193 2675 goa
224 2619 435 2677 reposuit.
494 2618 570 2663 Sic
596 2634 692 2676 cap.
722 2620 790 2662 58.
822 2622 985 2674 largus
1055 2623 1094 2673 (a
1117 2619 1310 2663 secunda
1333 2622 1485 2676 manu)
1511 2620 1580 2664 ed.
1597 2599 1788 2679 Spir.-
1821 2623 1938 2670 Hine

97 2679 346 2731 promissis.
421 2676 478 2722 cs.
513 2685 607 2723 not.
644 2675 698 2719 ad
729 2678 769 2729 6,
803 2677 870 2720 30.
900 2677 982 2721 sub
1055 2677 1318 2719 emendandi
1343 2693 1472 2721 causa
1496 2678 1715 2736 MS.Ag1-.
1743 2679 1934 2725 Cremo-

102 2752 169 2778 vv.
193 2735 400 2777 modicus
417 2735 674 2777 severitate.
1053 2735 1278 2776 nensium.

158 2793 428 2845 intersepta.
512 2790 615 2834 MS.
650 2789 797 2835 Guelf.
832 2792 983 2833 inter·
1111 2805 1203 2832 non
1230 2805 1281 2832 se
1311 2791 1500 2835 nuntiis.
1570 2790 1655 2837 Ed.
1690 2793 1807 2852 Spir.
1843 2807 1958 2839 non'
2030 2816 2035 2824 ⁷

103 2856 249 2902 cepta.
320 2847 406 2890 Sed
440 2849 499 2891 cf.
535 2863 656 2906 supr.
691 2863 730 2891 c.
757 2848 798 2891 8.
835 2857 878 2891 ec
908 2852 984 2891 in-
1055 2847 1185 2892 habet
1207 2862 1271 2891 se.
1332 2883 1333 2886 η

105 2906 317 2947 teriectus
334 2907 568 2948 exercitus
592 2914 675 2949 etc.
1076 2920 1256 2960 Ἰηειμιι·
1309 2904 1532 2958 epistolae.
1621 2905 1723 2952 MS.
1779 2905 1933 2958 Guelf.

162 2975 522 3029 Raetorumque.
579 2973 678 3017 MS.
701 2972 846 3018 Guelf.
881 2975 982 3018 edd.
1055 2964 1354 3028 efiismlisque,
1377 2963 1564 3030 (o'misso
1586 2965 1769 3022 neque)-

105 3031 208 3075 Put.
237 3031 304 3075 M.
329 3041 372 3073 et
392 3030 448 3074 V.
471 3032 838 3087 Rlzetorumque.
895 3031 981 3074 Ed.
1111 3020 1524 3086 0x7{⁰''ls¹²¹⁰'²¹b‘¹⁸·
1590 3020 1671 3066 Ed·
1694 3020 1814 3080 spis·
1846 3038 1934 3066 ex·

106 3087 222 3147 Spir.
245 3089 582 3144 rethor-umque.
639 3087 752 3130 Edd.
773 3087 983 3132 Beroald.
1054 3078 1380 3118 ortatmmbus.

108 3147 228 3199 (cum
266 3145 317 3188 sil
355 3144 488 3201 Viet.)
521 3145 619 3189 Alc.
659 3144 856 3187 Rhenan.
884 3160 981 3203 sqq.
1109 3149 1155 3188 in
1187 3146 1391 3192 inritum.
1452 3146 1525 3190 Sic
1549 3146 1652 3193 MS.
1674 3149 1795 3195 Flor.
1827 3158 1937 3195 teste

106 3203 500 3258 Rhaetorumque.
572 3202 660 3246 Sed
684 3202 769 3244 vid.
797 3209 892 3246 not.
925 3202 982 3245 ad
1054 3203 1274 3246 Victorio.
1357 3203 1404 3244 in
1434 3204 1626 3248 irritum
1659 3207 1756 3250 MS.
1780 3207 1935 3252 Guelf.

77 3259 196 3311 ,Am
226 3260 262 3307 1,
283 3260 355 3301 44.
1058 3268 1101 3303 et
1134 3260 1235 3302 edd.
1260 3268 1444 3304 veteres.

166 3327 445 3371 Cremonae.
535 3327 610 3371 Sic
655 3327 787 3382 MSS.
834 3327 985 3372 Guelf.
1113 3329 1367 3384 adfiterine.
1427 3331 1503 3375 Sic
1532 3332 1632 3377 MS.
1666 3334 1787 3376 Flor.
1821 3335 1936 3389 (test.

106 3384 230 3429 Harl.
257 3385 386 3429 Bodl.
410 3386 491 3428 les.
515 3386 627 3428 Bud.
653 3386 752 3428 edd.
776 3385 874 3428 Put.
898 3386 984 3429 Be·
1059 3387 1195 3441 Vict.)
1219 3394 1261 3428 et
1285 3387 1351 3431 ed.
1366 3387 1482 3445 Spir.
1507 3414 1560 3422 —
1589 3391 1811 3445 affuerint
1835 3393 1933 3435 edd.

110 3442 246 3485 roald.
273 3445 393 3494 (curn
419 3442 486 3485 sil.
512 3443 649 3498 Vici.)
684 3444 781 3485 Alc.
803 3458 899 3500 sqt.
932 3468 985 3478 —-
1056 3443 1156 3486 Pul.
1182 3443 1383 3488 Ber-eald.
1407 3446 1507 3490 Alc.
1532 3448 1729 3491 Rhenan.
1755 3463 1851 3505 sqq.
1874 3476 1932 3486 -—-
1970 3479 1975 3486 ι

112 3497 411 3543 Cremonensi
435 3501 565 3543 MSS.
580 3498 686 3555 lle-g.
710 3500 843 3543 (tm—b.
870 3459 984 3543 iim-1.
1055 3502 1288 3555 affixerunt
1311 3501 1409 3546 MS.
1440 3503 1548 3563 Reg.
1927 3502 1933 3510 ”
