2138 4030
1703 254 1758 290 A.
1782 253 1835 290 U.
1849 252 1936 292 8235
2020 260 2021 269 ¹

1708 295 1765 333 A.
1781 294 1830 334 G.
1877 299 1937 334 70.

175 258 295 316 138
734 252 1444 318 HISTORIARUM

166 387 464 446 Sostratus
512 381 858 464 (sacerdotis
896 385 961 443 id
997 405 1219 442 nomen
1249 386 1402 465 erat)
1445 387 1566 444 ubi
1589 386 1744 447 laeta
1778 400 1837 448 et
1864 410 2023 448 con-³

166 472 436 546 gruentia
473 483 603 528 exta
636 471 981 548 magnisque
1017 470 1302 527 consultis
1336 472 1598 528 adnuere
1630 474 1800 533 deam
1837 475 2020 546 videt,

164 557 439 633 paucadn
465 577 737 632 praesens
763 567 820 612 et
842 556 1012 612 solita
1045 557 1408 629 respondens
1443 557 1626 631 petito
1667 570 1888 617 secreto
1922 560 2022 617 fu-

96 699 99 707 &
164 654 298 700 tura
342 643 546 718 aperit.
659 641 833 698 Titus
883 651 1053 697 aucto
1102 640 1301 697 animo
1335 641 1412 697 ad
1450 653 1679 716 patrem
1715 655 2020 718 pervectus

165 727 462 803 suspensis
506 725 949 802 provinciarum
986 737 1046 782 ct
1081 725 1442 783 exercituum
1479 727 1778 785 mentibus
1813 728 2022 804 ingens

164 833 365 870 rerum
403 812 619 869 fiducia
654 810 911 869 accessit.
996 807 1418 882 Profligaverat
1453 812 1678 869 bellum
1711 810 2023 872 Iudaicum

163 897 561 973 Vespasianus
637 894 1078 969 oppugnatione
1149 892 1704 974 Hierosolymorum
1773 899 2021 976 reliqua,

114 986 139 1003 ‘'
163 985 315 1040 duro
341 982 525 1055 magis
553 991 610 1036 et
636 982 822 1035 arduo
851 999 1027 1054 opere
1053 980 1130 1035 ob
1159 980 1464 1053 ingenium
1494 983 1713 1040 montis
1739 994 1796 1040 et
1822 984 2021 1059 pervi-

163 1069 382 1125 caciam
409 1065 840 1141 superstitionis
866 1085 1043 1140 quam
1075 1086 1193 1140 quo
1231 1065 1371 1122 satis
1404 1066 1625 1124 virium
1658 1069 1908 1125 obsessis
1940 1070 2019 1126 ad

163 1153 498 1211 tolerandas
523 1149 894 1206 necessitates
926 1161 1268 1224 superesset.
1356 1147 1540 1221 TreS‚
1581 1163 1650 1220 ut
1681 1173 1859 1228 supra
1892 1174 2020 1210 me-

160 1237 552 1305 moravimuS‚
638 1235 751 1310 ipsi
798 1232 1161 1311 Vespasiano
1209 1234 1470 1308 legiones
1525 1248 1696 1294 erant
1740 1239 2020 1297 exercitae

1123 1408 1227 1446 test.
1260 1399 1379 1445 Vict.
1418 1399 1677 1448 Iudeicum.
1743 1401 1850 1446 MS.
1881 1401 2020 1448 corb.

157 1404 268 1450 Mox
293 1401 366 1446 ed.
388 1399 510 1460 Spir.
537 1400 704 1444 omittit
728 1399 1052 1458 interpunctio-

1126 1457 1195 1501 ed.
1215 1456 1337 1516 Spir.
1367 1461 1539 1501 bellum
1557 1475 1662 1502 eum
1684 1459 1860 1503 Iudeis.

158 1477 265 1508 uem
285 1467 386 1503 ante
408 1466 664 1502 sostratus.

216 1518 486 1561 sacerdotis.
547 1515 622 1559 Sic
645 1513 746 1558 MS.
771 1513 923 1559 Guelf.
949 1514 1052 1562 edd.

159 1583 268 1620 veti..
290 1576 414 1630 (cum
437 1573 586 1617 silent.
607 1572 748 1628 Vict.)
773 1582 816 1616 et
839 1580 1058 1625 recentt.;

156 1632 352 1677 Pichena
385 1640 538 1675 tamen
572 1631 616 1674 in
649 1629 752 1674 MS.
789 1629 915 1675 Flor.
947 1628 1055 1674 vidit

155 1690 423 1735 sacerdotii.

212 1752 355 1791 deam
376 1748 513 1790 videt.
604 1743 683 1790 Sic.
737 1745 876 1788 MSS.
927 1744 1053 1787 Flor.

71 1793 78 1800 Ν
157 1811 278 1863 (test.
303 1804 446 1859 Vict.)
468 1802 584 1846 Bud.
607 1802 720 1859 Reg.
744 1802 877 1846 Bodl.
912 1801 1004 1852 (hic
1030 1816 1055 1845 a

156 1863 354 1908 secunda
397 1863 552 1917 manu)
601 1860 704 1903 edd.
749 1860 868 1918 Spir.
911 1858 1055 1902 Rhen.

157 1937 259 1980 sqq.
300 1947 360 1957 --
415 1919 534 1962 vidit
567 1917 703 1962 MSS.
736 1917 891 1960 Guelf.
924 1916 1053 1959 Harl.

156 1979 290 2022 Bodl.
318 1979 361 2031 (a
381 1978 527 2036 prima
547 1980 702 2028 manu)
729 1976 810 2019 les.
831 1974 935 2018 edd.
949 1973 1053 2017 Put.

154 2038 224 2081 M.
251 2044 292 2079 et
315 2034 374 2078 V.
397 2031 608 2078 Beroald.
637 2033 739 2076 Alc.

212 2100 470 2150 pervectus.
531 2089 609 2134 Sic
623 2090 755 2133 MSS.
769 2088 921 2133 Guelf.
938 2088 1053 2131 Bud.

155 2160 199 2197 el
231 2150 336 2195 inde
369 2149 471 2192 edd.
504 2147 648 2189 Rhen.
681 2162 780 2204 sqq.
826 2175 884 2182 -
939 2161 1050 2199 pro-

155 2216 315 2254 uectus
357 2205 461 2250 MS.
502 2204 614 2262 Reg.
660 2205 762 2247 edd.
795 2204 913 2262 Spir.
947 2203 1052 2246 Put.

155 2268 260 2311 Ber.
303 2265 427 2319 (cum
456 2261 624 2306 'silent.
664 2260 805 2320 Vict.)
849 2262 949 2305 Alc.
995 2286 1053 2296 --

149 2330 428 2382 praevectus
464 2319 601 2363 MSS.
642 2319 768 2363 Harl.
806 2319 890 2363 les.
961 2316 1050 2360 Ea-

156 2385 259 2426 dem
317 2376 702 2438 praepositionum
761 2376 971 2421 confusio
1027 2391 1052 2418 e

155 2436 428 2495 compendio
460 2435 707 2491 scripturae
731 2443 880 2478 exorta
904 2449 1052 2490 saepe-

154 2511 349 2540 numero
392 2491 522 2536 obvia
566 2500 628 2534 est
675 2493 723 2534 in
762 2499 871 2537 vett.
907 2491 1050 2534 libris.

154 2555 264 2598 Mox
304 2551 514 2594 Muretus
554 2548 879 2606 distinguebat:
939 2562 1051 2603 per-

154 2618 325 2654 vectus.
390 2609 640 2660 suspensis
667 2616 754 2650 etc.
816 2605 1051 2663 Vulgatam

156 2668 245 2711 loci
279 2665 541 2710 divisionem
574 2671 683 2709 vett.
717 2663 818 2706 edd.
850 2671 1052 2705 tuentur.

154 2725 354 2769 Pichena
374 2720 647 2766 vocabulum
660 2721 839 2777 fiducia
861 2721 908 2764 in
933 2728 1051 2762 sexto

153 2798 259 2827 casu
294 2777 555 2838 accipiebat.
636 2779 819 2822 Rectius
847 2776 1052 2822 Freinsh.

153 2848 198 2883 et
236 2840 270 2884 Ι.
303 2838 381 2880 Fr.
416 2835 676 2879 Gronovius
715 2834 1049 2878 nominativum

153 2896 421 2944 admittunt,
453 2902 502 2936 ut
523 2893 651 2936 Titus
675 2895 768 2952 ipse
796 2893 1050 2948 dicaturfi-

154 2954 310 2997 dacia.
382 2950 442 2995 cf.
486 2951 592 2992 infr.
635 2968 676 2995 c.
709 2952 751 2992 5.
796 2950 1052 3005 praecipua

155 3009 431 3056 concordiae
441 3008 568 3063 fides
588 3008 722 3050 Titus
730 3024 745 3059 ;
775 3025 816 3050 c.
835 3006 905 3049 23.
927 3020 1051 3048 acer·

156 3070 284 3112 rima
309 3096 323 3110 .
342 3099 352 3109 .
369 3098 379 3109 .
404 3066 707 3107 incitamenta
734 3065 1052 3120 interfectores

159 3126 366 3174 Gallme‚·
434 3123 475 3170 4,
507 3122 579 3164 85.
617 3125 871 3178 praecipua
908 3122 1050 3163 uicto-

156 3185 261 3227 riae
269 3182 398 3239 fides
417 3181 520 3222 dux
538 3182 739 3222 hostium
756 3181 1052 3221 Valentinus.

155 3239 316 3284 lustin.
345 3239 412 3287 ll,
431 3235 475 3278 4.
509 3240 589 3292 qui
618 3253 679 3279 ex
702 3237 964 3279 continenti
990 3237 1055 3277 ad

155 3298 366 3341 Darium
385 3294 586 3350 profecti
602 3308 696 3337 non
718 3295 946 3335 mediocre
958 3307 1056 3334 mo·

157 3364 367 3399 mentum
399 3351 656 3393 Persarum
694 3353 864 3393 viribus
895 3365 1054 3393 acces-

156 3427 274 3457 sere.
333 3408 393 3454 cf.
420 3415 518 3451 not.
544 3408 597 3450 ad
619 3408 710 3452 An.
737 3408 777 3458 3,
799 3409 869 3450 55.

212 3466 548 3525 profligaverat
567 3467 757 3508 bellum.
807 3465 882 3507 Sic
894 3464 1056 3507 Noster

159 3528 214 3574 dc
237 3525 395 3569 Germ.
423 3537 461 3566 c.
496 3522 564 3566 13.
598 3524 719 3565 bella
737 3521 1010 3576 profligant.

215 3585 390 3627 bellum
441 3580 703 3625 Iudaicum.
788 3579 890 3625 MS.
932 3580 968 3623 F
973 3579 1057 3625 lor.

1182 1516 1637 1571 Hierosolymorum.
1694 1516 1773 1561 Sic
1784 1517 1888 1562 MS.
1899 1517 2022 1562 Flor-

1125 1574 1176 1628 (t.
1191 1572 1331 1626 vict.)
1348 1572 1570 1617 ed.Rhen.
1583 1589 1681 1632 sqq.
1695 1589 1708 1626 ;
1760 1577 2018 1632 hyems-oli-

1128 1641 1313 1672 morum
1341 1630 1409 1673 ed.
1436 1630 1579 1689 Spir.;
1637 1633 2023 1675 lerosoeimorum

1128 1685 1230 1731 edd.
1262 1687 1364 1730 Pur.
1394 1687 1460 1730 M.
1494 1696 1537 1729 et
1562 1687 1644 1739 V.;
1710 1689 2021 1746 Ierosolymo-

1128 1759 1234 1787 rum
1258 1745 1359 1788 MS.
1376 1744 1556 1795 Guelf.;
1586 1746 2023 1803 Hierosolymorum

1127 1802 1229 1845 edd.
1281 1802 1383 1845 Ber.
1433 1803 1535 1846 Alc.
1633 1803 1875 1847 Meliorem
1931 1803 2022 1848 loci

1128 1859 1462 1903 distinctionem
1515 1858 1708 1904 instituit
1757 1860 2018 1906 Rhenanus.

1125 1916 1240 1960 Edd.
1280 1925 1382 1959 ante
1422 1916 1552 1959 illum
1597 1933 1702 1960 cum
1734 1918 1836 1961 MS.
1868 1917 2020 1962 Guelf.

1124 1974 1807 2089 fflgttui-Zsssstfltszss{2335
1842 1978 2023 2077 ἒῗῖἶᾱ

1124 2088 1323 2148 quentia.

1185 2149 1243 2188 ob
1274 2145 1516 2200 ingenium
1538 2147 1729 2191 montis.
1789 2146 1866 2190 Sic
1889 2147 2021 2192 MSS.

1124 2204 1248 2247 Flor.
1283 2207 1403 2258 (test.
1430 2202 1583 2258 Pich.)
1620 2203 1740 2249 Harl.
1771 2204 1903 2248 Bodl.
1938 2205 2020 2249 les.

1126 2259 1277 2304 Guels.
1323 2260 1410 2314 (hic
1456 2277 1479 2303 a
1524 2261 1671 2318 prima
1714 2263 1874 2318 manu)
1918 2262 2019 2306 edd.

1124 2317 1251 2362 Pich.
1275 2333 1370 2376 sqq.
1405 2345 1464 2354 —
1519 2320 1575 2360 ob
1594 2320 1830 2373 ingenium
1850 2321 2022 2362 mentis

1125 2375 1261 2420 MSS.
1278 2374 1427 2418 Guelf.
1449 2376 1489 2430 (a
1511 2376 1706 2419 secunda
1725 2379 1882 2432 manu)
1907 2377 2021 2421 Bud.

1124 2433 1235 2491 Reg.
1262 2432 1400 2478 Corb.
1435 2432 1504 2475 ed.
1526 2434 1645 2490 Spir.
1684 2460 1743 2469 —
1801 2434 1858 2476 ob
1889 2435 2018 2490 inge-

1124 2495 1258 2590 ''z‘iussss
1291 2491 1453 2602 gxfffiffff)
1473 2489 1580 2590 Ἣ.
1609 2488 1851 2592 Ριῗῖἱεξεῗ
1891 2494 2021 2595 (ωὲἒί

1125 2566 1143 2591 s
1184 2566 1204 2590 e
1261 2580 1273 2592 .
1421 2581 1429 2591 .
1584 2579 1594 2590 .
1768 2581 1779 2592 .
1912 2582 1921 2591 .

1126 2604 1251 2648 Pich.
1323 2605 1410 2647 Sed
1452 2603 1512 2648 cf.
1547 2604 1668 2648 Plin.
1704 2606 1772 2654 14,
1805 2565 2020 2660 Lq‘i‘nge-

1124 2664 1261 2704 nium
1293 2661 1400 2704 soli.
1461 2662 1570 2705 Tac.
1604 2663 1693 2705 An.
1726 2663 1768 2712 6,
1793 2664 1865 2706 41.
1890 2667 2019 2705 loco-

1123 2736 1231 2762 rum
1262 2721 1516 2771 ingenium.
1578 2718 1683 2763 Vid.
1718 2728 1817 2766 not.
1844 2721 1897 2765 ad
1929 2721 2019 2764 An.

1122 2777 1162 2827 3,
1183 2778 1254 2819 26.
1313 2776 1560 2830 Quaeritur
1592 2792 1648 2818 an
1685 2785 1810 2821 recte
1845 2778 2019 2836 expule-

1122 2834 1214 2878 rint
1255 2835 1426 2887 geutis,
1481 2834 1553 2877 cui
1593 2834 1840 2892 scripturae
1870 2833 2021 2879 favent

1122 2890 1379 2949 sequentia:
1410 2898 1456 2933 et
1473 2893 1782 2945 pervicaciam
1807 2907 1846 2936 s.

1179 2964 1318 3004 quam
1342 2963 1445 3003 quo.
1509 2949 1583 2992 Sic
1608 2948 1709 2992 MS.
1737 2948 1890 2993 Guelf.
1916 2949 2019 2993 edd.

1123 3006 1241 3062 Spir.
1274 3005 1378 3049 Put.
1412 3006 1480 3048 M.
1513 3014 1556 3048 et
1577 3005 1632 3048 V.
1655 3006 1758 3049 Ber.
1798 3009 1922 3062 (cuin
1955 3005 2017 3050 si-

1124 3063 1230 3105 lent.
1255 3062 1394 3119 Viet.)
1430 3062 1533 3106 Alc.
1567 3071 1608 3105 et
1647 3061 1804 3106 deinde
1835 3063 2018 3108 Ernest.

1125 3136 1233 3220 {illeii-
1260 3192 1358 3234 sqq.
1386 3124 1697 3220 ailciugimeziiOd
1707 3119 2018 3235 sggd(;uffb;g¹··

1126 3236 1251 3277 nitur
1279 3250 1362 3291 pro
1390 3249 1444 3276 eo
1469 3238 1610 3291 quod.
1672 3234 1769 3279 Cic.
1793 3236 1887 3278 Fin.
1909 3237 1950 3283 4,
1972 3237 2016 3282 2.

1126 3295 1232 3335 Non
1268 3295 1391 3334 soleo
1429 3300 1606 3334 temere
1641 3299 1807 3335 contra
1839 3290 2020 3335 Stoicos

1124 3350 1366 3403 disputare
1380 3364 1394 3392 .·
1421 3363 1518 3390 non
1542 3364 1630 3406 quo
1654 3351 1744 3392 illis·
1764 3353 2020 3392 admodum

1125 3407 1394 3457 adsentiar,
1440 3409 1525 3448 sed
1558 3411 1738 3461 pudore
1774 3408 2017 3461 impedior.

1129 3464 1189 3506 cs.
1222 3463 1493 3506 Ramshorn.
1526 3463 1610 3507 Gr.
1642 3464 1684 3518 §.
1715 3465 1812 3506 186.
1847 3479 1892 3522 p.
1918 3464 2016 3508 560.

1127 3522 1237 3566 TMox
1263 3520 1363 3565 edd.
1389 3522 1490 3563 Pul.
1523 3524 1827 3564 tollet-andos.

1175 3585 1239 3621 ‘ut
1259 3591 1403 3633 supra
1423 3580 1800 3623 memoravimus.
1826 3577 1883 3625 cf.
1899 3581 1938 3631 l,
1951 3582 2020 3624 10.
