2138 4030
1737 239 1789 304 ΓΛΥ
1812 271 1867 308 U.
1876 272 1960 307 823.

1747 313 1867 351 A..c..
1900 316 1961 351 70.

189 277 314 356 2542
756 263 1465 334 His‘romARUM

193 407 443 475 vellent,
511 404 647 461 fessi
683 403 908 460 morbis
952 413 1007 458 et
1047 401 1455 478 intemperiem
1500 402 1650 459 coeli
1699 403 2051 470 incusantes.

195 493 411 549 robora
450 501 647 546 tamen
684 489 1017 562 legionibus
1054 487 1278 563 alisque
1318 489 1644 557 subtracta,
1698 491 2051 547 convulsum

196 588 520 634 castrorum
549 575 724 631 decus
748 573 960 646 viginti
984 572 1251 627 millibus
1281 592 1312 628 e
1343 584 1466 630 toto
1505 572 1760 631 exercitu
1793 575 2051 650 permix-

196 663 272 720 tis
308 656 488 734 magis
525 680 701 738 quam
738 658 950 716 electiS.
1037 654 1441 714 Concionante
1468 656 1709 714 Vitellio
1744 661 2052 735 postulan-

195 759 296 804 tur
330 748 405 803 ad
437 744 792 820 supplicium
822 739 1116 799 Asiaticus
1154 752 1209 798 et
1230 741 1470 798 Flavius
1505 755 1562 800 et
1583 741 1842 801 Rufinus
1877 746 2054 836 duces

200 829 558 900 Galliarum,
601 830 763 905 quod
790 848 901 903 pro
923 825 1176 882 Vindice
1203 826 1537 888 bellassent.
1615 848 1723 885 nec
1751 831 2054 887 coercebat

201 911 492 974 eiusmodi
537 933 709 970 voces
747 911 1052 968 Vitellius:
1125 931 1299 986 super
1343 912 1582 969 insitam
1630 913 1810 973 inerti
1853 915 2053 972 animo

198 1002 495 1077 ignaviam
520 998 793 1075 conscius¹
815 997 929 1053 sibi
955 997 1170 1052 instare
1197 998 1544 1056 donativum
1570 1009 1627 1055 et
1652 999 1850 1057 deesse
1876 1020 2057 1076 pecu-

200 1077 360 1144 niam
398 1085 600 1142 omnia
633 1083 746 1139 alia
783 1083 961 1138 militi
997 1082 1370 1155 largiebatur.
1456 1082 1686 1140 Liberti
1718 1085 2057 1161 principum

202 1173 466 1230 conferre
514 1189 623 1245 pro
672 1188 920 1224 numero
967 1167 1402 1243 mancipiorum
1449 1178 1517 1224 ut
1560 1167 1850 1227 tributum
1894 1171 2057 1230 iussi.

201 1259 325 1333 ipse
351 1256 475 1312 sola
497 1253 788 1330 perdendi
813 1273 952 1309 cura
975 1253 1203 1308 stabula
1228 1253 1447 1326 aurigis
1471 1265 1794 1325 exstruere,
1838 1255 2060 1312 circum

202 1342 595 1417 gladiatorum
620 1339 993 1414 ferarumque
1017 1338 1359 1412 spectaculis
1380 1338 1647 1413 opplere,
1688 1350 1970 1417 tanquam
1995 1339 2058 1395 in

207 1447 435 1485 summa
463 1423 823 1481 abundantia
854 1423 1136 1498 pecuniae
1170 1423 1459 1482 inludere.

302 1520 305 1529 '
374 1507 558 1570 XCV.
605 1507 771 1581 Quin
799 1520 856 1565 et
880 1509 1135 1565 natalem
1150 1507 1382 1564 Vitellii
1408 1509 1564 1564 diem
1578 1506 1829 1568 Caecina
1856 1531 1922 1567 ac
1938 1509 1995 1563 V
1998 1531 2063 1566 a-

204 1599 332 1655 lens
381 1595 554 1654 editis
594 1605 718 1652 tota
765 1594 914 1663 urbe
952 1593 1190 1649 vicatim
1233 1594 1659 1667 gladiatoribus
1700 1596 2063 1653 celebravere

261 1832 548 1873 incusantes.
629 1825 732 1869 MS.
780 1825 918 1870 Corb.
958 1840 1099 1868 accu-

206 1895 382 1932 santes
435 1885 544 1928 Mox
568 1883 908 1938 coniungenda:
941 1883 1106 1937 viginti

206 1947 404 1989 millibus
427 1959 450 1986 e
474 1950 569 1984 toto
593 1942 826 1995 exercita,
851 1957 945 1983 non
965 1956 988 1982 e
1007 1948 1103 1982 toto

1175 1825 1231 1869 ad
1271 1838 1432 1871 vocem
1462 1828 1605 1870 inerti
1639 1827 1709 1872 vel
1754 1829 1933 1884 inerte,
1967 1828 2068 1872 'hoc

1175 1899 1255 1941 per
1284 1898 1329 1926 se
1354 1884 1829 1952 intelligitur-inertem
1854 1901 1947 1953 esse
1976 1885 2066 1953 ani·

1175 1956 1300 1983 mum
1358 1957 1452 1984 elus
1475 1974 1487 1993 ,
1558 1958 1631 1985 cm
1691 1952 1822 1987 insita
1878 1959 2064 1999 ignavia.

208 2004 417 2046 exercitu
455 2001 734 2055 permutetis,
785 2008 834 2041 ut
873 1998 1102 2041 Acidalius

209 2060 365 2104 locum
438 2057 696 2114 accipiebat.
808 2056 895 2098 Sed
968 2054 1100 2098 video

166 2120 170 2123 ”
208 2133 307 2162 rem
351 2115 512 2158 eodem
560 2114 722 2158 redire.
814 2112 955 2156 Paulo
999 2121 1100 2155 ante

211 2175 280 2218 ed.
312 2171 534 2231 Spirensis
565 2171 760 2227 aliisque
797 2187 878 2229 pro
911 2170 1103 2225 alisque,

211 2231 333 2290 quod
369 2230 528 2273 vitium
565 2227 648 2271 iste
693 2228 808 2271 liber
847 2234 980 2269 amat.
1051 2227 1102 2268 ln

210 2289 314 2333 MS.
339 2285 493 2330 Guetf.
524 2301 705 2344 quoque
728 2284 925 2327 secunda
946 2299 1105 2327 manus

212 2364 260 2392 ex
282 2346 465 2401 alisque
489 2342 599 2386 fecit
624 2343 836 2398 aliisque.

267 2404 482 2460 Rufinus.
543 2400 626 2443 Ed.
648 2399 766 2457 Spir.
788 2398 1022 2455 Ruffinus.

270 2459 505 2504 eiusmodi.
593 2458 692 2502 MS.
746 2456 886 2501 Corb.
939 2457 1106 2498 huius-

215 2520 356 2564 modi.
746 2571 755 2581 ο

271 2590 408 2632 super
476 2573 671 2617 insitam
737 2572 885 2615 merli
949 2573 1109 2621 animo

197 2635 470 2690 ·1'gnaviam.
546 2630 659 2674 Edd.
706 2637 816 2674 vett.
856 2637 900 2671 et
944 2628 1108 2687 vulgus

217 2693 493 2736 MSStm-um
530 2686 803 2733 vocabulum
840 2688 983 2729 inerti
1018 2703 1109 2730 non

219 2750 397 2792 babent.
456 2747 507 2789 In
536 2743 639 2788 MS.
664 2744 788 2788 Flor.
825 2743 1013 2787 Pichena
1044 2744 1109 2786 in·

220 2806 366 2851 veuit:
407 2819 544 2860 super
565 2803 756 2845 insitam
783 2810 930 2844 morte
949 2802 1109 2843 animo

219 2864 483 2918 ignaviam,
522 2859 643 2903 unde
675 2858 748 2902 ille
780 2857 888 2902 fecit
915 2875 1026 2916 quae
1057 2859 1110 2901 ab

222 2919 445 2970 Oberlino
467 2919 513 2962 in
538 2924 792 2961 contextum
814 2923 992 2973 recepta
1025 2916 1108 2959 ho-

221 2978 291 3021 die
312 2976 565 3034 vulgantur.
624 2974 797 3032 Lipsius
819 2989 841 3015 e
864 2981 1014 3030 morte
1035 2989 1115 3017 vo·

223 3036 339 3078 lebat
372 3024 468 3076 fieri
498 3033 644 3088 forte.
714 3029 942 3090 Bipontini
976 3030 1114 3073 dede-

223 3100 330 3136 runt
363 3093 511 3132 inerte
545 3092 721 3133 animo.
781 3086 904 3133 Alibi
940 3088 1112 3130 brevius

225 3149 389 3192 Noster
410 3146 530 3191 dicit.
575 3146 635 3190 cf.
658 3145 763 3189 infr.
789 3161 829 3188 e.
858 3148 951 3188 101.
974 3159 1114 3199 super

225 3206 417 3250 insitam
453 3206 705 3247 levitatem.
763 3204 852 3259 Ant.
882 3206 917 3253 1,
939 3202 1009 3254 59.
1033 3217 1114 3244 su-

221 3277 306 3321 per
349 3261 541 3304 insitam
586 3265 864 3304 violentiam.
935 3258 1047 3302 Hist.
1078 3262 1118 3309 4,

228 3321 297 3365 19.
322 3319 467 3361 insita
489 3320 687 3372 ignavia,
719 3328 761 3360 et
785 3317 999 3362 sexcentis
1022 3316 1117 3359 aliis

227 3377 355 3421 locis.
401 3377 572 3418 Animo
597 3382 689 3417 turn
718 3374 897 3418 demum
923 3372 1023 3417 addi
1049 3390 1117 3417 so·

229 3437 311 3483 let,
342 3449 444 3477 cum
472 3433 659 3474 animus
678 3448 728 3473 ex
757 3430 1039 3489 oppositione
1057 3432 1115 3473 al-

226 3493 364 3538 terius
389 3490 448 3532 rvi
476 3489 672 3548 ponitur.
740 3487 815 3532 Sic
835 3505 956 3546 supr.
982 3504 1020 3530 c.
1044 3487 1112 3531 23.

225 3551 384 3592 animo
408 3549 630 3601 ignavus,
666 3560 847 3597 procax
871 3561 969 3587 ore.
1030 3545 1114 3588 Hic

228 3605 449 3665 oppositio
472 3602 592 3648 nulla
617 3611 703 3645 est:
747 3612 788 3645 et
813 3603 931 3659 quod
958 3603 1112 3645 attinet

1175 1998 1330 2055 Quare
1359 1999 1525 2042 rectius
1561 1999 1749 2042 fortasse
1781 2000 2068 2045 emendares:

1171 2070 1310 2110 saper
1347 2057 1542 2098 insitam
1572 2071 1652 2099 ore
1675 2065 1720 2099 et
1738 2059 1905 2100 animo
1933 2059 2070 2112 igno-

1174 2114 1314 2155 viam.
1377 2113 1449 2155 Ad
1474 2115 1739 2158 vocabulum
1774 2117 1962 2158 insitam
1995 2114 2065 2158 in-

1174 2169 1323 2226 tellige
1376 2171 1562 2213 Vitellio
1585 2186 1599 2213 :
1658 2170 1838 2216 ablativi
1894 2186 1976 2215 ore
2025 2181 2070 2216 et

1176 2230 1338 2270 animo
1364 2228 1658 2272 describunti
1696 2230 1897 2278 naviam,
1940 2237 1990 2276 ut
2007 2229 2069 2273 ita

1177 2299 1257 2326 ore
1295 2293 1337 2327 et
1378 2286 1528 2328 animo
1565 2285 1624 2329 V.
1693 2285 1837 2330 icatur
1870 2288 2069 2345 ignavus.

1179 2341 1283 2385 Non
1340 2350 1494 2384 tamen
1549 2358 1665 2400 nego
1718 2343 2070 2388 additamentum

1179 2400 1326 2441 inerti
1355 2402 1513 2441 animo
1546 2399 1604 2443 ita
1637 2401 1816 2444 tolerari
1838 2417 1992 2460 posse,
2021 2410 2072 2445 ut

1179 2457 1399 2515 pertineat
1430 2457 1484 2501 ad
1515 2459 1747 2508 nervosius
1779 2457 1957 2503 dicendi
1990 2474 2072 2518 ge-

1181 2530 1279 2559 nus.

1237 2572 1530 2615 donativum.
1581 2572 1680 2617 MS.
1693 2573 1816 2618 Flor.
1838 2582 1935 2619 test.
1948 2575 2069 2619 Vici.

1179 2630 1422 2672 donutlvcf
1446 2629 1487 2673 h.
1510 2646 1547 2674 e.
1571 2630 1846 2675 donativom.
1895 2632 1953 2677 cf.
1973 2640 2070 2676 not.

1183 2688 1237 2731 de
1261 2687 1344 2729 hae
1370 2702 1418 2729 re
1443 2703 1577 2745 supra
1603 2687 1806 2744 pluribus
1830 2689 1962 2735 locis.

1239 2745 1542 2797 largiebatur.
1602 2745 1703 2789 MS.
1722 2744 1873 2791 Guelf.
1896 2747 2072 2802 largie-

1182 2803 1373 2844 bamur.

1240 2858 1393 2899 liberti
1418 2858 1706 2914 principum.
1767 2860 1912 2905 Intett.
1945 2861 2070 2928 prio·

1182 2931 1301 2958 rum.
1365 2915 1476 2959 Nam
1501 2916 1874 2975 libertiapriorum
1899 2919 2072 2978 princi-

1183 2989 1290 3031 pum
1315 2980 1363 3015 υἱ
1393 2973 1775 3037 iniperio¹a‹lnexi
1807 2967 1860 3020 ad
1893 2976 2072 3021 atteram

1183 3031 1371 3073 domum
1417 3030 1476 3073 ini
1515 3032 1753 3076 aratoriam
1810 3034 2071 3078 transibant.

1183 3086 1245 3131 cf.
1281 3095 1373 3131 not.
1408 3088 1461 3130 ad
1530 3087 1602 3131 ist.
1629 3090 1668 3139 1,
1689 3090 1759 3133 46.

1242 3145 1465 3200 conferre.
1528 3145 1659 3190 MSS.
1686 3145 1797 3204 Reg.
1824 3146 1962 3193 Corb.
2000 3147 2072 3192 ed.

1189 3200 1307 3259 Spir.
1352 3201 1568 3257 conferri.
1646 3202 1695 3246 In
1732 3205 1835 3249 cod.
1868 3204 1983 3248 Bud.
2027 3203 2073 3247 id

1190 3259 1376 3302 ven-bum
1411 3276 1501 3302 non
1537 3259 1710 3317 legitur.
1769 3261 1868 3305 MS.
1895 3263 1976 3305 les.
2001 3261 2075 3304 dat

1189 3325 1233 3359 et
1256 3313 1482 3358 tribucum
1502 3332 1584 3376 pro
1608 3325 1660 3360 ut
1682 3326 1743 3362 tr.

1248 3375 1359 3416 cap,
1403 3373 1473 3416 95.
1548 3372 1744 3417 Cti‘ecin'a
1785 3391 1840 3418 oc
1886 3374 2081 3420 Valens.

1187 3430 1263 3474 Sic
1298 3447 1319 3473 e
1355 3431 1453 3475 MS.
1496 3428 1612 3475 Bud.
1657 3431 1757 3475 edd.
1790 3430 1935 3483 Rhen.
1970 3433 2073 3477 Atd.

1186 3503 1286 3545 sqq.
1324 3512 1376 3522 --
1437 3487 1554 3533 Edd.
1574 3496 1674 3531 ante
1698 3487 1836 3532 Rhen.
1861 3493 1984 3539 (cum
2018 3491 2073 3534 si·

1189 3544 1295 3587 lent.
1322 3544 1456 3601 vict.)
1486 3555 1528 3589 et
1556 3545 1651 3590 MS.
1669 3544 1822 3591 Guets.
1854 3546 2006 3594 ferunt
2032 3556 2076 3593 e'e

1187 3617 1269 3659 pro
1295 3618 1362 3646 ac.
