2138 4030
620 217 799 279 Lm:
836 216 908 279 11.
987 217 1182 280 CAP.
1227 203 1284 279 8‘.
1327 221 1385 282 9.
1458 202 1460 208 “
1805 222 1924 280 143

80 348 748 416 iunctis'desertoribu3‚
793 361 941 424 quos
967 347 1170 422 inopia
1205 367 1383 421 vagos
1419 349 1755 422 ingentibus
1790 372 1933 428 pro-

80 440 274 498 missis
307 444 676 509 corruperat,
727 453 890 488 mare
923 433 1278 506 ingreditur:
1335 453 1401 489 ac
1432 435 1495 489 vi
1524 445 1930 510 tempestatum

24 519 28 525 ¹
77 521 382 604 Cythnum
443 519 700 575 insulam
753 519 1024 574 detrusus
1081 529 1139 575 et
1190 518 1447 575 militum
1512 521 1796 595 quosdam
1861 541 1932 577 ex

80 608 330 670 Oriente
377 602 830 662 commeantium
877 603 1122 659 adscivit
1167 603 1261 658 vel
1305 603 1629 659 abnuentes
1681 605 1931 661 interfici

78 694 248 752 iussit
269 703 330 749 et
355 689 619 764 spoliatis
642 687 1106 759 negotiatoribus
1133 686 1565 762 mancipiorum
1598 689 1932 745 valentissi-

77 799 243 836 mum
269 793 561 854 quemque
589 772 856 846 armavit⁴ae
910 773 1429 848 centurionemque
1455 771 1768 829 Sisennam
1793 775 1933 829 dex—

78 876 197 923 tras
251 859 598 918 concordiae
651 857 907 930 insignia
955 856 1181 934 Syriaci
1231 857 1513 912 exercitus
1561 858 1801 913 nomine
1854 859 1928 913 ad

73 947 475 1025 praetorianos
495 944 780 999 ferentem
806 942 984 997 variis
1005 942 1229 998 artibus
1254 942 1558 1015 adgressus
1583 953 1698 1011 est,
1720 944 1931 1014 =donec

75 1034 327 1092 Sisenna
354 1031 504 1087 clam
528 1028 731 1110 relicta
754 1027 947 1083 insula
974 1026 1237 1101 trepidus
1273 1038 1330 1082 et
1359 1023 1484 1081 vim
1517 1039 1784 1084 metuens
1824 1047 1932 1084 au-

73 1120 315 1191 fugeret.
400 1115 541 1170 inde
572 1113 688 1168 late
720 1123 939 1181 terror,
980 1111 1182 1167 multis
1207 1112 1279 1167 ad
1312 1111 1707 1170 celebritatem
1733 1112 1933 1168 nomi-

75 1204 169 1260 nis
197 1201 401 1258 erectis
425 1218 624 1255 rerum
648 1217 937 1252 novarum
963 1196 1240 1271 cupidine
1269 1199 1325 1254 et
1353 1197 1492 1253 odio
1516 1197 1932 1273 praesentium.

243 1283 349 1345 IX.
396 1282 756 1340 Gliscentem
783 1281 847 1337 in
875 1281 997 1336 dies
1025 1282 1242 1338 famam
1269 1283 1390 1338 fors
1424 1282 1715 1341 discussit.
1804 1279 1933 1338 Ga·—

75 1372 277 1431 latiam
317 1389 385 1426 ac
418 1363 831 1444 Pamphyliam
874 1365 1209 1441 provincias
1243 1363 1569 1441 Calpurnio
1613 1363 1931 1443 Asprenati

162 223 214 256 Ἀ.
230 219 282 254 U.
297 217 382 251 823.

165 266 216 300 A.
235 262 282 298 C.
321 262 381 300 70.

69 1586 268 1648 Ryekius
301 1590 344 1627 et
371 1581 594 1627 Heinsius.
651 1579 771 1625 Num
799 1580 958 1626 Brote-

71 1649 162 1690 rius
201 1643 338 1687 alium
379 1640 545 1683 librum
585 1640 731 1683 voluit
784 1640 965 1683 dicere?

70 1698 400 1748 Freinshemius
449 1696 638 1740 malebat
681 1700 962 1751 promptior,

66 1758 297 1805 Ernestius
315 1755 521 1810 pronior.
580 1753 666 1796 Sed
694 1753 752 1799 cf.
779 1754 867 1797 An.
898 1753 962 1804 13,

67 1819 138 1861 20.
168 1813 328 1858 omnia
352 1843 390 1857 ..
405 1842 418 1854 .
446 1812 706 1853 temeritati
713 1813 966 1866 propiora3

73 1875 197 1924 16,9.
222 1873 325 1914 irae
349 1883 491 1925 quam
515 1869 675 1910 timori
688 1869 962 1924 propiorem

70 1943 286 1975 cernens,

132 1988 377 2043 Cythnum.
445 1982 520 2027 Sic
552 1980 654 2025 MS.
687 1981 810 2026 Flor.
841 1983 956 2036 (test.
1017 2003 1019 2006 .

72 2045 191 2088 Vim.
223 2058 324 2087 cum
359 2039 502 2097 Pieb.)
539 2039 639 2082 edd.
672 2038 797 2082 Pich.
834 2039 961 2092 (haec

71 2101 301 2154 Citlmum)
327 2096 509 2140 Gruter.
534 2096 751 2154 Bernegg.
776 2111 875 2153 sqq.
904 2122 962 2131 --

73 2161 298 2215 Cynthum
341 2154 474 2197 MSS.
519 2154 704 2197 Farnes.
742 2153 854 2210 Agr.
903 2179 963 2188 --

71 2217 291 2260 Cinthum
324 2211 391 2255 ed.
419 2210 536 2268 Spir.
577 2233 633 2245 -—
690 2212 964 2265 Scytln'num

69 2273 204 2317 MSS.
231 2270 372 2312 vatic.
400 2268 523 2310 Harl.
548 2267 677 2310 Bodl.
700 2267 782 2310 les.
804 2266 959 2310 Guelf.

72 2331 173 2376 edd.
198 2329 299 2372 Put.
323 2327 425 2369 Ber.
463 2325 563 2369 Ale.
593 2323 733 2367 Rhen.
768 2341 819 2382 sq
855 2355 866 2366 .
905 2324 960 2366 ad

70 2388 197 2433 Pich.
237 2413 296 2422 -—
353 2383 597 2428 Scz'cunum
619 2381 722 2424 MS.
747 2340 860 2424 Ruti.
902 2408 961 2417 —-

68 2446 315 2490 incinctum
337 2440 439 2483 MS.
464 2439 627 2487 corb..
660 2440 779 2481 unde
800 2438 958 2481 Brote-

70 2505 162 2548 rius
197 2499 443 2556 suspicatur
476 2496 716 2553 legendum
749 2498 795 2537 in
820 2496 960 2551 Cyth-

66 2575 181 2603 num
205 2557 426 2601 insulam.
486 2553 575 2596 Sed
602 2553 662 2596 cf.
686 2562 776 2595 not.
799 2555 853 2596 ad
868 2554 957 2597 An.

65 2621 108 2669 2,
151 2615 221 2658 54.
311 2609 497 2660 Κύθνος
546 2610 711 2653 dicitur
756 2608 958 2653 Graecis.

70 2677 279 2720 Ceterum
308 2670 366 2713 cf.
393 2677 487 2712 not.
512 2667 565 2710 ad
593 2667 681 2710 An.
707 2666 749 2716 3,
773 2668 844 2710 69.
906 2667 957 2709 In

69 2750 110 2777 c.
140 2731 180 2774 9.
210 2729 308 2771 MS.
342 2726 465 2769 Flor.
500 2732 609 2767 teste
640 2723 849 2767 Victorio
885 2724 959 2766 dat

69 2788 348 2836 Scithinum3
382 2782 450 2826 ed.
477 2781 596 2841 Spir.
619 2781 785 2824 ibidem
809 2782 958 2825 scithi·

68 2861 199 2889 nam.

127 2901 329 2946 adscivit.
398 2895 476 2938 Sic
508 2895 643 2939 MSS.
676 2895 794 2939 Flor.
831 2898 955 2950 (test.

70 2959 208 3008 Vici.)
235 2953 386 2999 Guelf.
421 2953 490 2997 ed.
519 2954 639 3011 Spir.
678 2974 735 2985 -—
795 2952 958 2995 ascivit

72 3017 174 3062 edd.
199 3014 301 3056 Put.
325 3027 423 3068 sqq.

128 3075 200 3116 vel
230 3073 495 3111 abnuentes.
563 3065 641 3110 Sic
669 3065 804 3109 MSS.
835 3065 959 3110 Flor.

71 3139 192 3188 (1est.
225 3128 346 3169 Vict.
386 3139 488 3167 cum
526 3124 613 3167 Iac.
644 3121 810 3179 Gron.)
844 3122 958 3166 Bud.

70 3186 222 3233 Guels.
255 3183 379 3226 Harl.
411 3179 541 3224 Bodl.
572 3180 655 3223 les.
691 3180 789 3223 edd.
810 3178 956 3238 Ryek.

70 3246 158 3290 lac.
193 3242 337 3286 Gron.
370 3252 467 3294 sqq.
508 3264 567 3273 --
624 3245 669 3280 et
700 3241 959 3279 abnuentes·

70 3302 168 3346 edd.
190 3300 307 3357 Spir.
336 3295 439 3338 Put.
461 3309 557 3351 sqq.
582 3294 636 3338 ad
658 3292 802 3351 Ryck.
832 3300 874 3336 et
895 3293 954 3336 ita

70 3357 170 3403 MS.
202 3358 337 3413 Agru,
379 3359 428 3394 ut
462 3350 569 3393 mihi
604 3351 807 3403 videtum
845 3365 953 3392 nam

1090 1580 1360 1627 Sisennmn.
1422 1582 1498 1628 Sic
1522 1582 1621 1627 edd.
1642 1583 1761 1641 Spir.
1787 1582 1931 1628 Rhen.

1033 1656 1140 1741 {5¹33
1162 1639 1933 1753 Βῖἶῗέἕῖἕιῖἒιῖἕῗ·κῗέιῗξᾎῗὲὀ·

1071 1770 1296 1832 ’dextras
1370 1770 1644 1811 concordiae
1684 1825 1694 1835 .
1714 1769 1933 1821 ιἠείςηιά.

1032 1824 1131 1938 233.
1162 1824 1266 1916 12¹⁸·
1279 1824 1933 1937 ..32512053322231232222‘2

1031 1940 1134 1983 MS.
1159 1938 1310 2005 Guelf.
1332 1938 1432 2015 edd.
1454 1938 1560 2039 Ριᾼιᾶἰ
1585 1940 1655 1982 M.
1657 1948 1721 2042 ei}
1746 1940 1930 2039 X.1]3e;·.

1030 1998 1155 2097 (ἔξω
1167 1994 1704 2097 SbeeIi-tlinxulscffhenssilum
1737 2014 1928 2105 ini-›usatz

1003 2139 1007 2142 -
1034 2109 1159 2168 quasi
1193 2109 1385 2152 voluerit
1418 2113 1637 2154 dextera.
1697 2109 1785 2155 Sed
1808 2116 1933 2154 dem·-

1035 2176 1140 2223 tra,
1187 2167 1309 2225 quod
1347 2167 1510 2224 legitur
1543 2168 1588 2211 in
1623 2167 1766 2211 Rhen.
1806 2169 1931 2212 casti-

1034 2232 1166 2283 gatt„
1208 2240 1448 2281 operarum
1484 2224 1588 2267 vitio
1616 2226 1767 2268 deberi
1791 2234 1932 2282 puto:

1033 2299 1139 2325 nam
1163 2282 1210 2324 in
1235 2291 1442 2324 contextu
1463 2280 1537 2326 ille
1560 2283 1679 2325 dedit
1711 2286 1930 2328 dextras.

1090 2355 1341 2406 adgressus
1379 2360 1462 2395 est.
1540 2352 1624 2395 Ed.
1668 2353 1785 2412 Spir.
1834 2368 1925 2406 ag-

1030 2424 1197 2464 gressa
1230 2418 1317 2451 est.
1380 2409 1547 2452 Eadem
1582 2410 1808 2465 effugeret
1843 2426 1927 2468 pro

1029 2466 1291 2522 aufugeret.
1350 2465 1444 2509 Nec
1473 2477 1652 2523 apparet
1677 2467 1737 2509 ibi
1764 2467 1930 2510 distin-

1029 2524 1192 2567 ctionis
1237 2522 1324 2565 ulla
1365 2532 1468 2565 nota
1510 2532 1611 2566 ante
1647 2527 1927 2576 gliscentem.

1029 2580 1122 2623 Pro
1156 2580 1353 2623 Sisenna
1388 2580 1489 2624 MS.
1524 2579 1678 2624 Guelf.
1715 2581 1802 2626 fert
1834 2580 1918 2639 6)-

1027 2639 1178 2681 δεηηᾶ
1188 2669 1198 2679 .

1088 2706 1199 2757 CAP.
1240 2707 1283 2750 9.
1357 2706 1617 2752 Galatiam.
1697 2706 1772 2751 Sic
1821 2708 1924 2753 edd.

1028 2763 1174 2808 Rhen.
1196 2781 1293 2822 sqq.
1358 2762 1617 2807 Collatiam
1644 2764 1744 2808 MS.
1771 2763 1924 2810 Guelt'.

1031 2823 1134 2866 edd.
1158 2822 1276 2879 Spir.
1302 2819 1403 2863 Put.
1429 2821 1497 2864 M.
1523 2829 1564 2864 et
1592 2822 1648 2866 V.
1670 2821 1774 2866 Ber.
1800 2823 1926 2877 Alc.;

1032 2879 1261 2924 Galitiam
1285 2877 1385 2921 MS.
1408 2878 1533 2921 Flor.
1555 2887 1665 2923 teste
1689 2877 1810 2924 Viet.

1085 2949 1426 3003 Pamphyliam.
1518 2948 1596 2994 Sic
1641 2949 1745 2994 MS.
1793 2949 1921 2996 Flor.

1028 3007 1145 3063 (test.
1171 3005 1309 3061 vict.)
1335 3005 1434 3048 edd.
1459 3004 1601 3051 Rben.
1621 3023 1719 3065 sqq.
1750 3006 1811 3051 cs.
1835 3009 1921 3052 An.

1029 3065 1073 3116 2,
1122 3064 1193 3107 79.
1281 3063 1534 3117 Pamphili&
1584 3063 1688 3109 MS.
1742 3064 1924 3118 Guelf.;

1028 3120 1347 3174 Pamphiliam
1381 3119 1482 3164 edd.
1507 3120 1625 3188 Spir.
1654 3122 1755 3164 Put.
1788 3122 1856 3164 M.
1880 3132 1922 3166 et

1029 3179 1085 3221 V.
1110 3178 1210 3221 Ber.
1233 3178 1337 3220 Alc.
1399 3175 1582 3223 Graecls
1608 3178 1774 3222 dicitur
1786 3182 1920 3238 Παμ-

1028 3238 1187 3294 φυλία,

1085 3292 1350 3345 Calpurnio.
1421 3291 1496 3336 Sic
1528 3291 1628 3338 edd.
1661 3293 1782 3351 Lips.
1822 3310 1920 3352 sqq.

1027 3349 1310 3404 Culplmrm'o
1331 3347 1432 3394 edd.
1455 3357 1558 3392 ante
1581 3349 1779 3410 Lipsium
1813 3367 1867 3395 cu
1876 3368 1920 3394 m

71 3414 265 3472 Ryekius
314 3410 370 3454 ad
422 3408 804 3464 comprobandam
862 3406 954 3451 loci
1024 3407 1125 3451 MS.
1146 3405 1300 3450 Guelf.

74 3469 426 3513 emendationem
477 3465 532 3508 ad
583 3465 786 3508 codicem
830 3464 952 3507 Flor.

1079 3465 1345 3519 Asprenati.
1414 3464 1514 3510 MS.
1550 3463 1702 3509 Guelf.
1743 3466 1918 3520 Asper-

71 3536 241 3571 tantum
262 3531 485 3585 provocat,
515 3523 620 3565 dum
648 3529 759 3566 tacet
784 3520 836 3565 de
856 3537 951 3566 suo.
1022 3523 1138 3566 nati.
