2138 4030
253 222 303 254 A.
321 219 372 254 U.
389 218 473 253 82⁸.

249 262 301 296 A.
321 261 369 298 C.
400 262 470 296 70.

678 221 848 284 LlB.
886 221 963 284 ΙΙ.
1040 220 1232 284 CAP.
1271 224 1372 284 96.
1409 224 1508 286 97.
1888 228 2013 306 245,

161 352 476 420 militibus,
531 350 634 427 qui
671 369 973 427 sermones
1004 350 1214 426 populi
1251 354 1602 413 coercerent.
1687 355 1750 411 id
1784 348 2008 432 praeci*-

158 457 344 512 puum
372 436 718 492 alimentum
740 436 928 491 famae
955 446 1093 492 erat.

218 584 224 592 ‚
326 517 572 580 XCVII.
629 517 867 576 Auxilia
913 531 1108 575 tamen
1148 540 1178 576 e
1221 517 1541 577 Germania
1574 517 2002 602 Britanniaque

157 619 215 664 et
237 604 542 680 Hispaniis
581 605 794 660 excivit
826 603 1080 677 segniter
1106 616 1161 661 et
1185 605 1586 661 necessitatem
1611 607 2000 672 dissimulanS.

153 692 399 766 perinde
427 689 603 762 legati
628 689 1081 765 provinciaeque
1120 690 1579 759 cunctabantur,
1616 689 2000 752 Hordeonius

154 774 397 832 Flaccus
421 775 699 849 suspectis
721 775 839 830 iam
861 771 1099 830 Batavis
1125 775 1332 830 anxius
1356 775 1597 849 proprio
1625 777 1781 832 bello
1798 823 1815 846 ‚
1860 775 2000 836 Vet-

151 861 269 918 tius
292 858 556 916 Bolanus
575 878 880 935 nunquam
910 859 1048 915 satis
1072 859 1267 934 quieta
1290 856 1633 929 Britannia,
1678 872 1734 918 et
1753 854 1998 939 uterque

150 945 431 1018 ambigui.
517 963 711 1020 neque
758 964 827 998 ex
858 943 1162 1018 Hispaniis
1199 946 1626 1019 properabatur
1664 946 1830 1003 nullo
1871 959 1999 1004 tum

149 1030 236 1087 ibi
271 1029 585 1087 consulari.
671 1028 853 1085 trium
890 1028 1190 1101 legionum
1221 1029 1396 1101 legati
1432 1050 1601 1104 pares
1624 1029 1753 1087 iure
1781 1042 1836 1087 et
1857 1052 1998 1106 pro-

149 1115 332 1190 speris
369 1113 601 1170 Vitellii
639 1114 814 1169 rebus
858 1113 1132 1169 certaturi
1174 1115 1248 1168 ad
1294 1115 1644 1190 obsequium
1693 1117 1996 1172 adversam

149 1201 271 1256 eius
304 1201 603 1256 fortunam
643 1218 711 1253 ex
748 1218 934 1274 aequo
973 1198 1392 1258 detrectabant.
1490 1196 1562 1254 In
1598 1201 1798 1256 Africa
1841 1202 2000 1275 legio·
2030 1270 2033 1272 ,

147 1281 532 1360 cohortesque
569 1283 822 1339 delectae
856 1303 888 1338 a
913 1279 1124 1338 Clodio
1155 1281 1390 1352 Macro,
1444 1304 1581 1340 mox
1601 1306 1648 1356 ‘a
1674 1283 1868 1342 Galba
1901 1288 1996 1342 di—

146 1371 354 1425 missae
385 1388 587 1426 rursus
624 1368 784 1423 iussu
807 1365 1040 1422 Vitellii
1073 1367 1346 1423 militiam
1384 1389 1603 1443 cepere.
1691 1371 1867 1427 simul
1902 1391 1996 1427 ce-

145 1467 266 1510 tera
297 1454 568 1510 iuventus
604 1453 781 1509 dabat
815 1452 1062 1526 impigre
1095 1453 1356 1511 nomina.
1445 1454 1661 1528 quippe
1697 1454 1990 1529 integrum

145 1532 266 1595 illic
302 1560 368 1596 ac
402 1538 784 1594 favorabilem
819 1538 1300 1612 proconsulatum
1334 1536 1646 1606 Vitellius,
1701 1541 1990 1596 famosum

142 1625 514 1699 invisumque
541 1621 935 1696 Vespasianus
964 1634 1186 1694 egerat:
1244 1623 1493 1696 proinde
1522 1624 1665 1680 socii
1695 1626 1767 1680 de
1792 1625 1992 1700 simpe-

140 1709 231 1765 rio
279 1709 586 1785 utriusque
629 1706 1051 1766 coniectabant.
1139 1708 1237 1764 sed
1278 1707 1742 1782 experimentum
1783 1721 1988 1770 contra

139 1794 268 1851 fuit.

192 1985 364 2039 populi.
421 1963 520 2028 [soe
543 1982 813 2029 vocabulum
843 1998 936 2024 non
959 1981 1025 2024 le-
1096 1999 1253 2041 parum
1295 1992 1364 2027 est
1396 1984 1519 2028 fidei:
1570 1984 1683 2029 mire
1720 1987 1839 2029 enim
1878 2003 1984 2030 con·

137 2044 254 2099 gitur
277 2042 324 2084 in
346 2041 450 2085 edd.
470 2040 614 2084 Rhen.
639 2040 745 2084 Ald.
767 2039 946 2096 Micyll.
1095 2041 1292 2084 fundunt
1313 2057 1503 2095 coepere
1522 2051 1564 2085 et
1583 2058 1759 2096 cepere.
1813 2043 1983 2086 Verum

192 2113 307 2157 CAP.
346 2112 418 2156 97·
493 2113 855 2167 Britanniaque,
941 2110 1022 2154 Ed·
1095 2100 1307 2141 militiam
1335 2114 1497 2152 capere
1528 2100 1602 2143 hic
1632 2100 1804 2143 dietum
1838 2110 1902 2143 est
1936 2109 1985 2149 ut

135 2172 254 2231 Spir.
275 2172 334 2213 ab
356 2171 725 2224 Britanniaque,
755 2168 876 2225 quod
900 2169 1023 2210 addi-

134 2235 380 2273 tamentum
420 2226 539 2270 unde
571 2226 626 2268 sit
654 2226 784 2268 facile
819 2223 1023 2280 intelligi·

133 2293 221 2329 tur.
305 2284 473 2328 Eadem
524 2299 607 2342 pro
658 2283 900 2338 Hispaniis
951 2281 1025 2324 dat

130 2345 335 2398 hispanis
355 2342 428 2386 hic
453 2349 494 2383 et
518 2341 650 2399 paulo
675 2339 876 2383 inferius.

191 2417 371 2458 Vettius
383 2415 609 2456 Bolanus.
668 2412 799 2455 Ed.s
835 2428 886 2455 ir.
900 2411 948 2453 V
946 2425 1021 2452 er-

133 2468 238 2517 tius
252 2474 493 2516 Ronanus.
553 2470 668 2513 Edd.
690 2469 792 2511 Put.
804 2428 1018 2511 lBemald.

135 2532 257 2585 (cum
293 2528 434 2572 silent.
460 2529 593 2582 Vict.)
629 2527 726 2570 Alc.
752 2525 896 2568 Rhen.
918 2540 1020 2582 sqq.

132 2603 236 2631 cum
261 2586 364 2629 MS.
388 2581 542 2628 Guelf.
570 2584 761 2628 Vectius
783 2583 1020 2625 Bolanus.

130 2645 217 2688 Sed
251 2644 339 2686 vid.
376 2651 469 2688 not.
504 2644 558 2685 ad
592 2644 684 2688 Au.
717 2642 784 2689 15,
807 2639 847 2682 3.
905 2638 1019 2683 Ilist.

185 2786 442 2827 nunquam.
503 2770 604 2814 MS.
625 2768 778 2812 Guelf.
798 2757 900 2827 ηοᾷ
925 2770 967 2814 h.
984 2787 1020 2814 e.

130 2844 385 2884 nonquam.

188 2906 231 2941 et
252 2906 458 2955 uterque.
517 2896 730 2954 Ed.Spir.
754 2905 798 2939 et
819 2899 1017 2952 utrique.

130 2957 239 3014 hlox
274 2955 427 2998 eadem
456 2956 845 3022 prosgerabatur:
891 2960 1017 2997 nullo

129 3029 232 3056 curn
268 3014 331 3056 ilat
361 3014 590 3057 consolata
629 3011 771 3053 trium
806 3021 889 3056 ete.
934 3030 1017 3070 pro

125 3071 470 3124 properabatur
490 3076 574 3111 etc.

188 3127 409 3170 miliciam
433 3140 607 3181 cepere.
653 3119 727 3167 Sic
741 3124 878 3168 MSS.
894 3126 1015 3169 Flor.

130 3191 248 3237 (test.
278 3185 364 3227 lac.
388 3182 554 3238 Gron.)
580 3181 731 3225 Guelf.
763 3182 879 3224 Bud.
911 3183 1013 3225 edd.

129 3243 214 3283 lac.
232 3240 378 3284 Grau.
395 3240 566 3283 Ernest.
592 3255 687 3296 sqq.
717 3263 774 3272 -—-
833 3255 1018 3293 conplere

131 3298 263 3341 MSS.
299 3296 405 3355 Reg.
439 3296 577 3340 Corb.
619 3295 722 3339 edd.
755 3296 871 3354 Spir.
915 3296 1014 3339 Put.

129 3371 148 3398 s
217 3387 226 3398 .
249 3371 289 3397 a(
327 3352 726 3398 [uenenum-ium.
757 3380 815 3389 -
853 3369 1016 3408 cupere

130 3370 262 3456 ffls.
329 3410 409 3456 ari,
436 3410 515 3452 les.
534 3443 545 3460 ,
581 3409 699 3452 unde
725 3410 1015 3454 confirmatur

131 3477 304 3527 recepta
327 3470 379 3511 ab
403 3469 488 3514 lac..
514 3466 752 3510 Gronovio
781 3467 1012 3526 scriptura,

131 3523 339 3569 Ceterum
363 3526 585 3572 veteribus
620 3522 744 3569 tibris
775 3526 822 3569 iu
854 3525 936 3570 hac
967 3542 1017 3568 rc

1094 2171 1232 2198 arma
1253 2171 1416 2210 capere
1439 2158 1524 2200 An.
1546 2157 1587 2208 3,
1610 2157 1678 2200 38.
1701 2167 1742 2200 et
1765 2159 1864 2210 423
1903 2173 1985 2199 cu-

1089 2228 1203 2269 pere
1225 2215 1407 2268 imperii
1417 2216 1680 2269 primordia
1703 2216 1794 2259 An.
1823 2216 1864 2266 6,
1885 2215 1950 2259 50.

1139 2297 1388 2354 famosum
1432 2298 1733 2354 invisumque.
1815 2297 1983 2342 Contra

1095 2354 1335 2397 Suetonius
1359 2353 1493 2414 Vesp.
1526 2373 1566 2399 c.
1593 2358 1636 2399 4.
1667 2356 1878 2412 Africam
1908 2359 1982 2398 in-

1091 2413 1338 2466 tegerrime
1371 2426 1456 2454 nec
1487 2415 1591 2457 sine
1610 2427 1788 2467 magna
1811 2413 1978 2466 digna-

1090 2470 1218 2512 tione
1275 2469 1644 2522 adminz'szram‘t.
1746 2469 1980 2513 Ernesiius

1090 2534 1335 2582 utrumque
1364 2528 1424 2569 ita
1451 2527 1685 2578 conciliat,
1724 2535 1774 2569 ut
1803 2528 1980 2583 integri-

1089 2591 1221 2626 tatem
1243 2584 1498 2641 ponendam
1522 2585 1568 2626 in
1593 2585 1820 2627 severitate
1844 2591 1981 2642 putet,

1092 2642 1149 2683 ob
1175 2657 1305 2697 quani
1335 2641 1501 2684 invisus
1533 2642 1666 2683 fuerit
1698 2641 1980 2698 provinciali-

1091 2699 1189 2740 bus.
1267 2697 1355 2740 Sed
1387 2698 1638 2754 farnosum
1683 2699 1794 2742 iilud
1832 2698 1977 2741 Taciti

1090 2755 1283 2812 apertius
1327 2756 1471 2798 obstat
1511 2755 1714 2798 Suetonii
1756 2755 1978 2804 laudibus,

1092 2828 1223 2870 quam
1276 2819 1325 2853 ut
1373 2811 1564 2856 Ernesti}
1620 2812 1877 2856 conciliatio
1909 2812 1978 2855 ‘³in

1091 2870 1324 2926 utriusque
1390 2869 1620 2927 scriptoris
1691 2870 1978 2913 concordiam

1091 2927 1342 2972 uvales-cere
1373 2929 1526 2984 possit.
1596 2925 1666 2970 De
1702 2927 1869 2969 diversa
1901 2928 1978 2985 igi·

1092 2994 1163 3027 tur
1200 2985 1314 3026 fama
1346 2984 1631 3040 cogitandum
1675 2984 1775 3029 erit.
1844 2984 1977 3027 Silius

1089 3042 1131 3091 3,
1161 3041 1271 3084 599s
1295 3050 1422 3095 reget
1458 3042 1654 3097 impiger
1679 3042 1847 3098 Afros,
1900 3043 1978 3085 sed

1087 3099 1159 3142 hic
1183 3106 1328 3156 poeta.

1142 3169 1333 3221 proinde
1359 3168 1490 3211 socii.
1551 3169 1628 3213 Sic
1651 3170 1786 3212 MSS.
1811 3177 1853 3212 et
1875 3178 1975 3211 vett.

1089 3226 1188 3269 edd.
1258 3225 1493 3269 Rhenanus
1535 3243 1585 3268 ex
1625 3226 1808 3283 ingenio
1856 3225 1977 3268 dedit

1085 3284 1296 3337 perinde,
1333 3283 1454 3341 quod
1487 3283 1647 3326 deinde
1684 3286 1730 3326 in
1780 3283 1978 3325 »osterio-

1087 3357 1160 3383 res
1209 3341 1309 3383 edd.
1344 3340 1465 3385 venit
1504 3357 1676 3383 omnes.
1755 3300 1843 3382 Sed
1882 3340 1974 3383 vid.

1090 3406 1183 3439 not.
1214 3398 1269 3440 ad
1295 3397 1381 3440 Ati.
1405 3396 1443 3448 3,
1472 3400 1529 3440 17.

1145 3469 1474 3513 coniectabant.

1090 3526 1106 3569 ι’
1110 3532 1174 3569 etl
1179 3526 1307 3570 ahaz.

1548 3469 1645 3515 MS.
1679 3468 1715 3510 G
1725 3468 1822 3511 uell.
1867 3482 1976 3517 cm&
