2138 4030
158 5 182 14 μ

1992 72 2022 96 s

174 165 240 204 >Α.
256 164 308 201 U.
324 164 413 202 823.

191 208 313 250 A.‚c„
349 209 412 244 70.
625 158 939 230 LIB.·IV.
994 163 1211 233 CAP.
1247 169 1347 230 36.
1385 170 1485 231 37.
1828 170 1948 232 411
1993 209 1995 213 ⁴

101 301 263 376 capit
301 297 657 357 Geldubam.
755 315 891 352 mox
935 292 1098 360 haud
1129 288 1355 371 „procul
1390 294 1644 355 Novesio
1698 299 1955 375 equestri

45 403 57 409 '
104 385 331 461 proelio
357 401 633 460 prospere
659 381 916 439 certavit.
1002 380 1120 438 Sed
1151 381 1322 441 miles
1357 384 1628 440 secundis
1657 384 1954 455 adversis-

39 514 44 520 ,
102 458 219 547 que
270 469 516 545 perinde
561 468 626 524 in
664 465 907 522 exitium
952 467 1170 523 ducum
1210 466 1651 549 accendebatur.
1747 482 1811 528 et
1845 468 1954 532 ad·-

102 566 284 612 ventu
331 554 756 630 quintanorum
801 550 1588 627 quintadecumanorumque
1623 566 1824 612 auctae
1861 555 1951 611 le-

101 640 305 714 giones
344 638 690 703 donativum
724 648 1070 711 exposcunt,
1115 648 1410 712 comperto
1439 639 1749 711 pecuniam
1778 661 1811 696 a
1839 638 1950 694 Vi.
2005 711 2007 713 ,

100 725 264 782 tellio
301 724 555 781 missam.
651 720 773 778 Nec
808 722 916 778 diu
952 733 1256 779 cunctatus
1292 719 1673 778 Hordeonius
1707 726 1950 782 nomine

99 809 446 884 Vespasiani
470 807 651 866 dedit.
737 807 914 883 idque
937 807 1319 882 praecipuum
1351 806 1466 863 fuit
1491 807 1799 865 seditionis
1837 811 1947 867 ali-

27 937 35 945 .
98 906 380 951 mentum.
467 893 638 949 effusi
665 892 729 946 in
757 893 959 948 luxum
997 903 1053 948 et
1082 892 1284 966 epulas
1313 903 1370 949 et
1392 903 1715 958 nocturnos
1749 906 1946 952 coetus

97 991 352 1037 veterem
380 978 445 1034 in
472 976 889 1041 Hordeonium
921 977 1071 1032 iram
1098 988 1403 1033 renovant.
1487 997 1594 1034 nec
1625 979 1751 1035 ullo
1789 980 1947 1054 lega-

94 1076 292 1121 torum
317 1063 771 1122 tribunorumve
800 1062 1079 1119 obsistere
1107 1081 1247 1118 auso
1279 1056 1525 1138 (quippe
1560 1083 1797 1147 omnem
1831 1085 1946 1140 pu-

96 1151 300 1206 dorem
337 1169 454 1206 nox
494 1145 818 1225 ademerat)
858 1158 1222 1222 protractum
1266 1166 1296 1201 e
1339 1147 1524 1203 cubili
1564 1147 1943 1211 interficiunt.
2021 1207 2025 1212 ,

91 1231 316 1290 Eadem
342 1235 405 1290 in
431 1233 718 1289 Voculam
744 1233 1104 1308 parabantur
1127 1231 1245 1286 nisi
1267 1232 1469 1288 servili
1492 1228 1701 1300 habitu
1730 1241 1836 1310 per
1857 1248 1944 1293 te-

94 1320 305 1376 nebras
354 1319 656 1393 ignoratus
702 1317 991 1382 evasisset.
1091 1315 1210 1374 Ubi
1250 1317 1447 1373 sedato
1496 1317 1721 1393 impetu
1754 1332 1944 1378 metus

91 1405 294 1473 rediit,
338 1404 710 1463 centuriones
738 1423 873 1458 cum
906 1401 1166 1477 epistolis
1200 1402 1277 1466 ad
1313 1401 1575 1460 civitates
1609 1401 1942 1465 Galliarum

91 1489 302 1550 misere
327 1488 543 1546 auxilia
574 1509 640 1544 ac
669 1487 962 1562 stipendia
990 1498 1277 1546 oraturo&

258 1615 569 1673 XXXVII.
666 1615 816 1691 Ipsi,
871 1627 940 1672 ut
979 1626 1064 1671 est
1100 1615 1310 1688 vulgus
1349 1615 1475 1670 sine
1511 1629 1736 1674 rectore
1770 1639 1941 1694 prae-

90 1721 253 1776 ceps,
315 1702 626 1777 pavidum,
693 1721 920 1770 socorS,
987 1701 1339 1757 adventante
1383 1698 1573 1757 Civile
1619 1703 1803 1778 raptis
1853 1716 1940 1761 te-

89 1807 244 1842 mere
300 1787 477 1843 armis
536 1807 602 1842 ac
665 1786 862 1843 statim
926 1785 1156 1841 omissis
1216 1784 1282 1839 in
1344 1785 1543 1859 fugam
1607 1800 1938 1870 vertuntur.

85 1869 518 1930 Res‘adversae
560 1871 914 1927 discordiam
948 1889 1255 1945 peperere,
1318 1870 1391 1926 iis
1428 1871 1532 1946 qui
1569 1890 1598 1925 e
1639 1874 1939 1948 superiore

86 1957 342 2014 exercitu
379 1968 545 2031 erant
575 1976 807 2013 causam
831 1975 998 2012 suam
1024 1955 1495 2012 dissociantihus.
1582 1954 1812 2014 Vitellii
1848 1969 1939 2017 ta-

140 2214 342 2268 equestri
364 2214 543 2267 proelio
567 2227 790 2268 prospere
814 2219 969 2256 certa-

82 2272 160 2311 vit.
230 2271 316 2312 lnt.
342 2270 519 2320 Civilis,
554 2286 650 2314 non
678 2273 882 2320 Vocula,
922 2279 971 2314 ut

81 2326 258 2369 videtur
293 2326 608 2372 Strombeckio
643 2328 842 2386 aliisque.
914 2327 972 2371 Et

80 2383 367 2427 Gutmannus
428 2384 610 2442 quidem
663 2387 762 2430 vult
816 2383 968 2428 locum

78 2440 303 2483 emendari
319 2442 402 2484 ita:
434 2443 612 2484 Vocula
629 2443 830 2498 equestri
838 2459 970 2497 proe-

77 2500 140 2539 lio
162 2507 246 2540 etc.
303 2498 561 2542 Adfirmant
587 2507 845 2542 contextum
869 2516 969 2557 pos·

78 2570 201 2602 cere,
246 2562 294 2597 ut
324 2559 518 2598 certavit
550 2556 604 2599 de
639 2555 813 2598 Vocula
846 2557 970 2600 acci-

77 2612 247 2670 piatur,
294 2613 416 2670 quod
452 2613 685 2669 quomodo
724 2613 821 2655 fieri
859 2630 967 2672 pos·

77 2669 132 2712 sit
179 2670 428 2713 secundum
463 2687 512 2713 ea
559 2687 670 2728 quae
719 2685 967 2728 praecesse-

78 2734 183 2768 runt
215 2727 371 2779 verba,
402 2743 587 2784 prorsus
623 2743 715 2770 non
748 2728 965 2787 intelligo.

76 2782 301 2826 Particula
341 2789 424 2826 sed
462 2785 638 2842 decepit
682 2787 964 2844 interpretes.

75 2839 246 2882 Verum
286 2845 369 2883 sed
401 2841 474 2884 hic
507 2842 695 2900 ponitur
731 2852 779 2886 ut
809 2844 894 2889 An.
927 2843 969 2893 3,

75 2896 151 2940 62.
212 2896 326 2941 Vide
347 2897 410 2941 ibi
434 2909 531 2943 not.

133 2983 427 3038 adversisque
452 2984 660 3036 perinde.
728 2984 811 3028 Ed.
844 2985 964 3044 Spir-

75 3040 370 3095 adversl'sque
392 3054 510 3094 quae
528 3042 737 3094 proinde.

134 3124 482 3167 accendebatur.
541 3123 642 3167 MS.
662 3122 811 3167 Guetf.
834 3139 965 3168 acce-

73 3179 271 3220 debatur
311 3180 491 3233 (omissa
526 3179 689 3224 lineola
725 3197 858 3240 super
893 3199 966 3226 se-

76 3235 227 3279 cunda
263 3235 465 3293 syllaba).
532 3237 638 3282 MS.
663 3237 771 3297 Agr.
803 3255 964 3283 accen·-

74 3294 322 3337 debantur.

425 3387 668 3422 renovant.
727 3380 805 3425 Sic
829 3381 963 3425 MSS.

78 3431 231 3484 Guelf,
266 3433 391 3478 Harl.
427 3435 558 3480 Bodl.
591 3436 673 3481 les.
709 3437 822 3483 Bud.
864 3441 963 3483 edd.

77 3487 275 3536 Rhenan.
306 3491 406 3537 Ald.
431 3509 527 3553 sqq.
560 3521 616 3531 --
681 3495 848 3551 effusus
876 3530 886 3541 .
914 3529 926 3541 .
955 3529 964 3539 .

133 3375 271 3430 effusi
305 3409 315 3426 ‚
337 3408 350 3421 .
376 3409 389 3421 .

1041 2215 1284 2257 renovavit
1333 2215 1468 2259 MSS.
1509 2214 1619 2272 Reg.
1668 2218 1777 2274 Agr.
1830 2220 1931 2264 edd.

1041 2272 1159 2328 Spir.
1185 2272 1286 2314 put.
1312 2273 1380 2316 M.
1409 2281 1451 2315 et
1474 2273 1526 2315 V.
1560 2273 1785 2319 Beroald.=
1809 2278 1933 2332 (curn

1041 2330 1112 2372 sil.
1139 2330 1275 2378 vict.)
1307 2330 1406 2372 Ale.
1427 2358 1486 2366 -
1533 2330 1644 2374 Post
1674 2342 1828 2376 coetus
1862 2337 1934 2380 ed.

1041 2387 1158 2443 Spir.
1182 2395 1226 2428 et
1249 2387 1446 2430 secunda
1467 2405 1626 2431 manus
1645 2389 1690 2431 in
1714 2392 1939 2450 cod-Agr.

1040 2444 1211 2486 addunt
1235 2446 1380 2487 miles.

1098 2542 1122 2568 e
1156 2528 1304 2572 cubili.
1363 2528 1446 2571 Ed.
1480 2529 1690 2573 Beroald.
1724 2532 1876 2576 vitiose
1909 2552 1934 2579 e

1040 2585 1248 2626 cubiculi.

1095 2670 1144 2712 in
1180 2670 1426 2722 Voculam.
1508 2670 1592 2716 Ed.
1626 2671 1745 2729 Spir.
1780 2678 1803 2718 ἷ
1830 2677 1928 2719 Vo-

1039 2729 1160 2769 cula.
1251 2726 1418 2771 Eadem
1450 2736 1552 2772 ante
1577 2729 1812 2781 stipendia
1844 2750 1929 2792 pro

1038 2799 1094 2826 ac
1116 2783 1246 2828 habet
1264 2791 1325 2828 ct.

1685 2888 1762 2934 Sic
1788 2891 1926 2937 MSS.

1038 2941 1161 2984 Flor.
1187 2947 1306 2994 (test.
1321 2941 1466 2998 Pich.)
1484 2942 1634 2988 Guelf.
1659 2946 1782 2992 Harl.
1797 2949 1927 2995 Bodl.

1038 2999 1122 3042 les.
1145 2998 1260 3041 Bud.
1297 2998 1401 3043 edd.
1431 3000 1536 3043 Put.
1562 3002 1769 3049 Beroald.
1799 3009 1927 3062 (eum

1037 3056 1109 3098 sil.
1132 3055 1264 3111 vict.)
1286 3072 1383 3113 sqq.
1408 3058 1463 3100 ad
1484 3057 1695 3117 Lipsium.
1729 3087 1780 3098 —
1839 3080 1925 3117 pa·

1038 3114 1169 3156 vidus
1188 3113 1288 3156 MS.
1314 3114 1425 3172 Reg.
1451 3115 1554 3160 edd.
1575 3118 1694 3176 Spir.
1719 3119 1839 3178 Lips.
1870 3151 1928 3160 --

1037 3170 1235 3213 Pichena
1248 3204 1260 3221 ,
1289 3170 1508 3218 Gruterus
1520 3190 1618 3233 sqq.
1637 3178 1929 3223 restituerunt

1033 3229 1275 3282 pauidum.

1099 2883 1210 2927 CAP.
1242 2882 1314 2926 37.
1369 2887 1616 2937 pavidum.

1094 3327 1148 3369 iis
1191 3329 1272 3383 qui
1313 3345 1338 3374 e
1379 3327 1618 3385 superiore
1650 3343 1735 3379 etc.
1821 3336 1925 3382 MS.

1038 3383 1189 3427 Guels.
1214 3385 1398 3446 negligit
1418 3390 1794 3446 praepositionem
1817 3409 1925 3438 e.—

1039 3441 1121 3543 ἐξ.
1153 3442 1297 3501 Spir.:
1349 3447 1416 3491 bis
1460 3450 1540 3504 qui
1580 3463 1640 3492 ex
1691 3453 1927 3505 superiore
