<?xml version="1.0" encoding="UTF-8"?>
<!DOCTYPE html PUBLIC "-//W3C//DTD XHTML 1.0 Transitional//EN"
    "http://www.w3.org/TR/xhtml1/DTD/xhtml1-transitional.dtd">
<html xmlns="http://www.w3.org/1999/xhtml" xml:lang="en" lang="en">
 <head>
  <title>
</title>
<meta http-equiv="Content-Type" content="text/html;charset=utf-8" />
  <meta name='ocr-system' content='tesseract 3.04.00' />
  <meta name='ocr-capabilities' content='ocr_page ocr_carea ocr_par ocr_line ocrx_word'/>
</head>
<body>
  <div class='ocr_page' id='page_1' title='image "./operarecensuitet03taciuoft/operarecensuitet03taciuoft_0219.png"; bbox 0 0 2138 4030; ppageno 0'>
   <div class='ocr_carea' id='block_1_1' title="bbox 597 153 1955 330">
    <p class='ocr_par' dir='ltr' id='par_1_1' title="bbox 597 153 1955 330">
     <span class='ocr_line' id='line_1_1' title="bbox 942 153 955 201; baseline 0 0"><span class='ocrx_word' id='word_1_1' title='bbox 942 153 955 201; x_wconf 62' lang='lat' dir='ltr'><strong>&#39;t</strong></span> 
     </span>
     <span class='ocr_line' id='line_1_2' title="bbox 597 252 1955 330; baseline 0.008 -12"><span class='ocrx_word' id='word_1_2' title='bbox 597 258 772 321; x_wconf 91' lang='lat' dir='ltr'><strong>LIB.</strong></span> <span class='ocrx_word' id='word_1_3' title='bbox 814 259 893 322; x_wconf 93' lang='lat' dir='ltr'><strong>II.</strong></span> <span class='ocrx_word' id='word_1_4' title='bbox 975 255 1176 322; x_wconf 89' lang='lat' dir='ltr'><strong>CAP.</strong></span> <span class='ocrx_word' id='word_1_5' title='bbox 1214 252 1316 324; x_wconf 71' lang='lat'><strong>662</strong></span> <span class='ocrx_word' id='word_1_6' title='bbox 1352 262 1455 324; x_wconf 85' lang='lat'><strong>67.</strong></span> <span class='ocrx_word' id='word_1_7' title='bbox 1828 270 1955 330; x_wconf 75' lang='lat'><strong>209</strong></span> 
     </span>
    </p>
   </div>
   <div class='ocr_carea' id='block_1_2' title="bbox 25 388 1957 644">
    <p class='ocr_par' dir='ltr' id='par_1_2' title="bbox 25 388 1957 644">
     <span class='ocr_line' id='line_1_3' title="bbox 99 388 1956 466; baseline 0.006 -20"><span class='ocrx_word' id='word_1_8' title='bbox 99 389 396 449; x_wconf 83' lang='lat' dir='ltr'><strong>Viennam</strong></span> <span class='ocrx_word' id='word_1_9' title='bbox 428 391 703 450; x_wconf 82' lang='lat' dir='ltr'><strong>vitarent.</strong></span> <span class='ocrx_word' id='word_1_10' title='bbox 794 409 1051 466; x_wconf 87' lang='lat' dir='ltr'><strong>namque</strong></span> <span class='ocrx_word' id='word_1_11' title='bbox 1087 401 1146 448; x_wconf 85' lang='lat' dir='ltr'><strong>et</strong></span> <span class='ocrx_word' id='word_1_12' title='bbox 1169 388 1539 448; x_wconf 84' lang='lat' dir='ltr'><strong>Viennenses</strong></span> <span class='ocrx_word' id='word_1_13' title='bbox 1577 394 1956 457; x_wconf 82' lang='lat' dir='ltr'><strong>timebantur.</strong></span> 
     </span>
     <span class='ocr_line' id='line_1_4' title="bbox 94 473 1956 556; baseline 0.004 -23"><span class='ocrx_word' id='word_1_14' title='bbox 94 473 310 546; x_wconf 88' lang='lat' dir='ltr'><strong>Nocte,</strong></span> <span class='ocrx_word' id='word_1_15' title='bbox 353 497 470 554; x_wconf 90' lang='lat' dir='ltr'><strong>qua</strong></span> <span class='ocrx_word' id='word_1_16' title='bbox 493 475 972 552; x_wconf 89' lang='lat' dir='ltr'><strong>proficiscebatur</strong></span> <span class='ocrx_word' id='word_1_17' title='bbox 995 475 1176 548; x_wconf 87' lang='lat' dir='ltr'><strong>legio,</strong></span> <span class='ocrx_word' id='word_1_18' title='bbox 1215 476 1436 534; x_wconf 86' lang='lat' dir='ltr'><strong>relictis</strong></span> <span class='ocrx_word' id='word_1_19' title='bbox 1464 479 1682 552; x_wconf 88' lang='lat' dir='ltr'><strong>passim</strong></span> <span class='ocrx_word' id='word_1_20' title='bbox 1718 482 1956 556; x_wconf 79' lang='lat' dir='ltr'><strong>ignibus</strong></span> 
     </span>
     <span class='ocr_line' id='line_1_5' title="bbox 25 558 1957 644; baseline 0.005 -27"><span class='ocrx_word' id='word_1_21' title='bbox 25 609 31 617; x_wconf 82' lang='lat'>.</span> <span class='ocrx_word' id='word_1_22' title='bbox 97 581 233 636; x_wconf 88' lang='lat' dir='ltr'><strong>pars</strong></span> <span class='ocrx_word' id='word_1_23' title='bbox 256 561 557 619; x_wconf 79' lang='lat' dir='ltr'><strong>Taurinae</strong></span> <span class='ocrx_word' id='word_1_24' title='bbox 582 558 867 618; x_wconf 82' lang='lat' dir='ltr'><strong>Coloniae</strong></span> <span class='ocrx_word' id='word_1_25' title='bbox 901 561 1196 618; x_wconf 87' lang='lat' dir='ltr'><strong>ambusta:</strong></span> <span class='ocrx_word' id='word_1_26' title='bbox 1239 562 1401 638; x_wconf 87' lang='lat' dir='ltr'><strong>quod</strong></span> <span class='ocrx_word' id='word_1_27' title='bbox 1429 562 1714 620; x_wconf 89' lang='lat' dir='ltr'><strong>damnum</strong></span> <span class='ocrx_word' id='word_1_28' title='bbox 1738 579 1806 625; x_wconf 94' lang='lat' dir='ltr'><strong>ut</strong></span> <span class='ocrx_word' id='word_1_29' title='bbox 1827 570 1957 644; x_wconf 90' lang='lat' dir='ltr'><strong>ple-</strong></span> 
     </span>
    </p>
   </div>
   <div class='ocr_carea' id='block_1_3' title="bbox 185 255 409 337">
    <p class='ocr_par' dir='ltr' id='par_1_3' title="bbox 185 255 409 337">
     <span class='ocr_line' id='line_1_6' title="bbox 186 255 409 294; baseline -0.004 -2"><span class='ocrx_word' id='word_1_30' title='bbox 186 257 238 294; x_wconf 68' lang='lat' dir='ltr'><strong>A.</strong></span> <span class='ocrx_word' id='word_1_31' title='bbox 250 257 304 293; x_wconf 86' lang='lat' dir='ltr'><strong>U.</strong></span> <span class='ocrx_word' id='word_1_32' title='bbox 320 255 409 291; x_wconf 77' lang='lat'><strong>823.</strong></span> 
     </span>
     <span class='ocr_line' id='line_1_7' title="bbox 185 299 406 337; baseline 0.005 -1"><span class='ocrx_word' id='word_1_33' title='bbox 185 303 238 337; x_wconf 69' lang='lat' dir='ltr'><strong>A.</strong></span> <span class='ocrx_word' id='word_1_34' title='bbox 255 299 302 336; x_wconf 87' lang='lat' dir='ltr'><strong>C.</strong></span> <span class='ocrx_word' id='word_1_35' title='bbox 345 301 406 337; x_wconf 81' lang='lat'><strong>70.</strong></span> 
     </span>
    </p>
   </div>
   <div class='ocr_carea' id='block_1_4' title="bbox 6 645 1958 724">
    <p class='ocr_par' dir='ltr' id='par_1_4' title="bbox 6 645 1958 724">
     <span class='ocr_line' id='line_1_8' title="bbox 6 645 1958 724; baseline 0.005 -22"><span class='ocrx_word' id='word_1_36' title='bbox 6 668 10 672; x_wconf 65' lang='grc'><strong><em>’</em></strong></span> <span class='ocrx_word' id='word_1_37' title='bbox 96 667 280 724; x_wconf 89' lang='lat' dir='ltr'><strong>raque</strong></span> <span class='ocrx_word' id='word_1_38' title='bbox 303 647 449 705; x_wconf 88' lang='lat' dir='ltr'><strong>belli</strong></span> <span class='ocrx_word' id='word_1_39' title='bbox 470 646 626 703; x_wconf 91' lang='lat' dir='ltr'><strong>mala</strong></span> <span class='ocrx_word' id='word_1_40' title='bbox 652 645 979 703; x_wconf 89' lang='lat' dir='ltr'><strong>maioribus</strong></span> <span class='ocrx_word' id='word_1_41' title='bbox 1002 645 1255 703; x_wconf 88' lang='lat' dir='ltr'><strong>aliarum</strong></span> <span class='ocrx_word' id='word_1_42' title='bbox 1287 647 1529 704; x_wconf 87' lang='lat' dir='ltr'><strong>urbium</strong></span> <span class='ocrx_word' id='word_1_43' title='bbox 1555 649 1820 708; x_wconf 85' lang='lat' dir='ltr'><strong>cladibus</strong></span> <span class='ocrx_word' id='word_1_44' title='bbox 1846 654 1958 712; x_wconf 87' lang='lat' dir='ltr'><strong>ob-</strong></span> 
     </span>
    </p>
   </div>
   <div class='ocr_carea' id='block_1_5' title="bbox 94 727 1963 2000">
    <p class='ocr_par' dir='ltr' id='par_1_5' title="bbox 94 727 1963 2000">
     <span class='ocr_line' id='line_1_9' title="bbox 95 727 1960 810; baseline 0.004 -23"><span class='ocrx_word' id='word_1_45' title='bbox 95 732 439 791; x_wconf 85' lang='lat' dir='ltr'><strong>litteratum.</strong></span> <span class='ocrx_word' id='word_1_46' title='bbox 515 729 1059 805; x_wconf 83' lang='lat' dir='ltr'><strong>Quartadecumani</strong></span> <span class='ocrx_word' id='word_1_47' title='bbox 1086 728 1399 808; x_wconf 81' lang='lat' dir='ltr'><strong>postq‘uam</strong></span> <span class='ocrx_word' id='word_1_48' title='bbox 1422 727 1679 809; x_wconf 86' lang='lat' dir='ltr'><strong>Alpibus</strong></span> <span class='ocrx_word' id='word_1_49' title='bbox 1703 736 1960 810; x_wconf 83' lang='lat' dir='ltr'><strong>degressi</strong></span> 
     </span>
     <span class='ocr_line' id='line_1_10' title="bbox 97 815 1957 894; baseline 0.004 -21"><span class='ocrx_word' id='word_1_50' title='bbox 97 829 262 887; x_wconf 88' lang='lat' dir='ltr'><strong>sunt,</strong></span> <span class='ocrx_word' id='word_1_51' title='bbox 326 817 802 874; x_wconf 85' lang='lat' dir='ltr'><strong>seditiosissimus</strong></span> <span class='ocrx_word' id='word_1_52' title='bbox 850 816 1099 894; x_wconf 86' lang='lat' dir='ltr'><strong>quisque</strong></span> <span class='ocrx_word' id='word_1_53' title='bbox 1134 817 1299 890; x_wconf 86' lang='lat' dir='ltr'><strong>signa</strong></span> <span class='ocrx_word' id='word_1_54' title='bbox 1337 815 1636 875; x_wconf 83' lang='lat' dir='ltr'><strong>Viennam</strong></span> <span class='ocrx_word' id='word_1_55' title='bbox 1672 820 1957 883; x_wconf 86' lang='lat' dir='ltr'><strong>ferebant.</strong></span> 
     </span>
     <span class='ocr_line' id='line_1_11' title="bbox 96 901 1958 979; baseline 0.003 -21"><span class='ocrx_word' id='word_1_56' title='bbox 96 922 387 979; x_wconf 90' lang='lat' dir='ltr'><strong>consensu</strong></span> <span class='ocrx_word' id='word_1_57' title='bbox 429 901 747 959; x_wconf 89' lang='lat' dir='ltr'><strong>meliorum</strong></span> <span class='ocrx_word' id='word_1_58' title='bbox 799 901 1116 978; x_wconf 85' lang='lat' dir='ltr'><strong>compressi</strong></span> <span class='ocrx_word' id='word_1_59' title='bbox 1163 913 1219 959; x_wconf 89' lang='lat' dir='ltr'><strong>et</strong></span> <span class='ocrx_word' id='word_1_60' title='bbox 1270 901 1425 978; x_wconf 82' lang='lat' dir='ltr'><strong>legio</strong></span> <span class='ocrx_word' id='word_1_61' title='bbox 1471 903 1538 959; x_wconf 88' lang='lat' dir='ltr'><strong>in</strong></span> <span class='ocrx_word' id='word_1_62' title='bbox 1579 901 1958 963; x_wconf 86' lang='lat' dir='ltr'><strong>Britanniam</strong></span> 
     </span>
     <span class='ocr_line' id='line_1_12' title="bbox 95 999 442 1046; baseline 0.003 -2"><span class='ocrx_word' id='word_1_63' title='bbox 95 999 442 1046; x_wconf 86' lang='lat' dir='ltr'><strong>transvecta.</strong></span> 
     </span>
     <span class='ocr_line' id='line_1_13' title="bbox 97 1156 1959 1234; baseline 0.003 -20"><span class='ocrx_word' id='word_1_64' title='bbox 97 1169 286 1216; x_wconf 88' lang='lat' dir='ltr'><strong>metus</strong></span> <span class='ocrx_word' id='word_1_65' title='bbox 319 1169 460 1219; x_wconf 91' lang='lat' dir='ltr'><strong>erat.</strong></span> <span class='ocrx_word' id='word_1_66' title='bbox 557 1158 810 1234; x_wconf 88' lang='lat' dir='ltr'><strong>separati</strong></span> <span class='ocrx_word' id='word_1_67' title='bbox 843 1158 1132 1234; x_wconf 87' lang='lat' dir='ltr'><strong>primum,</strong></span> <span class='ocrx_word' id='word_1_68' title='bbox 1184 1159 1400 1215; x_wconf 91' lang='lat' dir='ltr'><strong>deinde</strong></span> <span class='ocrx_word' id='word_1_69' title='bbox 1433 1159 1635 1217; x_wconf 88' lang='lat' dir='ltr'><strong>addito</strong></span> <span class='ocrx_word' id='word_1_70' title='bbox 1677 1156 1959 1221; x_wconf 84' lang='lat' dir='ltr'><strong>honestae</strong></span> 
     </span>
     <span class='ocr_line' id='line_1_14' title="bbox 97 1243 1962 1318; baseline 0.002 -19"><span class='ocrx_word' id='word_1_71' title='bbox 97 1244 396 1302; x_wconf 88' lang='lat' dir='ltr'><strong>missionis</strong></span> <span class='ocrx_word' id='word_1_72' title='bbox 431 1244 757 1301; x_wconf 86' lang='lat' dir='ltr'><strong>lenimento</strong></span> <span class='ocrx_word' id='word_1_73' title='bbox 800 1263 965 1300; x_wconf 90' lang='lat' dir='ltr'><strong>arma</strong></span> <span class='ocrx_word' id='word_1_74' title='bbox 1000 1244 1075 1299; x_wconf 93' lang='lat' dir='ltr'><strong>ad</strong></span> <span class='ocrx_word' id='word_1_75' title='bbox 1111 1243 1385 1300; x_wconf 90' lang='lat' dir='ltr'><strong>tribunos</strong></span> <span class='ocrx_word' id='word_1_76' title='bbox 1428 1263 1566 1301; x_wconf 89' lang='lat' dir='ltr'><strong>suos</strong></span> <span class='ocrx_word' id='word_1_77' title='bbox 1602 1246 1962 1318; x_wconf 84' lang='lat' dir='ltr'><strong>deferebant,</strong></span> 
     </span>
     <span class='ocr_line' id='line_1_15' title="bbox 98 1326 1960 1403; baseline 0.003 -18"><span class='ocrx_word' id='word_1_78' title='bbox 98 1331 287 1387; x_wconf 89' lang='lat' dir='ltr'><strong>donec</strong></span> <span class='ocrx_word' id='word_1_79' title='bbox 323 1341 553 1387; x_wconf 87' lang='lat' dir='ltr'><strong>motum</strong></span> <span class='ocrx_word' id='word_1_80' title='bbox 599 1350 634 1387; x_wconf 90' lang='lat' dir='ltr'><strong>a</strong></span> <span class='ocrx_word' id='word_1_81' title='bbox 673 1326 1037 1403; x_wconf 88' lang='lat' dir='ltr'><strong>Vespasiano</strong></span> <span class='ocrx_word' id='word_1_82' title='bbox 1078 1328 1305 1385; x_wconf 88' lang='lat' dir='ltr'><strong>bellum</strong></span> <span class='ocrx_word' id='word_1_83' title='bbox 1353 1331 1765 1388; x_wconf 90' lang='lat' dir='ltr'><strong>crebresceret:</strong></span> <span class='ocrx_word' id='word_1_84' title='bbox 1831 1334 1960 1390; x_wconf 84' lang='lat' dir='ltr'><strong>tum</strong></span> 
     </span>
     <span class='ocr_line' id='line_1_16' title="bbox 96 1412 1960 1490; baseline 0.004 -20"><span class='ocrx_word' id='word_1_85' title='bbox 96 1426 395 1490; x_wconf 91' lang='lat' dir='ltr'><strong>resumpta</strong></span> <span class='ocrx_word' id='word_1_86' title='bbox 457 1415 672 1471; x_wconf 88' lang='lat' dir='ltr'><strong>militia</strong></span> <span class='ocrx_word' id='word_1_87' title='bbox 735 1414 923 1470; x_wconf 89' lang='lat' dir='ltr'><strong>robur</strong></span> <span class='ocrx_word' id='word_1_88' title='bbox 974 1412 1395 1470; x_wconf 85' lang='lat' dir='ltr'><strong>Flavianarum</strong></span> <span class='ocrx_word' id='word_1_89' title='bbox 1457 1415 1717 1490; x_wconf 90' lang='lat' dir='ltr'><strong>partium</strong></span> <span class='ocrx_word' id='word_1_90' title='bbox 1775 1418 1960 1478; x_wconf 80' lang='lat' dir='ltr'><strong>fuere..</strong></span> 
     </span>
     <span class='ocr_line' id='line_1_17' title="bbox 94 1496 1963 1578; baseline 0.003 -23"><span class='ocrx_word' id='word_1_91' title='bbox 94 1497 297 1556; x_wconf 88' lang='lat' dir='ltr'><strong>Prima</strong></span> <span class='ocrx_word' id='word_1_92' title='bbox 339 1498 717 1557; x_wconf 88' lang='lat' dir='ltr'><strong>classicorum</strong></span> <span class='ocrx_word' id='word_1_93' title='bbox 744 1499 909 1572; x_wconf 77' lang='lat' dir='ltr'><strong>‘legio</strong></span> <span class='ocrx_word' id='word_1_94' title='bbox 950 1497 1015 1554; x_wconf 90' lang='lat' dir='ltr'><strong>in</strong></span> <span class='ocrx_word' id='word_1_95' title='bbox 1054 1496 1406 1574; x_wconf 88' lang='lat' dir='ltr'><strong>Hispaniam</strong></span> <span class='ocrx_word' id='word_1_96' title='bbox 1443 1501 1652 1571; x_wconf 88' lang='lat' dir='ltr'><strong>missa,</strong></span> <span class='ocrx_word' id='word_1_97' title='bbox 1715 1513 1782 1558; x_wconf 90' lang='lat' dir='ltr'><strong>ut</strong></span> <span class='ocrx_word' id='word_1_98' title='bbox 1819 1523 1963 1578; x_wconf 90' lang='lat' dir='ltr'><strong>pace</strong></span> 
     </span>
     <span class='ocr_line' id='line_1_18' title="bbox 100 1582 1961 1660; baseline 0.002 -20"><span class='ocrx_word' id='word_1_99' title='bbox 100 1586 315 1657; x_wconf 13' lang='lat' dir='ltr'><strong>etvotio</strong></span> <span class='ocrx_word' id='word_1_100' title='bbox 353 1585 703 1643; x_wconf 88' lang='lat' dir='ltr'><strong>mitesceret:</strong></span> <span class='ocrx_word' id='word_1_101' title='bbox 760 1586 1096 1642; x_wconf 88' lang='lat' dir='ltr'><strong>undecuma</strong></span> <span class='ocrx_word' id='word_1_102' title='bbox 1141 1604 1207 1640; x_wconf 91' lang='lat' dir='ltr'><strong>ac</strong></span> <span class='ocrx_word' id='word_1_103' title='bbox 1244 1585 1492 1660; x_wconf 89' lang='lat' dir='ltr'><strong>septima</strong></span> <span class='ocrx_word' id='word_1_104' title='bbox 1529 1586 1650 1642; x_wconf 89' lang='lat' dir='ltr'><strong>suis</strong></span> <span class='ocrx_word' id='word_1_105' title='bbox 1690 1582 1961 1644; x_wconf 86' lang='lat' dir='ltr'><strong>hibernis</strong></span> 
     </span>
     <span class='ocr_line' id='line_1_19' title="bbox 97 1665 1961 1745; baseline 0.002 -19"><span class='ocrx_word' id='word_1_106' title='bbox 97 1670 390 1728; x_wconf 89' lang='lat' dir='ltr'><strong>redditae:</strong></span> <span class='ocrx_word' id='word_1_107' title='bbox 425 1716 427 1727; x_wconf 41' lang='grc'>;</span> <span class='ocrx_word' id='word_1_108' title='bbox 465 1669 956 1727; x_wconf 88' lang='lat' dir='ltr'><strong>tertiadecumani</strong></span> <span class='ocrx_word' id='word_1_109' title='bbox 1017 1681 1242 1727; x_wconf 83' lang='lat' dir='ltr'><strong>struere</strong></span> <span class='ocrx_word' id='word_1_110' title='bbox 1307 1665 1740 1745; x_wconf 87' lang='lat' dir='ltr'><strong>amphitheatra</strong></span> <span class='ocrx_word' id='word_1_111' title='bbox 1798 1672 1961 1733; x_wconf 88' lang='lat' dir='ltr'><strong>iussi.</strong></span> 
     </span>
     <span class='ocr_line' id='line_1_20' title="bbox 95 1753 1962 1831; baseline 0.002 -21"><span class='ocrx_word' id='word_1_112' title='bbox 95 1775 236 1811; x_wconf 91' lang='lat' dir='ltr'><strong>nam</strong></span> <span class='ocrx_word' id='word_1_113' title='bbox 270 1754 523 1814; x_wconf 90' lang='lat' dir='ltr'><strong>Caecina</strong></span> <span class='ocrx_word' id='word_1_114' title='bbox 552 1754 914 1824; x_wconf 86' lang='lat' dir='ltr'><strong>Cremonae,</strong></span> <span class='ocrx_word' id='word_1_115' title='bbox 957 1753 1178 1811; x_wconf 91' lang='lat' dir='ltr'><strong>Valens</strong></span> <span class='ocrx_word' id='word_1_116' title='bbox 1214 1753 1525 1811; x_wconf 88' lang='lat' dir='ltr'><strong>Bononiae</strong></span> <span class='ocrx_word' id='word_1_117' title='bbox 1564 1758 1962 1831; x_wconf 87' lang='lat' dir='ltr'><strong>spectaculum</strong></span> 
     </span>
     <span class='ocr_line' id='line_1_21' title="bbox 97 1841 1960 1916; baseline 0.002 -21"><span class='ocrx_word' id='word_1_118' title='bbox 97 1841 491 1914; x_wconf 85' lang='lat' dir='ltr'><strong>gladiatorum</strong></span> <span class='ocrx_word' id='word_1_119' title='bbox 523 1842 693 1897; x_wconf 89' lang='lat' dir='ltr'><strong>edere</strong></span> <span class='ocrx_word' id='word_1_120' title='bbox 725 1841 1042 1916; x_wconf 84' lang='lat' dir='ltr'><strong>parabant,</strong></span> <span class='ocrx_word' id='word_1_121' title='bbox 1083 1860 1394 1916; x_wconf 89' lang='lat' dir='ltr'><strong>nunquam</strong></span> <span class='ocrx_word' id='word_1_122' title='bbox 1432 1841 1515 1897; x_wconf 89' lang='lat' dir='ltr'><strong>ita</strong></span> <span class='ocrx_word' id='word_1_123' title='bbox 1549 1843 1624 1898; x_wconf 90' lang='lat' dir='ltr'><strong>ad</strong></span> <span class='ocrx_word' id='word_1_124' title='bbox 1660 1862 1828 1900; x_wconf 91' lang='lat' dir='ltr'><strong>curas</strong></span> <span class='ocrx_word' id='word_1_125' title='bbox 1863 1843 1960 1899; x_wconf 90' lang='lat' dir='ltr'><strong>in-</strong></span> 
     </span>
     <span class='ocr_line' id='line_1_22' title="bbox 98 1924 1601 2000; baseline 0.003 -19"><span class='ocrx_word' id='word_1_126' title='bbox 98 1937 258 1982; x_wconf 90' lang='lat' dir='ltr'><strong>tento</strong></span> <span class='ocrx_word' id='word_1_127' title='bbox 284 1924 557 1996; x_wconf 84' lang='lat' dir='ltr'><strong>Vitellio,</strong></span> <span class='ocrx_word' id='word_1_128' title='bbox 599 1938 666 1982; x_wconf 92' lang='lat' dir='ltr'><strong>ut</strong></span> <span class='ocrx_word' id='word_1_129' title='bbox 693 1927 1063 2000; x_wconf 86' lang='lat' dir='ltr'><strong>voluptatum</strong></span> <span class='ocrx_word' id='word_1_130' title='bbox 1089 1925 1554 1986; x_wconf 89' lang='lat' dir='ltr'><strong>oblivisceretur.</strong></span> <span class='ocrx_word' id='word_1_131' title='bbox 1598 1993 1601 1995; x_wconf 0' lang='lat' dir='ltr'><strong>a</strong></span> 
     </span>
    </p>
   </div>
   <div class='ocr_carea' id='block_1_6' title="bbox 99 2169 994 2227">
    <p class='ocr_par' dir='ltr' id='par_1_6' title="bbox 99 2169 994 2227">
     <span class='ocr_line' id='line_1_23' title="bbox 99 2169 994 2227; baseline 0.002 -13"><span class='ocrx_word' id='word_1_132' title='bbox 99 2170 168 2215; x_wconf 89' lang='lat' dir='ltr'><strong>sil.</strong></span> <span class='ocrx_word' id='word_1_133' title='bbox 198 2169 344 2227; x_wconf 83' lang='lat' dir='ltr'><strong>Vict.)</strong></span> <span class='ocrx_word' id='word_1_134' title='bbox 374 2170 476 2215; x_wconf 89' lang='lat' dir='ltr'><strong>Alc.</strong></span> <span class='ocrx_word' id='word_1_135' title='bbox 511 2195 565 2205; x_wconf 92' lang='lat'>—</span> <span class='ocrx_word' id='word_1_136' title='bbox 629 2174 780 2226; x_wconf 79' lang='lat' dir='ltr'><strong>girat:</strong></span> <span class='ocrx_word' id='word_1_137' title='bbox 808 2173 994 2227; x_wconf 78' lang='lat' dir='ltr'><strong>alpibus</strong></span> 
     </span>
    </p>
   </div>
   <div class='ocr_carea' id='block_1_7' title="bbox 100 2169 1960 2286">
    <p class='ocr_par' dir='ltr' id='par_1_7' title="bbox 100 2169 1960 2286">
     <span class='ocr_line' id='line_1_24' title="bbox 1065 2169 1960 2229; baseline 0.003 -13"><span class='ocrx_word' id='word_1_138' title='bbox 1065 2171 1183 2229; x_wconf 80' lang='lat' dir='ltr'><strong>Spir.</strong></span> <span class='ocrx_word' id='word_1_139' title='bbox 1206 2169 1310 2213; x_wconf 90' lang='lat' dir='ltr'><strong>Put.</strong></span> <span class='ocrx_word' id='word_1_140' title='bbox 1336 2170 1543 2214; x_wconf 85' lang='lat' dir='ltr'><strong>Beroald.</strong></span> <span class='ocrx_word' id='word_1_141' title='bbox 1569 2170 1673 2215; x_wconf 87' lang='lat' dir='ltr'><strong>Alc.</strong></span> <span class='ocrx_word' id='word_1_142' title='bbox 1736 2171 1815 2218; x_wconf 78' lang='lat' dir='ltr'><strong>Sic</strong></span> <span class='ocrx_word' id='word_1_143' title='bbox 1833 2189 1873 2219; x_wconf 89' lang='lat' dir='ltr'><strong>c.</strong></span> <span class='ocrx_word' id='word_1_144' title='bbox 1889 2175 1960 2218; x_wconf 86' lang='lat'><strong>66.</strong></span> 
     </span>
     <span class='ocr_line' id='line_1_25' title="bbox 100 2228 313 2286; baseline 0.009 -15"><span class='ocrx_word' id='word_1_145' title='bbox 100 2229 170 2273; x_wconf 86' lang='lat' dir='ltr'><strong>ed.</strong></span> <span class='ocrx_word' id='word_1_146' title='bbox 194 2228 313 2286; x_wconf 88' lang='lat' dir='ltr'><strong>Spir.</strong></span> 
     </span>
    </p>
   </div>
   <div class='ocr_carea' id='block_1_8' title="bbox 1063 2228 1634 2286">
    <p class='ocr_par' dir='ltr' id='par_1_8' title="bbox 1063 2228 1634 2286">
     <span class='ocr_line' id='line_1_26' title="bbox 1063 2228 1634 2286; baseline 0 -14"><span class='ocrx_word' id='word_1_147' title='bbox 1063 2243 1262 2284; x_wconf 76' lang='lat' dir='ltr'><strong>sparsae</strong></span> <span class='ocrx_word' id='word_1_148' title='bbox 1286 2228 1341 2270; x_wconf 90' lang='lat' dir='ltr'><strong>de</strong></span> <span class='ocrx_word' id='word_1_149' title='bbox 1364 2228 1634 2286; x_wconf 83' lang='lat' dir='ltr'><strong>legionibus.</strong></span> 
     </span>
    </p>
   </div>
   <div class='ocr_carea' id='block_1_9' title="bbox 96 2284 1961 2462">
    <p class='ocr_par' dir='ltr' id='par_1_9' title="bbox 96 2284 1961 2462">
     <span class='ocr_line' id='line_1_27' title="bbox 155 2284 1961 2343; baseline 0.002 -13"><span class='ocrx_word' id='word_1_150' title='bbox 155 2284 392 2330; x_wconf 67' lang='lat' dir='ltr'><strong>ambitsta.</strong></span> <span class='ocrx_word' id='word_1_151' title='bbox 472 2284 574 2330; x_wconf 90' lang='lat' dir='ltr'><strong>MS.</strong></span> <span class='ocrx_word' id='word_1_152' title='bbox 607 2285 763 2332; x_wconf 82' lang='lat' dir='ltr'><strong>Guelf.</strong></span> <span class='ocrx_word' id='word_1_153' title='bbox 797 2289 990 2332; x_wconf 83' lang='lat' dir='ltr'><strong>absum-</strong></span> <span class='ocrx_word' id='word_1_154' title='bbox 1120 2286 1415 2343; x_wconf 84' lang='lat' dir='ltr'><strong>deferebant.</strong></span> <span class='ocrx_word' id='word_1_155' title='bbox 1504 2286 1582 2330; x_wconf 86' lang='lat' dir='ltr'><strong>Sic</strong></span> <span class='ocrx_word' id='word_1_156' title='bbox 1634 2287 1770 2331; x_wconf 88' lang='lat' dir='ltr'><strong>codd.</strong></span> <span class='ocrx_word' id='word_1_157' title='bbox 1819 2288 1961 2334; x_wconf 86' lang='lat' dir='ltr'><strong>MSS.</strong></span> 
     </span>
     <span class='ocr_line' id='line_1_28' title="bbox 96 2342 1959 2399; baseline 0.002 -13"><span class='ocrx_word' id='word_1_158' title='bbox 96 2352 197 2399; x_wconf 85' lang='lat' dir='ltr'><strong>pta.</strong></span> <span class='ocrx_word' id='word_1_159' title='bbox 1063 2343 1189 2387; x_wconf 84' lang='lat' dir='ltr'><strong>Flor.</strong></span> <span class='ocrx_word' id='word_1_160' title='bbox 1220 2344 1338 2398; x_wconf 82' lang='lat' dir='ltr'><strong>(test.</strong></span> <span class='ocrx_word' id='word_1_161' title='bbox 1359 2342 1504 2396; x_wconf 83' lang='lat' dir='ltr'><strong>Pich.)</strong></span> <span class='ocrx_word' id='word_1_162' title='bbox 1526 2344 1644 2387; x_wconf 90' lang='lat' dir='ltr'><strong>Bud.</strong></span> <span class='ocrx_word' id='word_1_163' title='bbox 1667 2344 1820 2390; x_wconf 85' lang='lat' dir='ltr'><strong>Guelf.</strong></span> <span class='ocrx_word' id='word_1_164' title='bbox 1859 2348 1959 2391; x_wconf 81' lang='lat' dir='ltr'><strong>alii-</strong></span> 
     </span>
     <span class='ocr_line' id='line_1_29' title="bbox 156 2400 1961 2462; baseline 0.004 -5"><span class='ocrx_word' id='word_1_165' title='bbox 156 2417 493 2459; x_wconf 66' lang='lat' dir='ltr'><strong>abzmemtum.</strong></span> <span class='ocrx_word' id='word_1_166' title='bbox 571 2416 648 2460; x_wconf 75' lang='lat' dir='ltr'><strong>sie</strong></span> <span class='ocrx_word' id='word_1_167' title='bbox 693 2418 828 2462; x_wconf 84' lang='lat' dir='ltr'><strong>MSS.</strong></span> <span class='ocrx_word' id='word_1_168' title='bbox 864 2419 989 2462; x_wconf 76' lang='lat' dir='ltr'><strong>F10r.</strong></span> <span class='ocrx_word' id='word_1_169' title='bbox 1064 2417 1174 2458; x_wconf 71' lang='lat' dir='ltr'><strong>que»</strong></span> <span class='ocrx_word' id='word_1_170' title='bbox 1219 2409 1263 2443; x_wconf 69' lang='lat' dir='ltr'><strong>et</strong></span> <span class='ocrx_word' id='word_1_171' title='bbox 1293 2401 1398 2444; x_wconf 68' lang='lat' dir='ltr'><strong>edd·</strong></span> <span class='ocrx_word' id='word_1_172' title='bbox 1428 2400 1546 2458; x_wconf 67' lang='lat' dir='ltr'><strong>Spir·</strong></span> <span class='ocrx_word' id='word_1_173' title='bbox 1577 2401 1706 2446; x_wconf 73' lang='lat' dir='ltr'><strong>Pich·</strong></span> <span class='ocrx_word' id='word_1_174' title='bbox 1738 2404 1961 2462; x_wconf 73' lang='lat' dir='ltr'><strong>Bernegg·</strong></span> 
     </span>
    </p>
   </div>
   <div class='ocr_carea' id='block_1_10' title="bbox 98 2456 1964 2592">
    <p class='ocr_par' dir='ltr' id='par_1_10' title="bbox 98 2456 1964 2592">
     <span class='ocr_line' id='line_1_30' title="bbox 98 2456 1964 2529; baseline 0.003 -12"><span class='ocrx_word' id='word_1_175' title='bbox 98 2475 217 2529; x_wconf 82' lang='lat' dir='ltr'><strong>(test.</strong></span> <span class='ocrx_word' id='word_1_176' title='bbox 242 2473 382 2527; x_wconf 89' lang='lat' dir='ltr'><strong>Vict.)</strong></span> <span class='ocrx_word' id='word_1_177' title='bbox 406 2474 522 2518; x_wconf 71' lang='lat' dir='ltr'><strong>Bud.</strong></span> <span class='ocrx_word' id='word_1_178' title='bbox 542 2473 694 2518; x_wconf 80' lang='lat' dir='ltr'><strong>Guelf.</strong></span> <span class='ocrx_word' id='word_1_179' title='bbox 724 2476 824 2519; x_wconf 83' lang='lat' dir='ltr'><strong>edd.</strong></span> <span class='ocrx_word' id='word_1_180' title='bbox 847 2477 991 2519; x_wconf 84' lang='lat' dir='ltr'><strong>Rhen.</strong></span> <span class='ocrx_word' id='word_1_181' title='bbox 1064 2474 1161 2515; x_wconf 71' lang='lat' dir='ltr'><strong>sqq·</strong></span> <span class='ocrx_word' id='word_1_182' title='bbox 1228 2458 1316 2502; x_wconf 71' lang='lat' dir='ltr'><strong>sed</strong></span> <span class='ocrx_word' id='word_1_183' title='bbox 1347 2458 1393 2500; x_wconf 67' lang='lat' dir='ltr'><strong>in</strong></span> <span class='ocrx_word' id='word_1_184' title='bbox 1415 2456 1567 2502; x_wconf 69' lang='lat' dir='ltr'><strong>Guelf·</strong></span> <span class='ocrx_word' id='word_1_185' title='bbox 1600 2459 1723 2502; x_wconf 63' lang='lat' dir='ltr'><strong>deest</strong></span> <span class='ocrx_word' id='word_1_186' title='bbox 1748 2476 1873 2515; x_wconf 66' lang='lat' dir='ltr'>suo-5·</span> <span class='ocrx_word' id='word_1_187' title='bbox 1907 2486 1964 2495; x_wconf 70' lang='lat'><strong>’²</strong></span> 
     </span>
     <span class='ocr_line' id='line_1_31' title="bbox 100 2514 1961 2592; baseline -0.007 -17"><span class='ocrx_word' id='word_1_188' title='bbox 100 2548 199 2591; x_wconf 91' lang='lat' dir='ltr'><strong>sqq.</strong></span> <span class='ocrx_word' id='word_1_189' title='bbox 220 2559 280 2567; x_wconf 88' lang='lat'>-</span> <span class='ocrx_word' id='word_1_190' title='bbox 308 2531 629 2574; x_wconf 81' lang='lat' dir='ltr'><strong>oblitteratum</strong></span> <span class='ocrx_word' id='word_1_191' title='bbox 653 2541 723 2575; x_wconf 84' lang='lat' dir='ltr'><strong>est</strong></span> <span class='ocrx_word' id='word_1_192' title='bbox 733 2533 867 2578; x_wconf 90' lang='lat' dir='ltr'><strong>MSS.</strong></span> <span class='ocrx_word' id='word_1_193' title='bbox 882 2533 993 2592; x_wconf 81' lang='lat' dir='ltr'><strong>Reg,</strong></span> <span class='ocrx_word' id='word_1_194' title='bbox 1052 2515 1282 2571; x_wconf 81' lang='lat' dir='ltr'><strong>ferebant</strong></span> <span class='ocrx_word' id='word_1_195' title='bbox 1297 2515 1396 2558; x_wconf 87' lang='lat' dir='ltr'><strong>edd.</strong></span> <span class='ocrx_word' id='word_1_196' title='bbox 1411 2514 1512 2558; x_wconf 86' lang='lat' dir='ltr'><strong>Put.</strong></span> <span class='ocrx_word' id='word_1_197' title='bbox 1526 2515 1591 2560; x_wconf 94' lang='grc' dir='ltr'><strong>Μ.</strong></span> <span class='ocrx_word' id='word_1_198' title='bbox 1615 2523 1658 2559; x_wconf 85' lang='lat' dir='ltr'><strong>et</strong></span> <span class='ocrx_word' id='word_1_199' title='bbox 1671 2517 1728 2563; x_wconf 89' lang='lat' dir='ltr'><strong>V.</strong></span> <span class='ocrx_word' id='word_1_200' title='bbox 1746 2518 1961 2564; x_wconf 82' lang='lat' dir='ltr'><strong>Beroald.</strong></span> 
     </span>
    </p>
   </div>
   <div class='ocr_carea' id='block_1_11' title="bbox 99 2571 1931 2647">
    <p class='ocr_par' dir='ltr' id='par_1_11' title="bbox 99 2571 1931 2647">
     <span class='ocr_line' id='line_1_32' title="bbox 99 2571 1931 2647; baseline -0.001 -14"><span class='ocrx_word' id='word_1_201' title='bbox 99 2590 223 2633; x_wconf 86' lang='lat' dir='ltr'><strong>Harl.</strong></span> <span class='ocrx_word' id='word_1_202' title='bbox 249 2588 355 2637; x_wconf 84' lang='lat' dir='ltr'><strong>edd.</strong></span> <span class='ocrx_word' id='word_1_203' title='bbox 379 2588 502 2647; x_wconf 86' lang='lat' dir='ltr'><strong>Spir.</strong></span> <span class='ocrx_word' id='word_1_204' title='bbox 521 2588 625 2637; x_wconf 85' lang='lat' dir='ltr'><strong>Put.</strong></span> <span class='ocrx_word' id='word_1_205' title='bbox 651 2590 716 2636; x_wconf 87' lang='lat' dir='ltr'><strong>M.</strong></span> <span class='ocrx_word' id='word_1_206' title='bbox 739 2599 783 2633; x_wconf 82' lang='lat' dir='ltr'><strong>et</strong></span> <span class='ocrx_word' id='word_1_207' title='bbox 809 2591 867 2635; x_wconf 92' lang='lat' dir='ltr'><strong>V.</strong></span> <span class='ocrx_word' id='word_1_208' title='bbox 885 2592 991 2635; x_wconf 87' lang='lat' dir='ltr'><strong>Ber.</strong></span> <span class='ocrx_word' id='word_1_209' title='bbox 1065 2573 1187 2627; x_wconf 68' lang='lat' dir='ltr'><strong>(cum</strong></span> <span class='ocrx_word' id='word_1_210' title='bbox 1211 2572 1281 2616; x_wconf 65' lang='lat' dir='ltr'><strong>Sil·</strong></span> <span class='ocrx_word' id='word_1_211' title='bbox 1309 2571 1444 2628; x_wconf 52' lang='lat' dir='ltr'><strong>vict)</strong></span> <span class='ocrx_word' id='word_1_212' title='bbox 1467 2587 1564 2631; x_wconf 73' lang='lat' dir='ltr'><strong>sqq·</strong></span> <span class='ocrx_word' id='word_1_213' title='bbox 1590 2574 1647 2616; x_wconf 69' lang='lat' dir='ltr'><strong>ad</strong></span> <span class='ocrx_word' id='word_1_214' title='bbox 1665 2574 1702 2617; x_wconf 85' lang='lat' dir='ltr'>P</span> <span class='ocrx_word' id='word_1_215' title='bbox 1705 2574 1931 2623; x_wconf 67' lang='lat' dir='ltr'><strong>iehenam·</strong></span> 
     </span>
    </p>
   </div>
   <div class='ocr_carea' id='block_1_12' title="bbox 597 1069 2054 1147">
    <p class='ocr_par' dir='ltr' id='par_1_12' title="bbox 597 1069 2054 1147">
     <span class='ocr_line' id='line_1_33' title="bbox 597 1069 2054 1147; baseline 0.003 -17"><span class='ocrx_word' id='word_1_216' title='bbox 597 1070 911 1131; x_wconf 84' lang='lat' dir='ltr'><strong>Proximus</strong></span> <span class='ocrx_word' id='word_1_217' title='bbox 933 1069 1179 1130; x_wconf 89' lang='lat' dir='ltr'><strong>Vitellio</strong></span> <span class='ocrx_word' id='word_1_218' title='bbox 1208 1093 1240 1128; x_wconf 92' lang='lat' dir='ltr'><strong>e</strong></span> <span class='ocrx_word' id='word_1_219' title='bbox 1266 1072 1578 1147; x_wconf 89' lang='lat' dir='ltr'><strong>praetoriis</strong></span> <span class='ocrx_word' id='word_1_220' title='bbox 1617 1071 1960 1142; x_wconf 87' lang='lat' dir='ltr'><strong>cohortibus</strong></span> <span class='ocrx_word' id='word_1_221' title='bbox 2049 1091 2054 1108; x_wconf 71' lang='lat'><em>*</em></span> 
     </span>
    </p>
   </div>
   <div class='ocr_carea' id='block_1_13' title="bbox 100 2648 204 2692">
    <p class='ocr_par' dir='ltr' id='par_1_13' title="bbox 100 2648 204 2692">
     <span class='ocr_line' id='line_1_34' title="bbox 100 2648 204 2692; baseline -0.01 0"><span class='ocrx_word' id='word_1_222' title='bbox 100 2648 204 2692; x_wconf 78' lang='lat' dir='ltr'><strong>Alc.</strong></span> 
     </span>
    </p>
   </div>
   <div class='ocr_carea' id='block_1_14' title="bbox 99 2718 993 3009">
    <p class='ocr_par' dir='ltr' id='par_1_14' title="bbox 99 2718 993 3009">
     <span class='ocr_line' id='line_1_35' title="bbox 157 2718 988 2789; baseline 0.007 -29"><span class='ocrx_word' id='word_1_223' title='bbox 157 2719 370 2785; x_wconf 69' lang='lat' dir='ltr'><strong>degressi</strong></span> <span class='ocrx_word' id='word_1_224' title='bbox 398 2727 528 2789; x_wconf 60' lang='lat' dir='ltr'><strong>sunt.</strong></span> <span class='ocrx_word' id='word_1_225' title='bbox 590 2718 666 2763; x_wconf 88' lang='lat' dir='ltr'><strong>Sic</strong></span> <span class='ocrx_word' id='word_1_226' title='bbox 688 2736 712 2762; x_wconf 95' lang='lat' dir='ltr'><strong>e</strong></span> <span class='ocrx_word' id='word_1_227' title='bbox 734 2719 838 2764; x_wconf 89' lang='lat' dir='ltr'><strong>MS.</strong></span> <span class='ocrx_word' id='word_1_228' title='bbox 860 2721 988 2766; x_wconf 82' lang='lat' dir='ltr'><strong>Flor.</strong></span> 
     </span>
     <span class='ocr_line' id='line_1_36' title="bbox 99 2775 992 2891; baseline -0.007 -14"><span class='ocrx_word' id='word_1_229' title='bbox 99 2776 205 2891; x_wconf 55' lang='lat'><strong>234¹:</strong></span> <span class='ocrx_word' id='word_1_230' title='bbox 229 2775 992 2880; x_wconf 56' lang='lat' dir='ltr'><strong>P÷ztz0232215a5522321fiffi⁷33</strong></span> 
     </span>
     <span class='ocr_line' id='line_1_37' title="bbox 101 2889 992 2949; baseline 0.003 -15"><span class='ocrx_word' id='word_1_231' title='bbox 101 2889 232 2948; x_wconf 85' lang='lat' dir='ltr'><strong>liquit</strong></span> <span class='ocrx_word' id='word_1_232' title='bbox 264 2892 468 2944; x_wconf 73' lang='lat' dir='ltr'><strong>digressi</strong></span> <span class='ocrx_word' id='word_1_233' title='bbox 487 2898 619 2938; x_wconf 83' lang='lat' dir='ltr'><strong>sunt,</strong></span> <span class='ocrx_word' id='word_1_234' title='bbox 659 2892 784 2949; x_wconf 88' lang='lat' dir='ltr'><strong>quod</strong></span> <span class='ocrx_word' id='word_1_235' title='bbox 813 2893 992 2937; x_wconf 89' lang='lat' dir='ltr'><strong>inveni-</strong></span> 
     </span>
     <span class='ocr_line' id='line_1_38' title="bbox 99 2946 993 3009; baseline 0.002 -16"><span class='ocrx_word' id='word_1_236' title='bbox 99 2949 252 2993; x_wconf 80' lang='lat' dir='ltr'><strong>turin</strong></span> <span class='ocrx_word' id='word_1_237' title='bbox 282 2947 420 2991; x_wconf 85' lang='lat' dir='ltr'><strong>MSS.</strong></span> <span class='ocrx_word' id='word_1_238' title='bbox 457 2947 572 2990; x_wconf 81' lang='lat' dir='ltr'><strong>Bud.</strong></span> <span class='ocrx_word' id='word_1_239' title='bbox 606 2946 758 2993; x_wconf 82' lang='lat' dir='ltr'><strong>Guelf.</strong></span> <span class='ocrx_word' id='word_1_240' title='bbox 789 2950 993 3009; x_wconf 87' lang='lat' dir='ltr'><strong>aliisque,</strong></span> 
     </span>
    </p>
   </div>
   <div class='ocr_carea' id='block_1_15' title="bbox 103 3004 992 3112">
    <p class='ocr_par' dir='ltr' id='par_1_15' title="bbox 103 3004 992 3112">
     <span class='ocr_line' id='line_1_39' title="bbox 103 3004 992 3068; baseline 0.006 -19"><span class='ocrx_word' id='word_1_241' title='bbox 103 3014 147 3049; x_wconf 83' lang='lat' dir='ltr'><strong>et</strong></span> <span class='ocrx_word' id='word_1_242' title='bbox 180 3005 229 3048; x_wconf 91' lang='lat' dir='ltr'><strong>in</strong></span> <span class='ocrx_word' id='word_1_243' title='bbox 259 3004 359 3050; x_wconf 86' lang='lat' dir='ltr'><strong>edd.</strong></span> <span class='ocrx_word' id='word_1_244' title='bbox 394 3013 501 3050; x_wconf 85' lang='lat' dir='ltr'><strong>vett.</strong></span> <span class='ocrx_word' id='word_1_245' title='bbox 541 3012 585 3047; x_wconf 85' lang='lat' dir='ltr'><strong>et</strong></span> <span class='ocrx_word' id='word_1_246' title='bbox 615 3006 736 3065; x_wconf 84' lang='lat' dir='ltr'><strong>Lips.</strong></span> <span class='ocrx_word' id='word_1_247' title='bbox 770 3008 992 3068; x_wconf 84' lang='lat' dir='ltr'><strong>Bernegg.</strong></span> 
     </span>
     <span class='ocr_line' id='line_1_40' title="bbox 103 3061 638 3112; baseline -0.006 -5"><span class='ocrx_word' id='word_1_248' title='bbox 103 3061 164 3108; x_wconf 87' lang='lat' dir='ltr'><strong>cf.</strong></span> <span class='ocrx_word' id='word_1_249' title='bbox 188 3070 287 3106; x_wconf 83' lang='lat' dir='ltr'><strong>not.</strong></span> <span class='ocrx_word' id='word_1_250' title='bbox 311 3063 369 3106; x_wconf 88' lang='lat' dir='ltr'><strong>ad</strong></span> <span class='ocrx_word' id='word_1_251' title='bbox 389 3062 479 3108; x_wconf 90' lang='lat' dir='ltr'><strong>An.</strong></span> <span class='ocrx_word' id='word_1_252' title='bbox 501 3064 545 3112; x_wconf 77' lang='lat'><strong>2,</strong></span> <span class='ocrx_word' id='word_1_253' title='bbox 568 3063 638 3105; x_wconf 84' lang='lat'><strong>54.</strong></span> 
     </span>
    </p>
   </div>
   <div class='ocr_carea' id='block_1_16' title="bbox 160 3132 994 3188">
    <p class='ocr_par' dir='ltr' id='par_1_16' title="bbox 160 3132 994 3188">
     <span class='ocr_line' id='line_1_41' title="bbox 160 3132 994 3188; baseline 0.006 -12"><span class='ocrx_word' id='word_1_254' title='bbox 160 3132 273 3176; x_wconf 80' lang='lat' dir='ltr'><strong>CAP.</strong></span> <span class='ocrx_word' id='word_1_255' title='bbox 300 3132 373 3175; x_wconf 87' lang='lat'><strong>67.</strong></span> <span class='ocrx_word' id='word_1_256' title='bbox 442 3135 677 3188; x_wconf 78' lang='lat' dir='ltr'><strong>separati.</strong></span> <span class='ocrx_word' id='word_1_257' title='bbox 752 3134 830 3179; x_wconf 82' lang='lat' dir='ltr'><strong>Sic</strong></span> <span class='ocrx_word' id='word_1_258' title='bbox 854 3135 994 3181; x_wconf 88' lang='lat' dir='ltr'><strong>MSS.</strong></span> 
     </span>
    </p>
   </div>
   <div class='ocr_carea' id='block_1_17' title="bbox 101 3189 1019 3248">
    <p class='ocr_par' dir='ltr' id='par_1_17' title="bbox 101 3189 1019 3248">
     <span class='ocr_line' id='line_1_42' title="bbox 101 3189 1019 3248; baseline 0.002 -14"><span class='ocrx_word' id='word_1_259' title='bbox 101 3191 216 3234; x_wconf 88' lang='lat' dir='ltr'><strong>Bud.</strong></span> <span class='ocrx_word' id='word_1_260' title='bbox 238 3189 363 3233; x_wconf 81' lang='lat' dir='ltr'><strong>Harl.</strong></span> <span class='ocrx_word' id='word_1_261' title='bbox 384 3190 516 3234; x_wconf 71' lang='lat' dir='ltr'><strong>Rodl.</strong></span> <span class='ocrx_word' id='word_1_262' title='bbox 539 3190 618 3235; x_wconf 79' lang='lat' dir='ltr'><strong>Ies,</strong></span> <span class='ocrx_word' id='word_1_263' title='bbox 641 3190 810 3235; x_wconf 84' lang='lat' dir='ltr'><strong>Guelf.&#39;</strong></span> <span class='ocrx_word' id='word_1_264' title='bbox 826 3192 905 3248; x_wconf 86' lang='lat' dir='ltr'><strong>(ibi</strong></span> <span class='ocrx_word' id='word_1_265' title='bbox 929 3202 1019 3240; x_wconf 79' lang='lat' dir='ltr'><strong>est,</strong></span> 
     </span>
    </p>
   </div>
   <div class='ocr_carea' id='block_1_18' title="bbox 98 3247 997 3654">
    <p class='ocr_par' dir='ltr' id='par_1_18' title="bbox 98 3247 997 3654">
     <span class='ocr_line' id='line_1_43' title="bbox 98 3247 992 3304; baseline 0.002 -12"><span class='ocrx_word' id='word_1_266' title='bbox 98 3249 323 3304; x_wconf 80' lang='lat' dir='ltr'><strong>seperatt&#39;)</strong></span> <span class='ocrx_word' id='word_1_267' title='bbox 359 3247 497 3291; x_wconf 60' lang='grc' dir='ltr'><strong>(ἴοι-1).</strong></span> <span class='ocrx_word' id='word_1_268' title='bbox 533 3249 633 3291; x_wconf 90' lang='lat' dir='ltr'><strong>edd.</strong></span> <span class='ocrx_word' id='word_1_269' title='bbox 658 3248 865 3293; x_wconf 89' lang='lat' dir='ltr'><strong>Rhenan.</strong></span> <span class='ocrx_word' id='word_1_270' title='bbox 887 3249 992 3294; x_wconf 86' lang='lat' dir='ltr'><strong>Ald.</strong></span> 
     </span>
     <span class='ocr_line' id='line_1_44' title="bbox 103 3304 995 3365; baseline 0.003 -17"><span class='ocrx_word' id='word_1_271' title='bbox 103 3324 152 3365; x_wconf 80' lang='lat' dir='ltr'><strong>sq</strong></span> <span class='ocrx_word' id='word_1_272' title='bbox 192 3339 202 3348; x_wconf 91' lang='lat'><strong>.</strong></span> <span class='ocrx_word' id='word_1_273' title='bbox 295 3304 492 3348; x_wconf 86' lang='lat' dir='ltr'><strong>Eandem</strong></span> <span class='ocrx_word' id='word_1_274' title='bbox 535 3306 805 3365; x_wconf 81' lang='lat' dir='ltr'><strong>scripturam</strong></span> <span class='ocrx_word' id='word_1_275' title='bbox 851 3307 995 3351; x_wconf 86' lang='lat' dir='ltr'><strong>inesse</strong></span> 
     </span>
     <span class='ocr_line' id='line_1_45' title="bbox 102 3362 997 3408; baseline 0.003 -2"><span class='ocrx_word' id='word_1_276' title='bbox 102 3379 157 3407; x_wconf 86' lang='lat' dir='ltr'><strong>co</strong></span> <span class='ocrx_word' id='word_1_277' title='bbox 192 3363 250 3408; x_wconf 86' lang='lat' dir='ltr'><strong>ici</strong></span> <span class='ocrx_word' id='word_1_278' title='bbox 281 3362 406 3406; x_wconf 84' lang='lat' dir='ltr'><strong>Flor.</strong></span> <span class='ocrx_word' id='word_1_279' title='bbox 439 3370 658 3407; x_wconf 86' lang='lat' dir='ltr'><strong>testantur</strong></span> <span class='ocrx_word' id='word_1_280' title='bbox 687 3364 919 3408; x_wconf 83' lang='lat' dir='ltr'><strong>Ernestius</strong></span> <span class='ocrx_word' id='word_1_281' title='bbox 954 3374 997 3408; x_wconf 88' lang='lat' dir='ltr'><strong>et</strong></span> 
     </span>
     <span class='ocr_line' id='line_1_46' title="bbox 103 3420 994 3479; baseline 0.004 -17"><span class='ocrx_word' id='word_1_282' title='bbox 103 3420 361 3469; x_wconf 82' lang='lat' dir='ltr'><strong>Broterius,</strong></span> <span class='ocrx_word' id='word_1_283' title='bbox 421 3435 516 3463; x_wconf 90' lang='lat' dir='ltr'><strong>non</strong></span> <span class='ocrx_word' id='word_1_284' title='bbox 549 3420 728 3465; x_wconf 79' lang='lat' dir='ltr'><strong>invenio</strong></span> <span class='ocrx_word' id='word_1_285' title='bbox 764 3437 851 3479; x_wconf 87' lang='lat' dir='ltr'><strong>qua</strong></span> <span class='ocrx_word' id='word_1_286' title='bbox 890 3422 994 3466; x_wconf 82' lang='lat' dir='ltr'><strong>fide.</strong></span> 
     </span>
     <span class='ocr_line' id='line_1_47' title="bbox 99 3473 994 3543; baseline 0.003 -23"><span class='ocrx_word' id='word_1_287' title='bbox 99 3477 215 3520; x_wconf 85' lang='lat' dir='ltr'><strong>Nam</strong></span> <span class='ocrx_word' id='word_1_288' title='bbox 238 3473 436 3521; x_wconf 86' lang='lat' dir='ltr'><strong>Pichena</strong></span> <span class='ocrx_word' id='word_1_289' title='bbox 468 3486 598 3543; x_wconf 85' lang='lat' dir='ltr'><strong>atque</strong></span> <span class='ocrx_word' id='word_1_290' title='bbox 621 3479 708 3523; x_wconf 89' lang='lat' dir='ltr'><strong>Iac.</strong></span> <span class='ocrx_word' id='word_1_291' title='bbox 733 3477 994 3523; x_wconf 83' lang='lat' dir='ltr'><strong>Gronovius</strong></span> 
     </span>
     <span class='ocr_line' id='line_1_48' title="bbox 103 3533 994 3586; baseline 0.003 -9"><span class='ocrx_word' id='word_1_292' title='bbox 103 3535 190 3577; x_wconf 88' lang='lat' dir='ltr'><strong>boc</strong></span> <span class='ocrx_word' id='word_1_293' title='bbox 209 3533 387 3578; x_wconf 85' lang='lat' dir='ltr'><strong>silentio</strong></span> <span class='ocrx_word' id='word_1_294' title='bbox 410 3542 680 3586; x_wconf 74' lang='lat' dir='ltr'><strong>tramittunt,</strong></span> <span class='ocrx_word' id='word_1_295' title='bbox 710 3545 753 3578; x_wconf 90' lang='lat' dir='ltr'><strong>et</strong></span> <span class='ocrx_word' id='word_1_296' title='bbox 763 3535 994 3581; x_wconf 76' lang='lat' dir='ltr'><strong>Victorius</strong></span> 
     </span>
     <span class='ocr_line' id='line_1_49' title="bbox 106 3590 992 3654; baseline 0.005 -22"><span class='ocrx_word' id='word_1_297' title='bbox 106 3590 269 3648; x_wconf 76' lang='lat' dir='ltr'><strong>patitur</strong></span> <span class='ocrx_word' id='word_1_298' title='bbox 281 3600 551 3647; x_wconf 80' lang='lat' dir='ltr'><strong>separatae,</strong></span> <span class='ocrx_word' id='word_1_299' title='bbox 575 3595 698 3654; x_wconf 90' lang='lat' dir='ltr'><strong>quod</strong></span> <span class='ocrx_word' id='word_1_300' title='bbox 717 3594 868 3638; x_wconf 82' lang='lat' dir='ltr'><strong>ferunt</strong></span> <span class='ocrx_word' id='word_1_301' title='bbox 892 3594 992 3637; x_wconf 86' lang='lat' dir='ltr'><strong>edd.</strong></span> 
     </span>
    </p>
   </div>
   <div class='ocr_carea' id='block_1_19' title="bbox 192 3656 572 3709">
    <p class='ocr_par' dir='ltr' id='par_1_19' title="bbox 192 3656 572 3709">
     <span class='ocr_line' id='line_1_50' title="bbox 192 3656 572 3709; baseline 0 -3"><span class='ocrx_word' id='word_1_302' title='bbox 192 3656 437 3709; x_wconf 74' lang='lat' dir='ltr'><strong>TAclrus</strong></span> <span class='ocrx_word' id='word_1_303' title='bbox 478 3656 572 3708; x_wconf 91' lang='lat' dir='ltr'><strong>III.</strong></span> 
     </span>
    </p>
   </div>
   <div class='ocr_carea' id='block_1_20' title="bbox 1062 2641 1964 2859">
    <p class='ocr_par' dir='ltr' id='par_1_20' title="bbox 1062 2641 1964 2859">
     <span class='ocr_line' id='line_1_51' title="bbox 1122 2641 1964 2702; baseline 0.006 -18"><span class='ocrx_word' id='word_1_304' title='bbox 1122 2645 1449 2685; x_wconf 75' lang='lat' dir='ltr'><strong>erebresceret.</strong></span> <span class='ocrx_word' id='word_1_305' title='bbox 1509 2641 1653 2687; x_wconf 84' lang='lat' dir='ltr'><strong>-Edd.</strong></span> <span class='ocrx_word' id='word_1_306' title='bbox 1692 2643 1964 2702; x_wconf 64' lang='lat' dir='ltr'><strong>spir-”Put-</strong></span> 
     </span>
     <span class='ocr_line' id='line_1_52' title="bbox 1063 2696 1958 2753; baseline 0.002 -9"><span class='ocrx_word' id='word_1_307' title='bbox 1063 2696 1356 2744; x_wconf 78' lang='lat' dir='ltr'><strong>c‘r‘ebesceret.</strong></span> <span class='ocrx_word' id='word_1_308' title='bbox 1417 2698 1477 2743; x_wconf 88' lang='lat' dir='ltr'><strong>cf.</strong></span> <span class='ocrx_word' id='word_1_309' title='bbox 1502 2707 1599 2743; x_wconf 89' lang='lat' dir='ltr'><strong>not.</strong></span> <span class='ocrx_word' id='word_1_310' title='bbox 1625 2700 1682 2745; x_wconf 88' lang='lat' dir='ltr'><strong>ad</strong></span> <span class='ocrx_word' id='word_1_311' title='bbox 1707 2704 1800 2745; x_wconf 87' lang='lat' dir='ltr'><strong>An.</strong></span> <span class='ocrx_word' id='word_1_312' title='bbox 1821 2703 1865 2753; x_wconf 74' lang='lat'><strong>2,</strong></span> <span class='ocrx_word' id='word_1_313' title='bbox 1884 2700 1958 2747; x_wconf 79' lang='lat'><strong>39.</strong></span> 
     </span>
     <span class='ocr_line' id='line_1_53' title="bbox 1062 2756 1963 2814; baseline 0.01 -18"><span class='ocrx_word' id='word_1_314' title='bbox 1062 2785 1120 2796; x_wconf 85' lang='lat'><strong>.-</strong></span> <span class='ocrx_word' id='word_1_315' title='bbox 1158 2757 1271 2800; x_wconf 83' lang='lat' dir='ltr'><strong>Mox</strong></span> <span class='ocrx_word' id='word_1_316' title='bbox 1314 2756 1386 2800; x_wconf 86' lang='lat' dir='ltr'><strong>ed.</strong></span> <span class='ocrx_word' id='word_1_317' title='bbox 1423 2757 1541 2814; x_wconf 89' lang='lat' dir='ltr'><strong>Spir.</strong></span> <span class='ocrx_word' id='word_1_318' title='bbox 1572 2773 1658 2814; x_wconf 87' lang='lat' dir='ltr'><strong>pro</strong></span> <span class='ocrx_word' id='word_1_319' title='bbox 1692 2765 1794 2802; x_wconf 83' lang='lat' dir='ltr'><strong>tum</strong></span> <span class='ocrx_word' id='word_1_320' title='bbox 1827 2759 1963 2805; x_wconf 87' lang='lat' dir='ltr'><strong>habet</strong></span> 
     </span>
     <span class='ocr_line' id='line_1_54' title="bbox 1064 2824 1189 2859; baseline -0.008 -1"><span class='ocrx_word' id='word_1_321' title='bbox 1064 2824 1189 2859; x_wconf 83' lang='lat' dir='ltr'><strong>tunc.</strong></span> 
     </span>
    </p>
   </div>
   <div class='ocr_carea' id='block_1_21' title="bbox 1063 2887 1963 3563">
    <p class='ocr_par' dir='ltr' id='par_1_21' title="bbox 1063 2887 1963 3563">
     <span class='ocr_line' id='line_1_55' title="bbox 1120 2887 1963 2936; baseline 0.001 -5"><span class='ocrx_word' id='word_1_322' title='bbox 1120 2887 1516 2931; x_wconf 74' lang='lat' dir='ltr'><strong>tertiadecumani</strong></span> <span class='ocrx_word' id='word_1_323' title='bbox 1545 2918 1557 2930; x_wconf 91' lang='lat'><strong>.</strong></span> <span class='ocrx_word' id='word_1_324' title='bbox 1585 2919 1598 2931; x_wconf 89' lang='lat'><strong>.</strong></span> <span class='ocrx_word' id='word_1_325' title='bbox 1896 2893 1963 2936; x_wconf 83' lang='lat' dir='ltr'><strong>Ex</strong></span> 
     </span>
     <span class='ocr_line' id='line_1_56' title="bbox 1065 2944 1959 3003; baseline 0.004 -14"><span class='ocrx_word' id='word_1_326' title='bbox 1065 2945 1376 2989; x_wconf 88' lang='lat' dir='ltr'><strong>emendatione</strong></span> <span class='ocrx_word' id='word_1_327' title='bbox 1397 2944 1625 2998; x_wconf 85' lang='lat' dir='ltr'><strong>Rhenani‚</strong></span> <span class='ocrx_word' id='word_1_328' title='bbox 1668 2962 1805 3003; x_wconf 88' lang='lat' dir='ltr'><strong>quam</strong></span> <span class='ocrx_word' id='word_1_329' title='bbox 1841 2964 1959 2993; x_wconf 87' lang='lat' dir='ltr'><strong>con-</strong></span> 
     </span>
     <span class='ocr_line' id='line_1_57' title="bbox 1063 3001 1961 3066; baseline 0.004 -20"><span class='ocrx_word' id='word_1_330' title='bbox 1063 3003 1237 3046; x_wconf 84' lang='lat' dir='ltr'><strong>firmari</strong></span> <span class='ocrx_word' id='word_1_331' title='bbox 1277 3019 1302 3046; x_wconf 88' lang='lat' dir='ltr'><strong>a</strong></span> <span class='ocrx_word' id='word_1_332' title='bbox 1338 3002 1441 3046; x_wconf 89' lang='lat' dir='ltr'><strong>cod.</strong></span> <span class='ocrx_word' id='word_1_333' title='bbox 1481 3001 1608 3046; x_wconf 83' lang='lat' dir='ltr'><strong>Flor.</strong></span> <span class='ocrx_word' id='word_1_334' title='bbox 1644 3010 1832 3049; x_wconf 78' lang='lat' dir='ltr'><strong>testatur</strong></span> <span class='ocrx_word' id='word_1_335' title='bbox 1863 3007 1961 3066; x_wconf 83' lang='lat' dir='ltr'><strong>Ry-</strong></span> 
     </span>
     <span class='ocr_line' id='line_1_58' title="bbox 1065 3058 1963 3107; baseline 0.004 -3"><span class='ocrx_word' id='word_1_336' title='bbox 1065 3060 1206 3104; x_wconf 85' lang='lat' dir='ltr'><strong>ckius.</strong></span> <span class='ocrx_word' id='word_1_337' title='bbox 1299 3060 1423 3104; x_wconf 85' lang='lat' dir='ltr'><strong>Ante</strong></span> <span class='ocrx_word' id='word_1_338' title='bbox 1460 3058 1728 3104; x_wconf 77' lang='lat' dir='ltr'><strong>Rhenanam</strong></span> <span class='ocrx_word' id='word_1_339' title='bbox 1771 3062 1874 3107; x_wconf 87' lang='lat' dir='ltr'><strong>edd.</strong></span> <span class='ocrx_word' id='word_1_340' title='bbox 1917 3073 1963 3107; x_wconf 86' lang='lat' dir='ltr'><strong>et</strong></span> 
     </span>
     <span class='ocr_line' id='line_1_59' title="bbox 1065 3116 1960 3177; baseline 0.004 -17"><span class='ocrx_word' id='word_1_341' title='bbox 1065 3117 1273 3177; x_wconf 86' lang='lat' dir='ltr'><strong>plerique</strong></span> <span class='ocrx_word' id='word_1_342' title='bbox 1293 3116 1427 3160; x_wconf 88' lang='lat' dir='ltr'><strong>codd.</strong></span> <span class='ocrx_word' id='word_1_343' title='bbox 1449 3116 1588 3162; x_wconf 87' lang='lat' dir='ltr'><strong>MSS.</strong></span> <span class='ocrx_word' id='word_1_344' title='bbox 1613 3117 1765 3174; x_wconf 86' lang='lat' dir='ltr'><strong>(etiam</strong></span> <span class='ocrx_word' id='word_1_345' title='bbox 1786 3119 1960 3175; x_wconf 88' lang='lat' dir='ltr'><strong>Guelf.)</strong></span> 
     </span>
     <span class='ocr_line' id='line_1_60' title="bbox 1066 3174 1959 3223; baseline -0.003 -4"><span class='ocrx_word' id='word_1_346' title='bbox 1066 3176 1260 3219; x_wconf 83' lang='lat' dir='ltr'><strong>tertiam</strong></span> <span class='ocrx_word' id='word_1_347' title='bbox 1281 3174 1514 3216; x_wconf 82' lang='lat' dir='ltr'><strong>decimam</strong></span> <span class='ocrx_word' id='word_1_348' title='bbox 1536 3206 1548 3220; x_wconf 87' lang='lat'><strong>.</strong></span> <span class='ocrx_word' id='word_1_349' title='bbox 1571 3206 1584 3219; x_wconf 91' lang='lat'><strong>.</strong></span> <span class='ocrx_word' id='word_1_350' title='bbox 1609 3207 1622 3219; x_wconf 92' lang='lat'><strong>.</strong></span> <span class='ocrx_word' id='word_1_351' title='bbox 1651 3176 1795 3220; x_wconf 83' lang='lat' dir='ltr'><strong>iussit.</strong></span> <span class='ocrx_word' id='word_1_352' title='bbox 1855 3177 1959 3223; x_wconf 79' lang='lat' dir='ltr'><strong>MS,</strong></span> 
     </span>
     <span class='ocr_line' id='line_1_61' title="bbox 1066 3232 1959 3279; baseline 0.003 -2"><span class='ocrx_word' id='word_1_353' title='bbox 1066 3233 1183 3277; x_wconf 86' lang='lat' dir='ltr'><strong>Bud.</strong></span> <span class='ocrx_word' id='word_1_354' title='bbox 1206 3232 1349 3276; x_wconf 82' lang='lat' dir='ltr'><strong>tertia</strong></span> <span class='ocrx_word' id='word_1_355' title='bbox 1370 3234 1551 3276; x_wconf 78' lang='lat' dir='ltr'><strong>decima</strong></span> <span class='ocrx_word' id='word_1_356' title='bbox 1575 3265 1585 3276; x_wconf 89' lang='lat'><strong>.</strong></span> <span class='ocrx_word' id='word_1_357' title='bbox 1599 3266 1611 3277; x_wconf 95' lang='lat'><strong>.</strong></span> <span class='ocrx_word' id='word_1_358' title='bbox 1627 3265 1638 3277; x_wconf 92' lang='lat'><strong>.</strong></span> <span class='ocrx_word' id='word_1_359' title='bbox 1669 3234 1818 3279; x_wconf 83' lang='lat' dir='ltr'><strong>iussit.</strong></span> <span class='ocrx_word' id='word_1_360' title='bbox 1878 3235 1959 3279; x_wconf 89' lang='lat' dir='ltr'><strong>Ce-</strong></span> 
     </span>
     <span class='ocr_line' id='line_1_62' title="bbox 1067 3289 1956 3346; baseline 0.003 -13"><span class='ocrx_word' id='word_1_361' title='bbox 1067 3301 1213 3334; x_wconf 80' lang='lat' dir='ltr'><strong>terum</strong></span> <span class='ocrx_word' id='word_1_362' title='bbox 1250 3289 1466 3346; x_wconf 84' lang='lat' dir='ltr'><strong>frequens</strong></span> <span class='ocrx_word' id='word_1_363' title='bbox 1506 3298 1572 3335; x_wconf 73' lang='lat' dir='ltr'><strong>est</strong></span> <span class='ocrx_word' id='word_1_364' title='bbox 1599 3291 1648 3334; x_wconf 85' lang='lat' dir='ltr'><strong>in</strong></span> <span class='ocrx_word' id='word_1_365' title='bbox 1683 3301 1792 3335; x_wconf 85' lang='lat' dir='ltr'><strong>vett.</strong></span> <span class='ocrx_word' id='word_1_366' title='bbox 1829 3292 1956 3336; x_wconf 85' lang='lat' dir='ltr'><strong>libris</strong></span> 
     </span>
     <span class='ocr_line' id='line_1_63' title="bbox 1069 3347 1956 3409; baseline 0.001 -19"><span class='ocrx_word' id='word_1_367' title='bbox 1069 3364 1119 3390; x_wconf 87' lang='lat' dir='ltr'><strong>ea</strong></span> <span class='ocrx_word' id='word_1_368' title='bbox 1167 3347 1398 3409; x_wconf 68' lang='lat' dir='ltr'><strong>confusio„</strong></span> <span class='ocrx_word' id='word_1_369' title='bbox 1449 3363 1535 3404; x_wconf 89' lang='lat' dir='ltr'><strong>qua</strong></span> <span class='ocrx_word' id='word_1_370' title='bbox 1567 3347 1721 3391; x_wconf 80' lang='lat' dir='ltr'><strong>ferunt</strong></span> <span class='ocrx_word' id='word_1_371' title='bbox 1756 3365 1837 3391; x_wconf 80' lang='lat' dir='ltr'><strong>am</strong></span> <span class='ocrx_word' id='word_1_372' title='bbox 1873 3366 1956 3407; x_wconf 85' lang='lat' dir='ltr'><strong>pro</strong></span> 
     </span>
     <span class='ocr_line' id='line_1_64' title="bbox 1067 3403 1958 3463; baseline 0.002 -16"><span class='ocrx_word' id='word_1_373' title='bbox 1067 3407 1151 3448; x_wconf 86' lang='lat' dir='ltr'><strong>ani</strong></span> <span class='ocrx_word' id='word_1_374' title='bbox 1181 3403 1229 3446; x_wconf 86' lang='lat' dir='ltr'><strong>in</strong></span> <span class='ocrx_word' id='word_1_375' title='bbox 1259 3403 1590 3450; x_wconf 79' lang='lat' dir='ltr'><strong>numeralibus:</strong></span> <span class='ocrx_word' id='word_1_376' title='bbox 1643 3415 1687 3450; x_wconf 86' lang='lat' dir='ltr'><strong>et</strong></span> <span class='ocrx_word' id='word_1_377' title='bbox 1722 3406 1795 3449; x_wconf 86' lang='lat' dir='ltr'><strong>hic</strong></span> <span class='ocrx_word' id='word_1_378' title='bbox 1835 3406 1958 3463; x_wconf 86' lang='lat' dir='ltr'><strong>prius</strong></span> 
     </span>
     <span class='ocr_line' id='line_1_65' title="bbox 1067 3460 1957 3520; baseline -0.001 -15"><span class='ocrx_word' id='word_1_379' title='bbox 1067 3461 1228 3505; x_wconf 87' lang='lat' dir='ltr'><strong>vitium</strong></span> <span class='ocrx_word' id='word_1_380' title='bbox 1270 3460 1399 3504; x_wconf 82' lang='lat' dir='ltr'><strong>traxit</strong></span> <span class='ocrx_word' id='word_1_381' title='bbox 1434 3462 1651 3513; x_wconf 79' lang='lat' dir='ltr'><strong>alterum,</strong></span> <span class='ocrx_word' id='word_1_382' title='bbox 1705 3463 1841 3507; x_wconf 76' lang='lat' dir='ltr'><strong>iassit</strong></span> <span class='ocrx_word' id='word_1_383' title='bbox 1873 3479 1957 3520; x_wconf 89' lang='lat' dir='ltr'><strong>pro</strong></span> 
     </span>
     <span class='ocr_line' id='line_1_66' title="bbox 1067 3533 1192 3563; baseline -0.016 -1"><span class='ocrx_word' id='word_1_384' title='bbox 1067 3533 1192 3563; x_wconf 79' lang='lat' dir='ltr'><strong>mssz.</strong></span> 
     </span>
    </p>
   </div>
   <div class='ocr_carea' id='block_1_22' title="bbox 1626 2890 1802 2935">
    <p class='ocr_par' dir='ltr' id='par_1_22' title="bbox 1626 2890 1802 2935">
     <span class='ocr_line' id='line_1_67' title="bbox 1626 2890 1802 2935; baseline 0.011 -5"><span class='ocrx_word' id='word_1_385' title='bbox 1626 2917 1638 2930; x_wconf 90' lang='lat'><strong>.</strong></span> <span class='ocrx_word' id='word_1_386' title='bbox 1670 2890 1802 2935; x_wconf 69' lang='grc' dir='ltr'><strong>ιἰιεεί.</strong></span> 
     </span>
    </p>
   </div>
   <div class='ocr_carea' id='block_1_23' title="bbox 1125 3591 1958 3646">
    <p class='ocr_par' dir='ltr' id='par_1_23' title="bbox 1125 3591 1958 3646">
     <span class='ocr_line' id='line_1_68' title="bbox 1125 3591 1958 3646; baseline 0.005 -14"><span class='ocrx_word' id='word_1_387' title='bbox 1125 3594 1434 3646; x_wconf 75' lang='lat' dir='ltr'><strong>voluptatum.</strong></span> <span class='ocrx_word' id='word_1_388' title='bbox 1528 3591 1604 3636; x_wconf 78' lang='lat' dir='ltr'><strong>Sic</strong></span> <span class='ocrx_word' id='word_1_389' title='bbox 1649 3591 1781 3634; x_wconf 81' lang='lat' dir='ltr'><strong>codd.</strong></span> <span class='ocrx_word' id='word_1_390' title='bbox 1821 3592 1958 3636; x_wconf 85' lang='lat' dir='ltr'><strong>MSS.</strong></span> 
     </span>
    </p>
   </div>
   <div class='ocr_carea' id='block_1_24' title="bbox 1437 3651 1497 3707">
    <p class='ocr_par' dir='ltr' id='par_1_24' title="bbox 1437 3651 1497 3707">
     <span class='ocr_line' id='line_1_69' title="bbox 1437 3651 1497 3707; baseline 0 0"><span class='ocrx_word' id='word_1_391' title='bbox 1437 3651 1497 3707; x_wconf 85' lang='grc' dir='ltr'>Ο</span> 
     </span>
    </p>
   </div>
  </div>
 </body>
</html>
