2138 4030
608 285 787 351 LIB.
828 287 938 351 111.
1000 279 1223 351 '‘CAP.
1254 290 1356 352 69.
1393 293 1494 355 70.

106 420 214 478 tris
246 419 436 476 filium
466 418 532 474 in
555 414 915 492 Capitolium
951 417 1191 489 accivit,
1231 419 1410 476 misso
1445 442 1552 497 per
1585 427 1843 501 neglecta
1876 434 1955 490 ad

111 505 426 562 Flavianos
459 505 634 559 duces
670 502 915 571 nunti0‚
969 503 1074 579 qui
1106 503 1506 562 circumsideri
1540 509 1697 584 ipsos
1734 526 1820 585 et,
1883 518 1950 574 ni

107 590 549 657 subvenire-tur,
601 598 754 643 artas
791 606 884 643 res
918 588 1239 646 nuntiaret.
1318 588 1567 648 Noctem
1602 597 1746 654 adeo
1781 601 1952 676 quie..

108 687 227 732 tam
257 675 373 748 egit
396 685 464 732 ut
486 672 718 746 digredi
742 672 868 727 sine
895 692 1046 728 noxa
1072 673 1346 747 potuerit.
1410 677 1627 752 quippe
1648 683 1815 740 miles
1838 680 1971 743 Vi-‘

106 760 257 817 tellii
292 760 570 815 adversus
599 757 858 832 pericula
893 757 1056 813 ferox
1089 758 1391 816 laboribus
1422 772 1479 818 et
1503 762 1720 835 vigiliis
1741 784 1949 843 parum

110 845 370 901 intentus
407 853 550 902 erat.
637 854 694 898 et
734 837 1019 900 hibernus
1056 842 1247 900 imber
1278 858 1516 920 repente
1541 848 1710 906 fusus
1746 855 1960 912 oculos

106 949 391 1007 auresque
417 927 790 1002 impediebat.
1264 1000 1267 1001 ⁷
1411 930 1413 932 ’

273 1012 458 1072 LXX.
525 1011 683 1069 Luce
739 1011 930 1086 prima
976 1009 1265 1083 Sabinus,
1327 1024 1640 1092 antequam
1692 1019 1947 1081 invicem

104 1096 340 1156 hostilia
368 1108 729 1172 coeptarent‚
771 1094 1117 1153 Cornelium
1141 1096 1477 1156 Martialem
1503 1122 1533 1158 e
1565 1104 1949 1182 primipilari..

104 1187 216 1242 bus
252 1185 328 1240 ad
353 1182 664 1240 Vitellium
701 1182 864 1238 misit
903 1202 1036 1238 cum
1070 1185 1363 1240 mandatis
1402 1197 1457 1242 et
1492 1201 1733 1264 questu,
1787 1197 1948 1269 quod

103 1281 270 1346 pacta
305 1270 702 1327 turbarentur.
788 1267 1226 1323 simulationem
1260 1289 1499 1343 prorsus
1537 1284 1592 1330 et
1629 1275 1948 1350 imaginem

104 1355 442 1429 deponendi
468 1352 702 1427 imperii
726 1352 905 1408 fuisse
931 1352 1005 1407 ad
1037 1353 1413 1427 decipiendos
1441 1366 1526 1415 tot
1553 1358 1830 1418 inlustres
1855 1366 1949 1420 vi-

102 1460 218 1495 ros.
320 1459 427 1496 cur
475 1438 635 1494 enim
680 1456 713 1492 e
756 1436 962 1492 rostris
1016 1438 1213 1494 fratris
1254 1441 1498 1497 domum
1546 1443 1948 1506 imminentem

102 1525 232 1580 foro
271 1536 327 1580 et
363 1522 678 1579 inritandis
714 1518 1026 1577 hominum
1057 1523 1244 1579 oculis
1283 1546 1459 1600 quam
1492 1522 1859 1603 Aventinum
1893 1548 1949 1592 et

104 1620 341 1684 penates
372 1609 572 1665 uxoris
606 1607 883 1681 petisset?
937 1607 1018 1663 ita
1054 1609 1282 1682 privato
1311 1622 1366 1667 et
1388 1633 1626 1672 omnem
1650 1616 1948 1694 principa-

102 1707 196 1752 tus
219 1694 470 1769 speciem
492 1693 704 1748 vitanti
731 1693 1090 1752 convenisse.
1135 1705 1338 1750 contra
1365 1694 1674 1756 Vitellium
1697 1701 1761 1756 in
1782 1705 1947 1778 pala—

102 1780 281 1849 tium,
325 1780 389 1835 in
413 1779 598 1854 ipsam
621 1777 855 1852 imperii
882 1797 1074 1834 arcem
1098 1797 1449 1851 regressum:
1494 1783 1633 1841 inde
1656 1799 1946 1851 armatum

201 284 254 320 A.
273 284 422 322 uma.

198 329 316 365 A.C.
358 329 421 364 70.

155 1991 202 2032 in
237 1986 534 2042 Capitolium.
592 1984 651 2029 11.
681 2001 719 2029 e.
756 1991 803 2027 ut
836 2001 988 2027 secum
1058 1986 1174 2044 Spir.
1206 1987 1308 2032 Put.
1343 1990 1444 2034 Ber.
1480 1993 1601 2046 (cum
1633 1993 1782 2039 silent.
1813 1997 1947 2056 vict.)

98 2049 145 2091 in
178 2044 397 2102 Capitolio
434 2052 681 2086 manerent.
753 2042 865 2084 Nam
903 2058 989 2083 ne·-
1058 2059 1156 2100 sqq.
1178 2061 1317 2104 usque
1337 2048 1391 2089 ad
1413 2049 1693 2103 Ernestium,
1734 2054 1808 2110 qui
1825 2056 1944 2099 »scri-

1819 303 1959 362 339
2020 347 2023 352 ,

100 2103 254 2164 glectis
277 2100 510 2146 vocabulis
532 2101 580 2142 in
605 2101 883 2155 Capitolium
911 2100 986 2141 Sa·

97 2164 230 2206 binus
309 2167 426 2201 osset
469 2155 655 2214 intelligi
699 2156 985 2213 colloquendi

98 2234 228 2265 causa
267 2216 367 2259 ilos
403 2213 629 2258 accivisse.
708 2213 812 2256 Non
851 2214 984 2270 igitur

97 2274 344 2334 superfluae
387 2280 489 2314 sunt
533 2272 644 2315 duae
693 2270 793 2314 illae
835 2287 983 2322 voces,

98 2332 326 2392 quomodo
353 2328 582 2371 videbatur
603 2327 772 2386 Lipsio.

155 2391 294 2432 ηιιὶςεο
307 2401 396 2442 per
419 2389 639 2439 neglecta.
697 2386 831 2428 MSS.
858 2385 982 2430 Harl.

97 2448 229 2490 Bodl.
257 2445 339 2487 les.
361 2442 514 2486 Guelf.
539 2442 638 2485 edd.
663 2441 765 2487 Put.
789 2458 886 2500 sqq.
914 2459 984 2486 us·

97 2521 184 2563 que
201 2503 255 2547 ad
268 2500 524 2544 Ernestium
541 2510 642 2543 ante
663 2501 800 2542 missso
816 2500 985 2542 addunt

29 2595 32 2598 r
97 2562 374 2612 atSabinus,
394 2557 690 2600 incommodo
711 2555 986 2614 pleonasmo‚

97 2619 173 2679 qui
219 2617 437 2674 originem
478 2614 605 2657 traxit
647 2630 672 2656 e
717 2612 984 2656 confusione

94 2676 378 2777 Baginamm,
400 2671 454 2714 de
473 2687 560 2729 qua
581 2671 749 2739 dictum
772 2679 836 2713 est
859 2686 900 2738 c.
913 2670 983 2714 65.

143 2733 285 2800 (ἑξενιῑς
326 2729 399 2773 illa
439 2727 668 2796 Ernestlus
717 2735 982 2772 auctoritate

94 2787 518 2902 {aff-eziogpiitfsn
539 2784 686 2843 Pneh.)
710 2783 820 2843 Reg.
842 2783 982 2942 Cogi).

942 2915 983 2942 nc

152 2905 274 2958 ipsos
307 2909 373 2951 ec,
419 2900 472 2942 m·
495 2901 834 2943 subveniretur.

94 2961 195 3004 edd.
218 2959 343 3002 Pich.
369 2956 489 3015 Lips.
514 2957 656 3011 (1607.
678 2957 756 3000 ubi
788 2964 853 2999 est
880 2958 983 3011 m'st)

97 3018 229 3061 Grut.
260 3031 356 3074 sqq.
391 3030 414 3056 e
454 3013 640 3071 vestigiis
677 3013 846 3058 codicis
881 3014 980 3056 Flo·

95 3074 272 3123 remini,
294 3072 370 3130 qui
394 3069 630 3115 test.Pich.
652 3070 783 3114 habet
795 3071 892 3124 ipso
915 3073 986 3113 sel

93 3133 146 3176 m‘
186 3130 522 3173 subveniretur.
571 3151 630 3160 —
691 3128 843 3183 ipsos.
891 3128 986 3171 nisi

94 3186 412 3233 subveniretur
457 3184 560 3228 edd.
578 3184 754 3228 Puteol.
788 3201 840 3243 sq
874 3217 885 3228 .
925 3185 980 3227 ad

96 3244 425 3293 Pichenam.—
455 3242 602 3297 ipsos,
632 3244 684 3284 m*
699 3242 825 3286 subu.
843 3201 980 3286 3158.

95 3300 248 3346 Guelf.
286 3298 409 3343 Harl.
451 3297 582 3343 Bodl.
626 3298 705 3342 les.
746 3298 861 3342 Bud.
926 3322 981 3332 -

94 3360 187 3414 ipsi
224 3357 333 3417 sergi
366 3357 494 3399 subu.
531 3356 666 3399 MSS.
701 3355 810 3414 Reg.
846 3355 983 3400 Corb.

95 3417 163 3461 ed.
185 3414 303 3473 spir.

151 3480 285 3515 artus
315 3486 402 3515 res,
461 3470 537 3515 Sic
561 3471 631 3514 ed.
658 3470 774 3528 Spir.

99 3528 199 3572 libri
217 3536 387 3573 arctas.

152 3586 344 3640 digredi.
421 3584 497 3630 Sic
538 3584 639 3631 MS.
682 3583 834 3631 Guelf.
881 3585 984 3630 edd.

837 3470 982 3515 Ceteri

1056 2102 1143 2158 psit
1180 2104 1399 2157 degredi:
1451 2122 1555 2150 nam
1595 2107 1859 2155 descensum
1895 2130 1946 2156 ex

1056 2174 1157 2200 arce
1180 2161 1237 2202 ait
1259 2162 1512 2219 significari.
1579 2165 1773 2210 Ernestii
1795 2185 1948 2214 emen·

1056 2215 1283 2260 dationem
1314 2219 1538 2263 retinuere
1567 2224 1838 2269 recentiores
1857 2228 1949 2271 edi-

1055 2281 1190 2317 tores.
1261 2277 1320 2319 At
1362 2293 1512 2320 sermo
1554 2278 1628 2324 hic
1661 2289 1725 2324 est
1762 2294 1856 2327 non
1891 2285 1947 2329 de

1055 2331 1272 2375 descensu
1301 2349 1348 2375 ex
1372 2350 1474 2378 arce
1504 2335 1551 2378 in
1579 2337 1764 2392 urbem,
1801 2335 1945 2387 immo

1054 2387 1109 2428 de
1141 2389 1291 2442 abitu,
1324 2391 1518 2435 discessu
1542 2410 1590 2436 ex
1613 2410 1716 2438 arce
1747 2397 1948 2445 obsessa}

1054 2444 1245 2490 sabinus
1267 2463 1318 2490 ea
1338 2458 1471 2492 nocte
1494 2450 1707 2507 potuisset
1731 2453 1847 2509 elabi
1864 2455 1945 2501 obi

1055 2503 1303 2546 sessoribus
1340 2512 1384 2546 et
1417 2507 1661 2565 confugere
1695 2509 1750 2554 ad
1780 2508 1947 2559 eisirciss

1057 2566 1152 2600 tum
1173 2560 1435 2604 Flavianum
1455 2562 1500 2607 h.
1519 2580 1559 2607 e.
1583 2565 1754 2622 digredi
1776 2562 1944 2626 pomis-

1054 2622 1134 2659 set.
1215 2617 1286 2660 De
1329 2617 1434 2662 loco
1475 2621 1708 2677 superiore
1738 2623 1827 2670 hic*
1846 2641 1943 2672 non

1056 2673 1299 2772 qgaeritur.
1334 2673 1483 2720 Aliter
1503 2695 1550 2720 se
1562 2677 1692 2724 habet
1706 2696 1776 2726 ces
1788 2682 1880 2731 An.
1896 2685 1941 2737 ¹4,

1113 2794 1158 2830 et
1181 2788 1365 2842 vigiliis.
1425 2788 1507 2833 Ed.
1530 2791 1649 2849 Spir.
1679 2809 1736 2837 oc
1767 2798 1940 2852 vt'gz'litk.

1053 2843 1134 2888 Ed.
1156 2845 1258 2888 Put.
1282 2847 1335 2889 V.
1361 2847 1518 2892 vitiose
1542 2856 1587 2890 et
1603 2851 1798 2905 vigilius.

1113 2915 1224 2960 CAP.
1252 2917 1324 2959 70.
1383 2927 1663 2972 coeptare-nt.
1731 2922 1808 2967 Sic
1841 2925 1940 2972 Put.

1053 2989 1152 3030 sqq.
1190 2997 1243 3008 --
1301 2982 1545 3028 ceptarent
1566 2977 1665 3020 MS.
1687 2977 1841 3026 Guelf.
1867 2984 1937 3028 ed.

1051 3031 1173 3091 Spir.
1206 3054 1259 3064 —
1318 3039 1552 3086 coeptare-t
1574 3034 1675 3079 MS.
1701 3037 1783 3082 les,

1113 3105 1177 3143 ad
1203 3103 1507 3156 decipiendos.
1577 3104 1676 3149 MS.
1699 3106 1848 3155 Guelf.
1877 3115 1943 3153 ad

1052 3161 1372 3213 deponendos.
1430 3159 1552 3203 idem
1581 3177 1683 3206 mox
1710 3181 1850 3221 quor,
1879 3170 1944 3212 uti

1052 3232 1181 3274 saepe
1204 3233 1287 3275 pro
1312 3233 1404 3260 cur.

1111 3289 1406 3330 Aventinum.
1467 3288 1549 3332 Ed.
1577 3287 1693 3346 Spir.
1722 3293 1941 3334 adventi-

1054 3360 1180 3385 num.
1201 3371 1259 3379 ——
1306 3345 1414 3387 Mox
1431 3347 1652 3400 principis
1674 3364 1757 3404 pro
1771 3351 1940 3402 princi-

1051 3408 1208 3456 patus.

1114 3472 1382 3516 convem‘sse.
1442 3471 1707 3516 MS.Guelf.
1729 3474 1775 3515 iu
1800 3492 1939 3532 marg.

1054 3528 1278 3571 substituit
1312 3533 1670 3586 contemp-suffe,
1712 3531 1831 3587 quod
1872 3548 1939 3576 ex-

1056 3594 1136 3629 stat
1159 3584 1205 3628 in
1227 3586 1298 3629 ed.
1320 3585 1440 3649 Spir.

1296 3646 1432 3704 ΥΞ
