2138 4030
0 2678 2 2747 ἱ

0 2757 2 2781 ἱ

639 258 959 319 LIB.·IV.
1035 255 1370 320 CAP.41.
1799 264 1927 326 417
2002 259 2006 266 ’

81 454 86 458 ,
250 388 410 450 XLI.
468 388 720 446 Senatus
765 383 1184 446 inchoantibus
1225 389 1586 464 primoribus
1626 394 1926 454 iusiuran-

79 478 224 535 dum
257 475 555 549 concepit,
604 494 722 550 quo
759 474 1021 530 certatim
1060 493 1262 531 omnes
1285 475 1685 548 magistratuS,
1730 483 1925 551 ceteri,

77 573 146 620 ut
181 561 528 618 sententiam
563 559 950 631 rogabantur,
992 560 1132 615 deos
1166 569 1338 622 testes
1373 561 1739 622 advocabant
1769 562 1927 623 nihil

77 667 190 722 ope
216 666 319 705 sua
342 647 592 714 factum,
633 664 750 720 quo
784 643 1128 719 cuiusquam
1155 643 1310 700 salus
1327 645 1692 718 laederetur,
1733 672 1926 729 neque

78 752 139 788 se
172 730 501 805 praemium
536 741 638 785 aut
669 724 956 784 honorem
991 749 1060 784 ex
1086 729 1412 787 calamitate
1442 730 1662 788 civium
1690 738 1923 811 cepisse,

78 816 336 890 trepidis,
360 825 417 871 et
452 815 628 871 verba
666 813 1196 888 iurisiurandi-per
1229 815 1421 871 varias
1453 827 1603 873 artes
1642 823 1928 878 mutanti-

77 903 219 970 buS‚
261 900 394 976 quis
416 899 624 973 flagitii
646 898 1004 955 conscientia
1030 898 1238 957 inerat.
1322 897 1665 960 Probabant
1687 905 1927 979 religio-

77 1005 215 1042 nem
240 997 466 1060 patreS‚
507 984 836 1059 periurium
860 984 1201 1056 arguebant.
1286 1004 1470 1061 eaque
1496 987 1658 1046 velut
1681 1009 1927 1049 censura

76 1072 143 1127 in
169 1070 543 1129 Sariolenum
570 1069 858 1126 Voculam
885 1079 941 1125 et
965 1066 1229 1124 Nonium
1246 1064 1564 1128 Actianum
1587 1084 1643 1131 et
1666 1071 1928 1133 Cestium

78 1155 360 1214 Severum
396 1155 675 1212 acerrime
715 1153 985 1212 incubuit
1015 1153 1236 1210 crebris
1264 1157 1416 1229 apud
1445 1153 1742 1215 Neronem
1768 1161 1930 1218 dela-

166 262 217 293 A.
238 256 290 296 U,
308 255 394 290 824.

166 302 216 336 A.
235 298 282 335 C.
338 301 394 335 71.

138 1396 251 1440 CAP.
292 1398 364 1440 41.
446 1398 776 1439 inchoantibus.
866 1395 971 1439 MS.

80 1454 233 1499 Guelf.
266 1454 334 1498 ed.
359 1454 480 1511 Spir.
510 1454 851 1497 incohantibus.
914 1453 972 1496 cf.

77 1511 268 1556 Dronke
312 1510 366 1554 ad
404 1511 507 1554 dial.
543 1511 598 1553 de
632 1509 761 1554 Orat.
795 1528 837 1569 p.
871 1511 973 1554 205.

79 1570 238 1614 Osann
259 1567 312 1612 ad
328 1567 466 1626 Apul.
481 1567 642 1625 fragm.
660 1585 702 1626 p.
717 1569 814 1611 112.
830 1567 974 1612 Bothe

77 1629 133 1672 nd
147 1627 308 1670 Horat.
325 1625 473 1669 Carm.
492 1624 545 1669 T.
561 1628 593 1669 l.
616 1643 658 1682 p.
675 1626 746 1669 29.
787 1626 972 1670 Schnei-

79 1684 162 1729 der
210 1683 368 1727 Gram.
415 1683 469 1727 T.
518 1682 554 1726 I.
601 1683 657 1728 P.
702 1683 738 1727 I.
781 1700 825 1742 p.
868 1683 970 1727 205.

79 1738 324 1785 Foreellin.
347 1741 430 1783 sub
454 1756 500 1785 v.

137 1822 302 1851 omnes
333 1811 656 1863 magistratus.
717 1810 820 1854 MS.
852 1810 971 1855 Bud.

81 1869 232 1910 omnis
255 1868 388 1908 inens
412 1873 422 1914 ί
431 1866 504 1909 vel
529 1870 683 1918 mens)
718 1870 975 1919 magistra-

83 1935 178 1976 tus,
210 1934 253 1967 et
276 1939 379 1965 mox
404 1923 526 1966 deest
549 1931 624 1966 ut:
657 1925 777 1967 unde
802 1926 975 1968 Rhena-

81 2000 165 2026 nus
201 1980 468 2025 conficiebat
508 1980 771 2037 legendum:
822 1983 980 2025 omnis

81 2042 230 2083 iniens
259 2040 566 2091 magistratus
598 2039 760 2091 (ceteri
789 2048 975 2082 senten-

84 2100 199 2141 tiam
230 2096 535 2149 rogabantur)
570 2099 684 2138 deos
711 2104 852 2139 testes
884 2101 976 2139 ad-

82 2158 292 2198 vocabat.
322 2156 324 2161 ’
351 2153 480 2195 Nihil
499 2167 583 2206 ope
603 2162 686 2199 etc.
746 2153 978 2197 Ernestius

82 2211 299 2255 malebat:
361 2223 529 2252 omnes
569 2211 781 2265 deinceps
820 2214 973 2266 magi-

80 2276 262 2313 stratus
283 2274 366 2310 etc.
427 2266 516 2309 Sed
548 2266 658 2309 nibil
692 2267 892 2310 innotuit
924 2269 978 2312 de

82 2327 233 2382 aliquo
259 2323 498 2380 suffragio,
545 2325 667 2382 quod
691 2325 838 2370 codici
861 2326 977 2370 Bud.

85 2384 192 2426 dent
218 2381 290 2425 alii
315 2381 433 2425 libri.

141 2453 425 2506 cuiusquam.
505 2449 589 2493 Ed.
628 2450 751 2508 Spir.
795 2453 979 2507 cuiusq?

83 2508 126 2552 h.
153 2526 191 2552 e.
215 2509 447 2564 cuiusque.
503 2507 614 2550 Mox
647 2508 804 2552 eadem
835 2511 978 2553 iusiu-

83 2568 226 2609 randi
252 2582 334 2624 pro
365 2566 681 2608 iurisiurandi.

135 2651 400 2707 probabant
466 2649 735 2704 religionem
799 2658 978 2702 patres,

77 2710 341 2766 periurium
371 2709 653 2760 arguebant.
723 2707 870 2750 Locus
901 2725 976 2750 va-

84 2769 149 2811 ria
186 2767 385 2808 virorum
426 2765 665 2808 doctorum
705 2765 975 2822 interpreta-

84 2825 206 2868 tione
232 2830 426 2868 vexatus.
483 2820 680 2864 Pichena
705 2823 814 2866 haec
839 2821 980 2866 refert

84 2882 139 2926 ad
162 2896 238 2923 eos
264 2887 436 2921 tantum
456 2911 467 2929 ‚
509 2880 584 2935 qui
618 2881 755 2923 verba
793 2879 978 2923 iurisiu-

83 2938 212 2984 randi
238 2936 589 2993 detorquebant,
621 2946 862 2996 censetque
889 2937 978 2979 iro-

83 2999 183 3041 nice
213 3002 359 3052 patres
391 2993 588 3036 laudasse
613 2993 794 3050 quidem
821 2994 978 3037 talium

84 3055 291 3099 virorum
331 3050 624 3107 religionem,
672 3051 806 3106 quod⁸
837 3051 980 3109 trepi-

86 3113 241 3155 danter
294 3116 336 3150 et
387 3107 593 3163 ambigue
649 3107 867 3151 iurassent
923 3124 980 3151 ne

84 3165 334 3227 periurium
360 3164 665 3216 admitterent,
716 3165 792 3208 sed
829 3174 980 3207 tamen

85 3243 134 3270 ex
155 3223 228 3266 illa
251 3221 543 3279 trepidatione
565 3231 606 3264 et
629 3221 812 3280 periurii
836 3231 878 3265 et
900 3238 982 3264 no·

85 3284 178 3326 xiae
216 3278 513 3323 conscientiae
547 3286 860 3336 argumentum
904 3278 981 3321 eli·

88 3339 247 3384 cuisse.
330 3335 530 3378 Probant
576 3352 671 3378 eam
719 3335 979 3394 explicatio-

87 3412 187 3440 nem
219 3394 393 3437 Ernest.
427 3391 585 3435 Oberl.
618 3393 795 3450 aliique.
857 3392 981 3435 Con-

86 3461 156 3496 tra
179 3451 279 3509 Bip.
302 3448 587 3494 Strombeck.
611 3460 653 3493 et
683 3449 757 3493 alii
789 3450 981 3504 religio-

89 3525 194 3551 nem
221 3507 447 3565 accipiunt
471 3506 524 3548 de
548 3523 706 3550 verum
732 3507 980 3550 iurantibus

89 3566 171 3609 hac
211 3564 452 3608 sententia:
502 3561 594 3605 Die
631 3564 784 3606 Vacer-
827 3563 980 3618 rl‘cjsen

175 3631 417 3681 TAcirus
458 3627 557 3680 III.

1043 1394 1224 1451 Beisall
1239 1398 1330 1453 den
1356 1396 1565 1441 ‘W'ahres
1592 1401 1935 1455 sclawo'renden,

1044 1455 1251 1495 tadelten
1290 1456 1364 1495 die
1400 1454 1723 1510 Meineidigen.
1803 1459 1934 1515 Quae

1042 1518 1191 1553 tamen
1227 1509 1489 1554 Gutmanno
1532 1513 1744 1565 videntur
1785 1516 1857 1560 ina
1893 1517 1936 1561 ia

1044 1584 1153 1611 esse.
1225 1566 1266 1610 Is
1299 1569 1429 1611 verba
1463 1569 1669 1629 intelligit
1710 1571 1796 1616 ita:
1894 1576 1935 1617 ie

1046 1626 1093 1667 V
1093 1630 1202 1666 liter
1242 1622 1444 1682 wussten
1484 1629 1631 1679 wohl,
1681 1629 1789 1687 daſs
1837 1633 1937 1675 hier

1041 1682 1267 1724 Meineide
1289 1685 1461 1736 gethan
1484 1689 1677 1728 wurden
1700 1692 1802 1730 und
1821 1693 1941 1743 ru'g-

1045 1748 1124 1782 ten
1153 1753 1205 1781 es
1237 1742 1378 1790 auch,
1427 1739 1671 1797 ausser-ten
1699 1747 1814 1788 aber
1845 1750 1935 1788 da-

1044 1800 1139 1848 bei,
1180 1799 1253 1838 die
1282 1797 1668 1843 Bedenkllclzkeit
1697 1806 1784 1845 der
1806 1803 1937 1846 Her-

1045 1869 1131 1896 ren
1152 1856 1226 1896 sei
1244 1857 1360 1896 doch
1386 1855 1504 1897 noch
1522 1858 1595 1898 ein
1620 1861 1820 1903 schoner
1836 1860 1938 1904 Be-

1046 1913 1159 1953 weis
1180 1926 1268 1952 von
1283 1912 1787 1970 Gewissenhafliglzeit.
1821 1917 1940 1961 Con-

1047 1968 1180 2011 sentit
1196 1967 1477 2014 Rieklefsius,
1495 1970 1680 2022 Vereor,
1693 1989 1749 2017 ne
1764 1975 1828 2018 illi
1841 1991 1939 2018 ver-

1047 2026 1114 2069 his
1154 2026 1288 2068 nimia
1322 2027 1528 2072 inferant.
1608 2028 1722 2072 Nam
1757 2032 1940 2077 Tacitus

1047 2082 1314 2140 simpliciter
1338 2091 1506 2136 narrat,
1529 2087 1651 2144 quod
1674 2087 1719 2129 in
1744 2090 1854 2132 actis
1878 2107 1942 2133 se-

1049 2149 1178 2182 natus
1199 2150 1479 2198 reppererat,
1501 2144 1716 2187 nimirum
1742 2146 1942 2203 patribus

1048 2197 1283 2253 probatam
1310 2197 1576 2255 religionem
1609 2201 1653 2244 h.
1678 2218 1716 2245 e.
1743 2205 1943 2261 patribus

1048 2254 1095 2296 in
1131 2254 1393 2298 universum
1423 2256 1648 2301 laudatam
1687 2276 1783 2304 ‘esse
1822 2261 1943 2305 illam

1049 2311 1368 2354 caerimoniam
1407 2313 1722 2368 iurisiurandi,
1765 2316 1946 2375 impro-

1048 2370 1202 2420 batum
1246 2385 1355 2411 vero
1396 2371 1645 2427 periurium
1688 2375 1945 2418 nonnullo-

1050 2442 1172 2468 rum.
1232 2425 1316 2469 Ed.
1345 2427 1463 2484 Spir.
1489 2437 1633 2473 totum
1657 2431 1808 2474 locum
1833 2434 1945 2477 exhi·

1054 2483 1125 2525 bet
1160 2483 1251 2526 sic:
1304 2484 1386 2538 qui
1410 2485 1598 2540 flagicii
1629 2490 1811 2531 conscit}
1845 2492 1944 2533 ine-

1050 2547 1162 2581 rant
1176 2555 1190 2581 :
1234 2542 1440 2594 probant
1481 2546 1754 2598 religionem
1781 2556 1947 2600 patres

1044 2611 1132 2651 per
1156 2596 1350 2639 Iunium
1374 2602 1652 2653 arguebant.

1105 2679 1154 2721 in
1169 2678 1488 2725 Sariolenum.
1547 2683 1623 2728 Sic
1639 2684 1772 2730 MSS.
1793 2686 1945 2733 Guelf.

1048 2735 1173 2779 Harl.
1199 2736 1330 2779 Bodl.
1356 2738 1436 2782 les.
1465 2740 1582 2784 Bud.
1618 2743 1719 2787 edd.
1750 2744 1854 2788 Put.
1874 2747 1946 2791 M.

1051 2802 1094 2836 et
1109 2794 1164 2835 V.
1183 2793 1281 2837 Ber.
1305 2795 1427 2848 (cum
1450 2797 1746 2856 silent.Vict.)
1767 2818 1870 2860 sqq.
1891 2826 1948 2837 -

1051 2852 1101 2892 in
1127 2853 1323 2893 sanolen
1343 2851 1412 2894 ed.
1438 2853 1468 2896 S
1508 2855 1559 2898 ir.
1594 2883 1654 2892 -—
1710 2857 1945 2904 Sarmate-

1046 2923 1164 2975 nunz
1198 2906 1298 2951 MS.
1331 2909 1441 2967 Agr.
1475 2870 1550 2955 bic
1579 2923 1621 2956 et
1661 2915 1795 2972 paulo
1830 2928 1948 2975 post,

1049 2966 1125 3007 ubi
1141 2981 1187 3007 in
1206 2965 1273 3008 ed.
1288 2965 1403 3024 Spir.
1416 2976 1550 3010 exstat
1561 2972 1946 3020 Sariolenum...-

1050 3023 1151 3066 MS.
1187 3022 1295 3081 Reg.
1330 3022 1404 3066 hic
1437 3024 1739 3086 Sanoleium,
1771 3033 1946 3086 {deinde

1051 3081 1368 3125 Sariolenum.

1109 3163 1331 3206 Nonium.

1403 3163 1478 3209 Sic
1515 3167 1651 3212 MSS.
1687 3168 1797 3230 Reg.
1829 3173 1945 3218 Bud.

1054 3229 1097 3264 et
1136 3221 1242 3263 inde
1286 3220 1388 3263 edd.
1426 3221 1566 3268 Rhen.
1607 3226 1712 3271 Ald.
1748 3244 1846 3287 sqq.
1890 3254 1949 3264 —

1053 3279 1255 3320 Novium
1310 3277 1443 3323 MSS.
1492 3280 1647 3327 Guelf.
1690 3284 1821 3335 Harl.
1873 3288 1946 3332 ed.

1057 3335 1173 3392 Spir.
1221 3363 1279 3370 —
1338 3336 1566 3381 Nomium
1602 3341 1702 3384 edd.
1737 3342 1842 3385 Put.
1876 3345 1950 3388 M.

1056 3400 1099 3433 et
1114 3389 1169 3434 V.
1187 3392 1287 3435 Ber.
1313 3391 1432 3446 (cum
1459 3394 1606 3447 silent.
1624 3397 1950 3454 Viet.)A!c.--

1057 3448 1265 3509 Ceterum
1293 3448 1338 3492 in
1364 3449 1466 3496 MS.
1487 3451 1637 3499 Guelf.
1661 3454 1770 3499 haee
1793 3457 1952 3514 legun·

1054 3513 1127 3547 tur
1138 3522 1150 3546 t
1180 3513 1224 3547 et
1236 3505 1438 3550 Nouium
1451 3511 1692 3560 Accianus,
1713 3519 1759 3554 et
1773 3513 1952 3559 Cestius

1052 3577 1267 3605 seuerum
1290 3567 1522 3611 acerrime
1542 3569 1756 3612 incubuit.

1351 3625 1464 3683 Dd
