<?xml version="1.0" encoding="UTF-8"?>
<!DOCTYPE html PUBLIC "-//W3C//DTD XHTML 1.0 Transitional//EN"
    "http://www.w3.org/TR/xhtml1/DTD/xhtml1-transitional.dtd">
<html xmlns="http://www.w3.org/1999/xhtml" xml:lang="en" lang="en">
 <head>
  <title>
</title>
<meta http-equiv="Content-Type" content="text/html;charset=utf-8" />
  <meta name='ocr-system' content='tesseract 3.04.00' />
  <meta name='ocr-capabilities' content='ocr_page ocr_carea ocr_par ocr_line ocrx_word'/>
</head>
<body>
  <div class='ocr_page' id='page_1' title='image "./operarecensuitet03taciuoft/operarecensuitet03taciuoft_0503.png"; bbox 0 0 2138 4030; ppageno 0'>
   <div class='ocr_carea' id='block_1_1' title="bbox 167 217 390 300">
    <p class='ocr_par' dir='ltr' id='par_1_1' title="bbox 167 217 390 300">
     <span class='ocr_line' id='line_1_1' title="bbox 167 217 388 258; baseline -0.027 0"><span class='ocrx_word' id='word_1_1' title='bbox 167 222 220 258; x_wconf 71' lang='lat' dir='ltr'>A·</span> <span class='ocrx_word' id='word_1_2' title='bbox 233 219 286 256; x_wconf 77' lang='lat' dir='ltr'>U.</span> <span class='ocrx_word' id='word_1_3' title='bbox 303 217 388 253; x_wconf 71' lang='lat'>824.</span> 
     </span>
     <span class='ocr_line' id='line_1_2' title="bbox 169 261 390 300; baseline -0.014 0"><span class='ocrx_word' id='word_1_4' title='bbox 169 267 222 300; x_wconf 73' lang='lat' dir='ltr'>A.</span> <span class='ocrx_word' id='word_1_5' title='bbox 238 261 289 300; x_wconf 84' lang='lat' dir='ltr'>C.</span> <span class='ocrx_word' id='word_1_6' title='bbox 328 263 390 297; x_wconf 79' lang='lat'>71.</span> 
     </span>
    </p>
   </div>
   <div class='ocr_carea' id='block_1_2' title="bbox 644 214 1357 292">
    <p class='ocr_par' dir='ltr' id='par_1_2' title="bbox 644 214 1357 292">
     <span class='ocr_line' id='line_1_3' title="bbox 644 214 1357 292; baseline 0.001 -13"><span class='ocrx_word' id='word_1_7' title='bbox 644 218 814 281; x_wconf 84' lang='lat' dir='ltr'>LIB.</span> <span class='ocrx_word' id='word_1_8' title='bbox 842 218 917 292; x_wconf 80' lang='lat' dir='ltr'>V.</span> <span class='ocrx_word' id='word_1_9' title='bbox 989 214 1184 279; x_wconf 87' lang='lat' dir='ltr'>CAP.</span> <span class='ocrx_word' id='word_1_10' title='bbox 1206 215 1266 280; x_wconf 85' lang='lat'>4.</span> <span class='ocrx_word' id='word_1_11' title='bbox 1297 216 1357 280; x_wconf 86' lang='lat'>5.</span> 
     </span>
    </p>
   </div>
   <div class='ocr_carea' id='block_1_3' title="bbox 1805 223 1937 284">
    <p class='ocr_par' dir='ltr' id='par_1_3' title="bbox 1805 223 1937 284">
     <span class='ocr_line' id='line_1_4' title="bbox 1805 223 1937 284; baseline 0.008 -1"><span class='ocrx_word' id='word_1_12' title='bbox 1805 223 1937 284; x_wconf 68' lang='lat'><strong>493-</strong></span> 
     </span>
    </p>
   </div>
   <div class='ocr_carea' id='block_1_4' title="bbox 0 333 1934 519">
    <p class='ocr_par' dir='ltr' id='par_1_4' title="bbox 0 333 1934 519">
     <span class='ocr_line' id='line_1_5' title="bbox 0 333 1933 435; baseline -0.003 -21"><span class='ocrx_word' id='word_1_13' title='bbox 0 430 1 435; x_wconf 12' lang='lat'>¹</span> <span class='ocrx_word' id='word_1_14' title='bbox 83 369 242 415; x_wconf 80' lang='lat' dir='ltr'>tores</span> <span class='ocrx_word' id='word_1_15' title='bbox 287 353 478 428; x_wconf 88' lang='lat' dir='ltr'>gentis</span> <span class='ocrx_word' id='word_1_16' title='bbox 518 349 876 425; x_wconf 78' lang='lat' dir='ltr'>accepi1n11S‚</span> <span class='ocrx_word' id='word_1_17' title='bbox 937 367 1041 405; x_wconf 89' lang='lat' dir='ltr'>seu</span> <span class='ocrx_word' id='word_1_18' title='bbox 1081 347 1244 424; x_wconf 86' lang='lat' dir='ltr'>quod</span> <span class='ocrx_word' id='word_1_19' title='bbox 1264 365 1314 424; x_wconf 23' lang='lat' dir='ltr'>„e</span> <span class='ocrx_word' id='word_1_20' title='bbox 1355 360 1577 424; x_wconf 86' lang='lat' dir='ltr'><strong>septem</strong></span> <span class='ocrx_word' id='word_1_21' title='bbox 1622 333 1933 426; x_wconf 72' lang='lat' dir='ltr'>sideribus,</span> 
     </span>
     <span class='ocr_line' id='line_1_6' title="bbox 0 432 1934 519; baseline -0.007 -18"><span class='ocrx_word' id='word_1_22' title='bbox 0 487 1 502; x_wconf 38' lang='lat'>1</span> <span class='ocrx_word' id='word_1_23' title='bbox 84 441 218 519; x_wconf 84' lang='lat' dir='ltr'>quis</span> <span class='ocrx_word' id='word_1_24' title='bbox 248 439 525 496; x_wconf 79' lang='lat' dir='ltr'><strong>mortales</strong></span> <span class='ocrx_word' id='word_1_25' title='bbox 555 445 867 508; x_wconf 80' lang='lat' dir='ltr'>reguntur,</span> <span class='ocrx_word' id='word_1_26' title='bbox 908 433 1195 491; x_wconf 83' lang='lat' dir='ltr'>altissimo</span> <span class='ocrx_word' id='word_1_27' title='bbox 1225 432 1370 488; x_wconf 84' lang='lat' dir='ltr'>orbe</span> <span class='ocrx_word' id='word_1_28' title='bbox 1399 445 1454 491; x_wconf 89' lang='lat' dir='ltr'>et</span> <span class='ocrx_word' id='word_1_29' title='bbox 1480 436 1803 512; x_wconf 83' lang='lat' dir='ltr'>praecipua</span> <span class='ocrx_word' id='word_1_30' title='bbox 1823 461 1934 516; x_wconf 79' lang='lat' dir='ltr'>po-</span> 
     </span>
    </p>
   </div>
   <div class='ocr_carea' id='block_1_5' title="bbox 0 520 1004 584">
    <p class='ocr_par' dir='ltr' id='par_1_5' title="bbox 0 520 1004 584">
     <span class='ocr_line' id='line_1_7' title="bbox 0 520 1004 584; baseline -0.01 0"><span class='ocrx_word' id='word_1_31' title='bbox 0 529 1 548; x_wconf 60' lang='lat'>³</span> <span class='ocrx_word' id='word_1_32' title='bbox 84 524 464 584; x_wconf 86' lang='lat' dir='ltr'>tentiastella</span> <span class='ocrx_word' id='word_1_33' title='bbox 489 520 732 580; x_wconf 75' lang='lat' dir='ltr'><strong>Saturni</strong></span> <span class='ocrx_word' id='word_1_34' title='bbox 752 520 1004 576; x_wconf 80' lang='lat' dir='ltr'>feratur:</span> 
     </span>
    </p>
   </div>
   <div class='ocr_carea' id='block_1_6' title="bbox 1048 517 1934 594">
    <p class='ocr_par' dir='ltr' id='par_1_6' title="bbox 1048 517 1934 594">
     <span class='ocr_line' id='line_1_8' title="bbox 1048 517 1934 594; baseline 0.009 -19"><span class='ocrx_word' id='word_1_35' title='bbox 1048 538 1115 575; x_wconf 92' lang='lat' dir='ltr'>ac</span> <span class='ocrx_word' id='word_1_36' title='bbox 1137 517 1418 594; x_wconf 78' lang='lat' dir='ltr'>pleraque</span> <span class='ocrx_word' id='word_1_37' title='bbox 1444 520 1780 580; x_wconf 87' lang='lat' dir='ltr'>coelestium</span> <span class='ocrx_word' id='word_1_38' title='bbox 1807 526 1934 583; x_wconf 90' lang='lat' dir='ltr'>vim</span> 
     </span>
    </p>
   </div>
   <div class='ocr_carea' id='block_1_7' title="bbox 84 604 1936 767">
    <p class='ocr_par' dir='ltr' id='par_1_7' title="bbox 84 604 1936 767">
     <span class='ocr_line' id='line_1_9' title="bbox 84 604 1761 680; baseline -0.002 -13"><span class='ocrx_word' id='word_1_39' title='bbox 84 630 251 669; x_wconf 86' lang='lat' dir='ltr'>suam</span> <span class='ocrx_word' id='word_1_40' title='bbox 277 620 333 666; x_wconf 90' lang='lat' dir='ltr'>et</span> <span class='ocrx_word' id='word_1_41' title='bbox 356 626 594 666; x_wconf 84' lang='lat' dir='ltr'>cursum</span> <span class='ocrx_word' id='word_1_42' title='bbox 618 604 893 680; x_wconf 87' lang='lat' dir='ltr'>septimos</span> <span class='ocrx_word' id='word_1_43' title='bbox 918 624 1024 679; x_wconf 88' lang='lat' dir='ltr'>per</span> <span class='ocrx_word' id='word_1_44' title='bbox 1048 621 1326 660; x_wconf 84' lang='lat' dir='ltr'>numeros</span> <span class='ocrx_word' id='word_1_45' title='bbox 1349 619 1761 668; x_wconf 83' lang='lat' dir='ltr'>commearent.</span> 
     </span>
     <span class='ocr_line' id='line_1_10' title="bbox 251 683 1936 767; baseline 0.002 -18"><span class='ocrx_word' id='word_1_46' title='bbox 251 693 327 754; x_wconf 89' lang='lat' dir='ltr'>V.</span> <span class='ocrx_word' id='word_1_47' title='bbox 410 691 494 749; x_wconf 90' lang='lat' dir='ltr'>Hi</span> <span class='ocrx_word' id='word_1_48' title='bbox 517 692 667 748; x_wconf 84' lang='lat' dir='ltr'>ritus</span> <span class='ocrx_word' id='word_1_49' title='bbox 691 710 932 767; x_wconf 88' lang='lat' dir='ltr'>quoquo</span> <span class='ocrx_word' id='word_1_50' title='bbox 965 690 1144 746; x_wconf 83' lang='lat' dir='ltr'>modo</span> <span class='ocrx_word' id='word_1_51' title='bbox 1181 683 1410 747; x_wconf 75' lang='lat' dir='ltr'>inducti</span> <span class='ocrx_word' id='word_1_52' title='bbox 1446 690 1794 767; x_wconf 78' lang='lat' dir='ltr'>antiquitate</span> <span class='ocrx_word' id='word_1_53' title='bbox 1831 697 1936 752; x_wconf 90' lang='lat' dir='ltr'>de-</span> 
     </span>
    </p>
   </div>
   <div class='ocr_carea' id='block_1_8' title="bbox 82 781 427 839">
    <p class='ocr_par' dir='ltr' id='par_1_8' title="bbox 82 781 427 839">
     <span class='ocr_line' id='line_1_11' title="bbox 82 781 427 839; baseline 0.006 -2"><span class='ocrx_word' id='word_1_54' title='bbox 82 781 427 839; x_wconf 83' lang='lat' dir='ltr'>fenduntur.</span> 
     </span>
    </p>
   </div>
   <div class='ocr_carea' id='block_1_9' title="bbox 512 774 1933 850">
    <p class='ocr_par' dir='ltr' id='par_1_9' title="bbox 512 774 1933 850">
     <span class='ocr_line' id='line_1_12' title="bbox 512 774 1933 850; baseline 0.004 -17"><span class='ocrx_word' id='word_1_55' title='bbox 512 788 697 834; x_wconf 86' lang='lat' dir='ltr'>cetera</span> <span class='ocrx_word' id='word_1_56' title='bbox 724 775 990 832; x_wconf 87' lang='lat' dir='ltr'>instituta</span> <span class='ocrx_word' id='word_1_57' title='bbox 1027 774 1262 832; x_wconf 82' lang='lat' dir='ltr'>sinistra</span> <span class='ocrx_word' id='word_1_58' title='bbox 1295 774 1469 834; x_wconf 83' lang='lat' dir='ltr'>foeda</span> <span class='ocrx_word' id='word_1_59' title='bbox 1506 777 1792 850; x_wconf 81' lang='lat' dir='ltr'>pravitate</span> <span class='ocrx_word' id='word_1_60' title='bbox 1826 801 1933 838; x_wconf 81' lang='lat' dir='ltr'>va-</span> 
     </span>
    </p>
   </div>
   <div class='ocr_carea' id='block_1_10' title="bbox 31 860 1937 1027">
    <p class='ocr_par' dir='ltr' id='par_1_10' title="bbox 31 860 1937 1027">
     <span class='ocr_line' id='line_1_13' title="bbox 84 860 1937 938; baseline 0.001 -16"><span class='ocrx_word' id='word_1_61' title='bbox 84 867 266 924; x_wconf 88' lang='lat' dir='ltr'>luere.</span> <span class='ocrx_word' id='word_1_62' title='bbox 330 884 468 920; x_wconf 89' lang='lat' dir='ltr'>nam</span> <span class='ocrx_word' id='word_1_63' title='bbox 494 862 781 938; x_wconf 90' lang='lat' dir='ltr'>pessimus</span> <span class='ocrx_word' id='word_1_64' title='bbox 815 861 1061 936; x_wconf 87' lang='lat' dir='ltr'>quisque</span> <span class='ocrx_word' id='word_1_65' title='bbox 1086 860 1295 936; x_wconf 87' lang='lat' dir='ltr'>spretis</span> <span class='ocrx_word' id='word_1_66' title='bbox 1316 860 1704 934; x_wconf 80' lang='lat' dir='ltr'>religionibus</span> <span class='ocrx_word' id='word_1_67' title='bbox 1726 865 1937 938; x_wconf 79' lang='lat' dir='ltr'>patriis¹</span> 
     </span>
     <span class='ocr_line' id='line_1_14' title="bbox 31 944 1936 1027; baseline 0 -19"><span class='ocrx_word' id='word_1_68' title='bbox 31 987 35 991; x_wconf 95' lang='lat'>-</span> <span class='ocrx_word' id='word_1_69' title='bbox 84 951 303 1008; x_wconf 80' lang='lat' dir='ltr'>tributa</span> <span class='ocrx_word' id='word_1_70' title='bbox 333 960 390 1006; x_wconf 85' lang='lat' dir='ltr'>et</span> <span class='ocrx_word' id='word_1_71' title='bbox 426 949 604 1023; x_wconf 89' lang='lat' dir='ltr'>stipes</span> <span class='ocrx_word' id='word_1_72' title='bbox 638 947 782 1003; x_wconf 90' lang='lat' dir='ltr'>illuc</span> <span class='ocrx_word' id='word_1_73' title='bbox 807 946 1112 1019; x_wconf 81' lang='lat' dir='ltr'>gerebant:</span> <span class='ocrx_word' id='word_1_74' title='bbox 1156 947 1317 1003; x_wconf 90' lang='lat' dir='ltr'>unde</span> <span class='ocrx_word' id='word_1_75' title='bbox 1351 957 1559 1027; x_wconf 74' lang='lat' dir='ltr'>auctae</span> <span class='ocrx_word' id='word_1_76' title='bbox 1581 944 1936 1008; x_wconf 87' lang='lat' dir='ltr'>Iudaeorum</span> 
     </span>
    </p>
   </div>
   <div class='ocr_carea' id='block_1_11' title="bbox 78 1190 977 2680">
    <p class='ocr_par' dir='ltr' id='par_1_11' title="bbox 82 1190 976 1640">
     <span class='ocr_line' id='line_1_15' title="bbox 86 1190 974 1306; baseline -0.01 -11"><span class='ocrx_word' id='word_1_77' title='bbox 86 1190 665 1306; x_wconf 42' lang='lat' dir='ltr'>Rheensaextextlzdezscfleglb-t-tf.</span> <span class='ocrx_word' id='word_1_78' title='bbox 705 1249 763 1288; x_wconf 86' lang='lat' dir='ltr'>de</span> <span class='ocrx_word' id='word_1_79' title='bbox 796 1252 974 1299; x_wconf 83' lang='lat' dir='ltr'>septem</span> 
     </span>
     <span class='ocr_line' id='line_1_16' title="bbox 82 1302 974 1353; baseline -0.011 0"><span class='ocrx_word' id='word_1_80' title='bbox 82 1311 168 1353; x_wconf 72' lang='lat' dir='ltr'>sid.</span> <span class='ocrx_word' id='word_1_81' title='bbox 198 1307 334 1350; x_wconf 89' lang='lat' dir='ltr'>MSS.</span> <span class='ocrx_word' id='word_1_82' title='bbox 369 1304 525 1350; x_wconf 76' lang='lat' dir='ltr'>Guelf.</span> <span class='ocrx_word' id='word_1_83' title='bbox 557 1304 674 1347; x_wconf 89' lang='lat' dir='ltr'>Bud.</span> <span class='ocrx_word' id='word_1_84' title='bbox 717 1302 822 1346; x_wconf 81' lang='lat' dir='ltr'>edd.</span> <span class='ocrx_word' id='word_1_85' title='bbox 872 1309 974 1344; x_wconf 88' lang='lat' dir='ltr'>ante</span> 
     </span>
     <span class='ocr_line' id='line_1_17' title="bbox 84 1358 972 1416; baseline -0.01 -7"><span class='ocrx_word' id='word_1_86' title='bbox 84 1366 367 1416; x_wconf 75' lang='lat' dir='ltr'>Rhenanam,</span> <span class='ocrx_word' id='word_1_87' title='bbox 394 1379 487 1406; x_wconf 87' lang='lat' dir='ltr'>non</span> <span class='ocrx_word' id='word_1_88' title='bbox 511 1363 718 1407; x_wconf 84' lang='lat' dir='ltr'>absurde.</span> <span class='ocrx_word' id='word_1_89' title='bbox 778 1359 837 1403; x_wconf 83' lang='lat' dir='ltr'>cf.</span> <span class='ocrx_word' id='word_1_90' title='bbox 854 1358 972 1402; x_wconf 89' lang='lat' dir='ltr'>Cor-</span> 
     </span>
     <span class='ocr_line' id='line_1_18' title="bbox 86 1419 974 1480; baseline -0.011 -13"><span class='ocrx_word' id='word_1_91' title='bbox 86 1419 298 1480; x_wconf 84' lang='lat' dir='ltr'>nel.Nep.</span> <span class='ocrx_word' id='word_1_92' title='bbox 321 1423 362 1472; x_wconf 78' lang='lat'>2,</span> <span class='ocrx_word' id='word_1_93' title='bbox 375 1420 419 1464; x_wconf 84' lang='lat'>4.</span> <span class='ocrx_word' id='word_1_94' title='bbox 444 1424 501 1462; x_wconf 85' lang='lat' dir='ltr'>de</span> <span class='ocrx_word' id='word_1_95' title='bbox 522 1420 669 1462; x_wconf 81' lang='lat' dir='ltr'>servis</span> <span class='ocrx_word' id='word_1_96' title='bbox 693 1419 802 1469; x_wconf 83' lang='lat' dir='ltr'>suis,</span> <span class='ocrx_word' id='word_1_97' title='bbox 834 1432 974 1473; x_wconf 81' lang='lat' dir='ltr'>quem</span> 
     </span>
     <span class='ocr_line' id='line_1_19' title="bbox 83 1474 974 1535; baseline -0.01 -11"><span class='ocrx_word' id='word_1_98' title='bbox 83 1481 250 1524; x_wconf 71' lang='lat' dir='ltr'>habuit</span> <span class='ocrx_word' id='word_1_99' title='bbox 261 1480 615 1535; x_wconf 79' lang='lat' dir='ltr'>fidelissimum.</span> <span class='ocrx_word' id='word_1_100' title='bbox 676 1476 770 1520; x_wconf 90' lang='lat' dir='ltr'>Cic.</span> <span class='ocrx_word' id='word_1_101' title='bbox 794 1475 848 1517; x_wconf 91' lang='lat' dir='ltr'>de</span> <span class='ocrx_word' id='word_1_102' title='bbox 875 1474 974 1517; x_wconf 92' lang='lat' dir='ltr'>Fin.</span> 
     </span>
     <span class='ocr_line' id='line_1_20' title="bbox 82 1531 976 1592; baseline -0.008 -11"><span class='ocrx_word' id='word_1_103' title='bbox 82 1539 124 1590; x_wconf 76' lang='grc' dir='ltr'>Ξ,</span> <span class='ocrx_word' id='word_1_104' title='bbox 146 1540 218 1581; x_wconf 75' lang='grc'>20.</span> <span class='ocrx_word' id='word_1_105' title='bbox 244 1551 450 1592; x_wconf 81' lang='lat' dir='ltr'>unusque</span> <span class='ocrx_word' id='word_1_106' title='bbox 472 1539 530 1577; x_wconf 86' lang='lat' dir='ltr'>de</span> <span class='ocrx_word' id='word_1_107' title='bbox 557 1535 731 1576; x_wconf 61' lang='lat' dir='ltr'>multis.</span> <span class='ocrx_word' id='word_1_108' title='bbox 789 1532 860 1575; x_wconf 87' lang='lat' dir='ltr'>De</span> <span class='ocrx_word' id='word_1_109' title='bbox 881 1531 976 1575; x_wconf 83' lang='lat' dir='ltr'>aliis</span> 
     </span>
     <span class='ocr_line' id='line_1_21' title="bbox 83 1592 562 1640; baseline -0.01 0"><span class='ocrx_word' id='word_1_110' title='bbox 83 1595 210 1640; x_wconf 86' lang='lat' dir='ltr'>libris</span> <span class='ocrx_word' id='word_1_111' title='bbox 231 1592 458 1637; x_wconf 80' lang='lat' dir='ltr'>silentium</span> <span class='ocrx_word' id='word_1_112' title='bbox 485 1601 562 1635; x_wconf 87' lang='lat' dir='ltr'>est.</span> 
     </span>
    </p>

    <p class='ocr_par' dir='ltr' id='par_1_12' title="bbox 83 1646 976 1994">
     <span class='ocr_line' id='line_1_22' title="bbox 137 1646 976 1707; baseline -0.005 -13"><span class='ocrx_word' id='word_1_113' title='bbox 137 1655 379 1707; x_wconf 78' lang='lat' dir='ltr'>pleraque.</span> <span class='ocrx_word' id='word_1_114' title='bbox 449 1649 526 1692; x_wconf 86' lang='lat' dir='ltr'>Sic</span> <span class='ocrx_word' id='word_1_115' title='bbox 547 1647 684 1691; x_wconf 89' lang='lat' dir='ltr'><strong>MSS.</strong></span> <span class='ocrx_word' id='word_1_116' title='bbox 706 1646 833 1690; x_wconf 89' lang='lat' dir='ltr'>Flor.</span> <span class='ocrx_word' id='word_1_117' title='bbox 856 1646 976 1700; x_wconf 87' lang='lat' dir='ltr'>(test.</span> 
     </span>
     <span class='ocr_line' id='line_1_23' title="bbox 83 1703 976 1765; baseline -0.01 -11"><span class='ocrx_word' id='word_1_118' title='bbox 83 1710 226 1765; x_wconf 83' lang='lat' dir='ltr'>Viet.)</span> <span class='ocrx_word' id='word_1_119' title='bbox 256 1707 395 1753; x_wconf 88' lang='lat' dir='ltr'>Corb.</span> <span class='ocrx_word' id='word_1_120' title='bbox 427 1705 545 1750; x_wconf 82' lang='lat' dir='ltr'>Bud.</span> <span class='ocrx_word' id='word_1_121' title='bbox 577 1705 676 1748; x_wconf 91' lang='lat' dir='ltr'>edd.</span> <span class='ocrx_word' id='word_1_122' title='bbox 705 1705 735 1747; x_wconf 89' lang='lat' dir='ltr'>S</span> <span class='ocrx_word' id='word_1_123' title='bbox 772 1705 824 1747; x_wconf 90' lang='lat' dir='ltr'>ir.</span> <span class='ocrx_word' id='word_1_124' title='bbox 850 1703 976 1746; x_wconf 86' lang='lat' dir='ltr'>Rhe-</span> 
     </span>
     <span class='ocr_line' id='line_1_24' title="bbox 83 1758 974 1869; baseline -0.009 -1"><span class='ocrx_word' id='word_1_125' title='bbox 83 1783 190 1869; x_wconf 56' lang='lat'>3225</span> <span class='ocrx_word' id='word_1_126' title='bbox 209 1781 385 1866; x_wconf 55' lang='lat' dir='ltr'>“fita-1:</span> <span class='ocrx_word' id='word_1_127' title='bbox 404 1758 974 1864; x_wconf 46' lang='lat' dir='ltr'>&amp;ffrfflfeffltffasssseff&#39;</span> 
     </span>
     <span class='ocr_line' id='line_1_25' title="bbox 83 1834 975 1936; baseline -0.009 -9"><span class='ocrx_word' id='word_1_128' title='bbox 83 1883 139 1927; x_wconf 85' lang='lat' dir='ltr'>ad</span> <span class='ocrx_word' id='word_1_129' title='bbox 162 1856 447 1932; x_wconf 42' lang='lat' dir='ltr'>⁴R‘henanum.</span> <span class='ocrx_word' id='word_1_130' title='bbox 508 1879 563 1922; x_wconf 90' lang='lat' dir='ltr'>In</span> <span class='ocrx_word' id='word_1_131' title='bbox 587 1893 727 1936; x_wconf 84' lang='lat' dir='ltr'>marg.</span> <span class='ocrx_word' id='word_1_132' title='bbox 752 1852 876 1921; x_wconf 70' lang='lat' dir='ltr'>Harl.</span> <span class='ocrx_word' id='word_1_133' title='bbox 898 1834 975 1920; x_wconf 56' lang='grc' dir='ltr'>(ἓξὲ-</span> 
     </span>
     <span class='ocr_line' id='line_1_26' title="bbox 84 1940 473 1994; baseline -0.013 -9"><span class='ocrx_word' id='word_1_134' title='bbox 84 1940 205 1985; x_wconf 86' lang='lat' dir='ltr'>ditur</span> <span class='ocrx_word' id='word_1_135' title='bbox 227 1940 473 1994; x_wconf 84' lang='lat' dir='ltr'>pleraque.</span> 
     </span>
    </p>

    <p class='ocr_par' dir='ltr' id='par_1_13' title="bbox 81 1998 977 2387">
     <span class='ocr_line' id='line_1_27' title="bbox 138 1998 977 2046; baseline -0.007 -7"><span class='ocrx_word' id='word_1_136' title='bbox 138 1998 234 2039; x_wconf 85' lang='lat' dir='ltr'>vim</span> <span class='ocrx_word' id='word_1_137' title='bbox 267 2010 406 2039; x_wconf 81' lang='lat' dir='ltr'>suam</span> <span class='ocrx_word' id='word_1_138' title='bbox 446 2001 491 2037; x_wconf 81' lang='lat' dir='ltr'>et</span> <span class='ocrx_word' id='word_1_139' title='bbox 536 2007 728 2036; x_wconf 81' lang='lat' dir='ltr'>cursum</span> <span class='ocrx_word' id='word_1_140' title='bbox 771 2005 808 2034; x_wconf 88' lang='lat' dir='ltr'>s.</span> <span class='ocrx_word' id='word_1_141' title='bbox 841 2007 888 2046; x_wconf 84' lang='lat' dir='ltr'>p.</span> <span class='ocrx_word' id='word_1_142' title='bbox 927 2005 977 2033; x_wconf 87' lang='lat' dir='ltr'>n.</span> 
     </span>
     <span class='ocr_line' id='line_1_28' title="bbox 83 2048 974 2102; baseline -0.008 -4"><span class='ocrx_word' id='word_1_143' title='bbox 83 2060 419 2098; x_wconf 74' lang='lat' dir='ltr'>commearent.</span> <span class='ocrx_word' id='word_1_144' title='bbox 478 2050 555 2094; x_wconf 91' lang='lat' dir='ltr'>Sic</span> <span class='ocrx_word' id='word_1_145' title='bbox 565 2050 702 2093; x_wconf 88' lang='lat' dir='ltr'><strong>MSS.</strong></span> <span class='ocrx_word' id='word_1_146' title='bbox 716 2048 838 2093; x_wconf 86' lang='lat' dir='ltr'>Flor.</span> <span class='ocrx_word' id='word_1_147' title='bbox 858 2050 974 2102; x_wconf 83' lang='lat' dir='ltr'>(test.</span> 
     </span>
     <span class='ocr_line' id='line_1_29' title="bbox 85 2107 975 2168; baseline -0.011 -12"><span class='ocrx_word' id='word_1_148' title='bbox 85 2112 204 2156; x_wconf 83' lang='lat' dir='ltr'>Viet.</span> <span class='ocrx_word' id='word_1_149' title='bbox 226 2127 331 2155; x_wconf 88' lang='lat' dir='ltr'>cum</span> <span class='ocrx_word' id='word_1_150' title='bbox 357 2108 548 2168; x_wconf 81' lang='lat' dir='ltr'>Ryckio)</span> <span class='ocrx_word' id='word_1_151' title='bbox 574 2116 615 2150; x_wconf 84' lang='lat' dir='ltr'>et</span> <span class='ocrx_word' id='word_1_152' title='bbox 628 2107 813 2150; x_wconf 89' lang='lat' dir='ltr'>Bud.-</span> <span class='ocrx_word' id='word_1_153' title='bbox 853 2121 975 2148; x_wconf 87' lang='lat' dir='ltr'>com-</span> 
     </span>
     <span class='ocr_line' id='line_1_30' title="bbox 83 2161 973 2212; baseline -0.009 0"><span class='ocrx_word' id='word_1_154' title='bbox 83 2183 244 2212; x_wconf 74' lang='lat' dir='ltr'>meare</span> <span class='ocrx_word' id='word_1_155' title='bbox 270 2167 404 2211; x_wconf 87' lang='lat' dir='ltr'>MSS.</span> <span class='ocrx_word' id='word_1_156' title='bbox 433 2165 586 2209; x_wconf 85' lang='lat' dir='ltr'>Guelf.</span> <span class='ocrx_word' id='word_1_157' title='bbox 607 2161 973 2208; x_wconf 80' lang='lat' dir='ltr'>HarLBodLIes.</span> 
     </span>
     <span class='ocr_line' id='line_1_31' title="bbox 81 2219 975 2282; baseline -0.01 -12"><span class='ocrx_word' id='word_1_158' title='bbox 81 2227 185 2270; x_wconf 92' lang='lat' dir='ltr'>edd.</span> <span class='ocrx_word' id='word_1_159' title='bbox 211 2225 384 2268; x_wconf 87' lang='lat' dir='ltr'>Puteol.</span> <span class='ocrx_word' id='word_1_160' title='bbox 411 2238 510 2282; x_wconf 88' lang='lat' dir='ltr'>sqq.</span> <span class='ocrx_word' id='word_1_161' title='bbox 534 2223 590 2266; x_wconf 88' lang='lat' dir='ltr'>ad</span> <span class='ocrx_word' id='word_1_162' title='bbox 603 2220 817 2279; x_wconf 83' lang='lat' dir='ltr'>Lipsium.</span> <span class='ocrx_word' id='word_1_163' title='bbox 860 2219 975 2262; x_wconf 83' lang='lat' dir='ltr'>Rhe-</span> 
     </span>
     <span class='ocr_line' id='line_1_32' title="bbox 84 2283 973 2340; baseline -0.009 -14"><span class='ocrx_word' id='word_1_164' title='bbox 84 2299 227 2326; x_wconf 89' lang='lat' dir='ltr'>nanus</span> <span class='ocrx_word' id='word_1_165' title='bbox 265 2297 350 2340; x_wconf 89' lang='lat' dir='ltr'>pro</span> <span class='ocrx_word' id='word_1_166' title='bbox 395 2283 488 2323; x_wconf 85' lang='lat' dir='ltr'>vim</span> <span class='ocrx_word' id='word_1_167' title='bbox 528 2295 667 2323; x_wconf 83' lang='lat' dir='ltr'>suam</span> <span class='ocrx_word' id='word_1_168' title='bbox 706 2285 752 2320; x_wconf 84' lang='lat' dir='ltr'>et</span> <span class='ocrx_word' id='word_1_169' title='bbox 786 2291 973 2320; x_wconf 62' lang='lat' dir='ltr'>cursum</span> 
     </span>
     <span class='ocr_line' id='line_1_33' title="bbox 90 2334 974 2387; baseline -0.007 -4"><span class='ocrx_word' id='word_1_170' title='bbox 90 2340 234 2383; x_wconf 64' lang='lat' dir='ltr'>‘osuit</span> <span class='ocrx_word' id='word_1_171' title='bbox 258 2341 308 2381; x_wconf 85' lang='lat' dir='ltr'>vi</span> <span class='ocrx_word' id='word_1_172' title='bbox 333 2353 426 2381; x_wconf 81' lang='lat' dir='ltr'>sua</span> <span class='ocrx_word' id='word_1_173' title='bbox 457 2345 501 2380; x_wconf 83' lang='lat' dir='ltr'>et</span> <span class='ocrx_word' id='word_1_174' title='bbox 535 2351 694 2387; x_wconf 81' lang='lat' dir='ltr'>cursu,</span> <span class='ocrx_word' id='word_1_175' title='bbox 731 2351 787 2378; x_wconf 88' lang='lat' dir='ltr'>an</span> <span class='ocrx_word' id='word_1_176' title='bbox 820 2351 844 2378; x_wconf 91' lang='lat' dir='ltr'>e</span> <span class='ocrx_word' id='word_1_177' title='bbox 873 2334 974 2378; x_wconf 91' lang='lat' dir='ltr'>MS.</span> 
     </span>
    </p>

    <p class='ocr_par' dir='ltr' id='par_1_14' title="bbox 78 2391 973 2680">
     <span class='ocr_line' id='line_1_34' title="bbox 125 2391 973 2440; baseline -0.008 0"><span class='ocrx_word' id='word_1_178' title='bbox 125 2397 204 2440; x_wconf 88' lang='lat' dir='ltr'>ud.</span> <span class='ocrx_word' id='word_1_179' title='bbox 276 2398 289 2439; x_wconf 90' lang='lat' dir='ltr'>i</span> <span class='ocrx_word' id='word_1_180' title='bbox 324 2401 370 2439; x_wconf 83' lang='lat' dir='ltr'>s&#39;e</span> <span class='ocrx_word' id='word_1_181' title='bbox 440 2402 483 2438; x_wconf 87' lang='lat' dir='ltr'>et</span> <span class='ocrx_word' id='word_1_182' title='bbox 547 2393 792 2437; x_wconf 81' lang='lat' dir='ltr'>Oberlinus</span> <span class='ocrx_word' id='word_1_183' title='bbox 861 2391 973 2434; x_wconf 84' lang='lat' dir='ltr'>reti-</span> 
     </span>
     <span class='ocr_line' id='line_1_35' title="bbox 85 2413 973 2511; baseline -0.009 -13"><span class='ocrx_word' id='word_1_184' title='bbox 85 2461 200 2499; x_wconf 82' lang='lat' dir='ltr'>cent.</span> <span class='ocrx_word' id='word_1_185' title='bbox 288 2413 438 2511; x_wconf 46' lang='lat' dir='ltr'>{lipsio</span> <span class='ocrx_word' id='word_1_186' title='bbox 483 2460 668 2495; x_wconf 87' lang='lat' dir='ltr'>auctore</span> <span class='ocrx_word' id='word_1_187' title='bbox 699 2449 832 2492; x_wconf 82' lang='lat' dir='ltr'>hodie</span> <span class='ocrx_word' id='word_1_188' title='bbox 866 2448 973 2494; x_wconf 79' lang='lat' dir='ltr'>vul-</span> 
     </span>
     <span class='ocr_line' id='line_1_36' title="bbox 83 2512 973 2571; baseline -0.008 -16"><span class='ocrx_word' id='word_1_189' title='bbox 83 2520 240 2571; x_wconf 80' lang='lat' dir='ltr'>gatur:</span> <span class='ocrx_word' id='word_1_190' title='bbox 328 2512 422 2553; x_wconf 78' lang='lat' dir='ltr'>vim</span> <span class='ocrx_word' id='word_1_191' title='bbox 478 2525 615 2552; x_wconf 80' lang='lat' dir='ltr'>suam</span> <span class='ocrx_word' id='word_1_192' title='bbox 678 2515 724 2550; x_wconf 85' lang='lat' dir='ltr'>et</span> <span class='ocrx_word' id='word_1_193' title='bbox 786 2521 973 2549; x_wconf 79' lang='lat' dir='ltr'>cursum</span> 
     </span>
     <span class='ocr_line' id='line_1_37' title="bbox 78 2563 972 2625; baseline -0.01 -11"><span class='ocrx_word' id='word_1_194' title='bbox 78 2586 128 2625; x_wconf 83' lang='lat' dir='ltr'>p.</span> <span class='ocrx_word' id='word_1_195' title='bbox 170 2584 208 2614; x_wconf 91' lang='lat' dir='ltr'>s.</span> <span class='ocrx_word' id='word_1_196' title='bbox 247 2584 298 2612; x_wconf 87' lang='lat' dir='ltr'>n.</span> <span class='ocrx_word' id='word_1_197' title='bbox 338 2567 601 2624; x_wconf 81' lang='lat' dir='ltr'>conficiant.</span> <span class='ocrx_word' id='word_1_198' title='bbox 703 2564 817 2608; x_wconf 89' lang='lat' dir='ltr'>Nam</span> <span class='ocrx_word' id='word_1_199' title='bbox 867 2563 972 2606; x_wconf 68' lang='lat' dir='ltr'>MS.</span> 
     </span>
     <span class='ocr_line' id='line_1_38' title="bbox 85 2621 973 2680; baseline -0.01 -9"><span class='ocrx_word' id='word_1_200' title='bbox 85 2627 230 2671; x_wconf 87' lang='lat' dir='ltr'>Vatic.</span> <span class='ocrx_word' id='word_1_201' title='bbox 283 2624 410 2670; x_wconf 74' lang='lat'>1863.</span> <span class='ocrx_word' id='word_1_202' title='bbox 457 2632 499 2668; x_wconf 87' lang='lat' dir='ltr'>et</span> <span class='ocrx_word' id='word_1_203' title='bbox 540 2623 610 2667; x_wconf 88' lang='lat' dir='ltr'>ed.</span> <span class='ocrx_word' id='word_1_204' title='bbox 654 2622 773 2680; x_wconf 85' lang='lat' dir='ltr'>Spir.</span> <span class='ocrx_word' id='word_1_205' title='bbox 820 2621 973 2668; x_wconf 80' lang='lat' dir='ltr'>ferunt</span> 
     </span>
    </p>
   </div>
   <div class='ocr_carea' id='block_1_12' title="bbox 2 2680 976 2736">
    <p class='ocr_par' dir='ltr' id='par_1_15' title="bbox 2 2680 976 2736">
     <span class='ocr_line' id='line_1_39' title="bbox 2 2680 976 2736; baseline -0.006 -10"><span class='ocrx_word' id='word_1_206' title='bbox 2 2723 5 2726; x_wconf 91' lang='lat'>.</span> <span class='ocrx_word' id='word_1_207' title='bbox 82 2685 315 2728; x_wconf 83' lang='lat' dir='ltr'>coniciant</span> <span class='ocrx_word' id='word_1_208' title='bbox 323 2702 340 2736; x_wconf 92' lang='lat'><em>;</em></span> <span class='ocrx_word' id='word_1_209' title='bbox 393 2680 493 2726; x_wconf 90' lang='lat' dir='ltr'>MS.</span> <span class='ocrx_word' id='word_1_210' title='bbox 526 2680 666 2725; x_wconf 85' lang='lat' dir='ltr'>Corb.</span> <span class='ocrx_word' id='word_1_211' title='bbox 699 2680 976 2730; x_wconf 51' lang='lat' dir='ltr'>comia&#39;anoe</span> 
     </span>
    </p>
   </div>
   <div class='ocr_carea' id='block_1_13' title="bbox 79 2736 976 3600">
    <p class='ocr_par' dir='ltr' id='par_1_16' title="bbox 79 2736 976 3600">
     <span class='ocr_line' id='line_1_40' title="bbox 82 2736 972 2799; baseline -0.009 -13"><span class='ocrx_word' id='word_1_212' title='bbox 82 2741 220 2786; x_wconf 89' lang='lat' dir='ltr'>MSS.</span> <span class='ocrx_word' id='word_1_213' title='bbox 245 2742 357 2799; x_wconf 85' lang='lat' dir='ltr'>Reg.</span> <span class='ocrx_word' id='word_1_214' title='bbox 383 2749 427 2784; x_wconf 84' lang='lat' dir='ltr'>et</span> <span class='ocrx_word' id='word_1_215' title='bbox 450 2739 561 2796; x_wconf 85' lang='lat' dir='ltr'>Agr.</span> <span class='ocrx_word' id='word_1_216' title='bbox 589 2739 862 2788; x_wconf 79' lang='lat' dir='ltr'>coniicz&#39;ant,</span> <span class='ocrx_word' id='word_1_217' title='bbox 907 2736 972 2779; x_wconf 83' lang='lat' dir='ltr'>uti</span> 
     </span>
     <span class='ocr_line' id='line_1_41' title="bbox 84 2794 970 2854; baseline -0.008 -12"><span class='ocrx_word' id='word_1_218' title='bbox 84 2806 128 2842; x_wconf 91' lang='lat' dir='ltr'>et</span> <span class='ocrx_word' id='word_1_219' title='bbox 161 2798 287 2843; x_wconf 86' lang='lat' dir='ltr'>Harl.</span> <span class='ocrx_word' id='word_1_220' title='bbox 331 2800 377 2841; x_wconf 89' lang='lat' dir='ltr'>in</span> <span class='ocrx_word' id='word_1_221' title='bbox 418 2796 637 2854; x_wconf 84' lang='lat' dir='ltr'>margine.</span> <span class='ocrx_word' id='word_1_222' title='bbox 726 2794 821 2837; x_wconf 91' lang='lat' dir='ltr'>Pro</span> <span class='ocrx_word' id='word_1_223' title='bbox 862 2808 970 2836; x_wconf 82' lang='lat' dir='ltr'>cur-</span> 
     </span>
     <span class='ocr_line' id='line_1_42' title="bbox 83 2852 970 2911; baseline -0.007 -12"><span class='ocrx_word' id='word_1_224' title='bbox 83 2871 190 2900; x_wconf 76' lang='lat' dir='ltr'>sum</span> <span class='ocrx_word' id='word_1_225' title='bbox 230 2856 278 2899; x_wconf 90' lang='lat' dir='ltr'>in</span> <span class='ocrx_word' id='word_1_226' title='bbox 319 2855 388 2898; x_wconf 91' lang='lat' dir='ltr'>ed.</span> <span class='ocrx_word' id='word_1_227' title='bbox 429 2852 548 2911; x_wconf 88' lang='lat' dir='ltr'>Spir.</span> <span class='ocrx_word' id='word_1_228' title='bbox 588 2852 753 2911; x_wconf 87' lang='lat' dir='ltr'>legitur</span> <span class='ocrx_word' id='word_1_229' title='bbox 791 2865 970 2894; x_wconf 79' lang='lat' dir='ltr'>cursus.</span> 
     </span>
     <span class='ocr_line' id='line_1_43' title="bbox 83 2910 971 2971; baseline -0.008 -14"><span class='ocrx_word' id='word_1_230' title='bbox 83 2913 312 2971; x_wconf 85' lang='lat' dir='ltr'>Bipontini</span> <span class='ocrx_word' id='word_1_231' title='bbox 338 2912 617 2956; x_wconf 80' lang='lat' dir='ltr'>coniectant=</span> <span class='ocrx_word' id='word_1_232' title='bbox 655 2927 711 2954; x_wconf 82' lang='lat' dir='ltr'>ac</span> <span class='ocrx_word' id='word_1_233' title='bbox 736 2910 971 2964; x_wconf 80' lang='lat' dir='ltr'>plerisque</span> 
     </span>
     <span class='ocr_line' id='line_1_44' title="bbox 84 2967 972 3022; baseline -0.006 -8"><span class='ocrx_word' id='word_1_234' title='bbox 84 2972 197 3016; x_wconf 86' lang='lat' dir='ltr'>coel.</span> <span class='ocrx_word' id='word_1_235' title='bbox 231 2974 323 3015; x_wconf 87' lang='lat' dir='ltr'>vim</span> <span class='ocrx_word' id='word_1_236' title='bbox 358 2983 497 3013; x_wconf 80' lang='lat' dir='ltr'>suam</span> <span class='ocrx_word' id='word_1_237' title='bbox 526 2982 716 3012; x_wconf 84' lang='lat' dir='ltr'>recursu</span> <span class='ocrx_word' id='word_1_238' title='bbox 748 2967 972 3022; x_wconf 82' lang='lat' dir='ltr'>septimos</span> 
     </span>
     <span class='ocr_line' id='line_1_45' title="bbox 79 3024 972 3082; baseline -0.006 -12"><span class='ocrx_word' id='word_1_239' title='bbox 79 3042 164 3082; x_wconf 85' lang='lat' dir='ltr'>per</span> <span class='ocrx_word' id='word_1_240' title='bbox 203 3041 429 3072; x_wconf 82' lang='lat' dir='ltr'>numeros</span> <span class='ocrx_word' id='word_1_241' title='bbox 462 3040 751 3074; x_wconf 82' lang='lat' dir='ltr'>commeare,</span> <span class='ocrx_word' id='word_1_242' title='bbox 793 3024 972 3067; x_wconf 88' lang='lat' dir='ltr'>nemine</span> 
     </span>
     <span class='ocr_line' id='line_1_46' title="bbox 85 3080 971 3144; baseline -0.007 -15"><span class='ocrx_word' id='word_1_243' title='bbox 85 3086 340 3144; x_wconf 85' lang='lat' dir='ltr'>plaudente.</span> <span class='ocrx_word' id='word_1_244' title='bbox 457 3082 596 3140; x_wconf 91' lang='lat' dir='ltr'>Quod</span> <span class='ocrx_word' id='word_1_245' title='bbox 661 3097 771 3128; x_wconf 90' lang='lat' dir='ltr'>vero</span> <span class='ocrx_word' id='word_1_246' title='bbox 832 3080 971 3139; x_wconf 87' lang='lat' dir='ltr'>Lipsii</span> 
     </span>
     <span class='ocr_line' id='line_1_47' title="bbox 85 3140 970 3186; baseline -0.006 0"><span class='ocrx_word' id='word_1_247' title='bbox 85 3143 451 3186; x_wconf 78' lang='lat' dir='ltr'>emendationem</span> <span class='ocrx_word' id='word_1_248' title='bbox 501 3140 704 3183; x_wconf 87' lang='lat' dir='ltr'>unanimi</span> <span class='ocrx_word' id='word_1_249' title='bbox 746 3154 970 3184; x_wconf 88' lang='lat' dir='ltr'>consensu</span> 
     </span>
     <span class='ocr_line' id='line_1_48' title="bbox 83 3197 968 3256; baseline -0.007 -12"><span class='ocrx_word' id='word_1_250' title='bbox 83 3199 356 3244; x_wconf 84' lang='lat' dir='ltr'>recentiores</span> <span class='ocrx_word' id='word_1_251' title='bbox 387 3197 749 3256; x_wconf 83' lang='lat' dir='ltr'>amplectuntur,</span> <span class='ocrx_word' id='word_1_252' title='bbox 778 3212 872 3240; x_wconf 89' lang='lat' dir='ltr'>non</span> <span class='ocrx_word' id='word_1_253' title='bbox 894 3211 968 3239; x_wconf 82' lang='lat' dir='ltr'>sa-</span> 
     </span>
     <span class='ocr_line' id='line_1_49' title="bbox 84 3254 974 3302; baseline -0.004 -2"><span class='ocrx_word' id='word_1_254' title='bbox 84 3257 141 3301; x_wconf 80' lang='lat' dir='ltr'>tis</span> <span class='ocrx_word' id='word_1_255' title='bbox 175 3266 298 3302; x_wconf 87' lang='lat' dir='ltr'>recte</span> <span class='ocrx_word' id='word_1_256' title='bbox 328 3256 519 3300; x_wconf 84' lang='lat' dir='ltr'>faciunt.</span> <span class='ocrx_word' id='word_1_257' title='bbox 593 3254 707 3298; x_wconf 87' lang='lat' dir='ltr'>Nam</span> <span class='ocrx_word' id='word_1_258' title='bbox 739 3269 846 3299; x_wconf 87' lang='lat' dir='ltr'>sana</span> <span class='ocrx_word' id='word_1_259' title='bbox 879 3267 974 3297; x_wconf 86' lang='lat' dir='ltr'>esse</span> 
     </span>
     <span class='ocr_line' id='line_1_50' title="bbox 82 3311 976 3373; baseline -0.006 -15"><span class='ocrx_word' id='word_1_260' title='bbox 82 3315 257 3373; x_wconf 87' lang='lat' dir='ltr'>nequit.</span> <span class='ocrx_word' id='word_1_261' title='bbox 327 3312 495 3356; x_wconf 84' lang='lat' dir='ltr'>Scribit</span> <span class='ocrx_word' id='word_1_262' title='bbox 524 3311 713 3356; x_wconf 84' lang='lat' dir='ltr'>Noster:</span> <span class='ocrx_word' id='word_1_263' title='bbox 757 3311 860 3355; x_wconf 81' lang='lat' dir='ltr'>Alii</span> <span class='ocrx_word' id='word_1_264' title='bbox 885 3313 976 3354; x_wconf 77' lang='lat' dir='ltr'>ho·-</span> 
     </span>
     <span class='ocr_line' id='line_1_51' title="bbox 83 3368 973 3418; baseline -0.004 -4"><span class='ocrx_word' id='word_1_265' title='bbox 83 3386 251 3415; x_wconf 84' lang='lat' dir='ltr'>norem</span> <span class='ocrx_word' id='word_1_266' title='bbox 267 3385 374 3415; x_wconf 85' lang='lat' dir='ltr'>eum</span> <span class='ocrx_word' id='word_1_267' title='bbox 385 3369 594 3412; x_wconf 78' lang='lat' dir='ltr'>Saturno</span> <span class='ocrx_word' id='word_1_268' title='bbox 608 3371 786 3418; x_wconf 78' lang='lat' dir='ltr'>haberi,</span> <span class='ocrx_word' id='word_1_269' title='bbox 810 3376 852 3412; x_wconf 85' lang='lat' dir='ltr'>et</span> <span class='ocrx_word' id='word_1_270' title='bbox 871 3368 973 3411; x_wconf 89' lang='lat' dir='ltr'>dein</span> 
     </span>
     <span class='ocr_line' id='line_1_52' title="bbox 86 3425 974 3488; baseline -0.005 -16"><span class='ocrx_word' id='word_1_271' title='bbox 86 3429 311 3488; x_wconf 87' lang='lat' dir='ltr'>duplicem</span> <span class='ocrx_word' id='word_1_272' title='bbox 351 3427 494 3471; x_wconf 83' lang='lat' dir='ltr'>adfert</span> <span class='ocrx_word' id='word_1_273' title='bbox 542 3443 655 3485; x_wconf 89' lang='lat' dir='ltr'>quae</span> <span class='ocrx_word' id='word_1_274' title='bbox 699 3443 792 3470; x_wconf 90' lang='lat' dir='ltr'>esse</span> <span class='ocrx_word' id='word_1_275' title='bbox 834 3425 974 3484; x_wconf 87' lang='lat' dir='ltr'>possit</span> 
     </span>
     <span class='ocr_line' id='line_1_53' title="bbox 86 3485 974 3532; baseline -0.007 -2"><span class='ocrx_word' id='word_1_276' title='bbox 86 3486 180 3532; x_wconf 83' lang='lat' dir='ltr'>eius</span> <span class='ocrx_word' id='word_1_277' title='bbox 202 3485 389 3530; x_wconf 69' lang='lat' dir='ltr'>honoris</span> <span class='ocrx_word' id='word_1_278' title='bbox 416 3485 636 3528; x_wconf 88' lang='lat' dir='ltr'>rationem</span> <span class='ocrx_word' id='word_1_279' title='bbox 654 3500 666 3528; x_wconf 74' lang='grc' dir='ltr'><strong><em>ε</em></strong></span> <span class='ocrx_word' id='word_1_280' title='bbox 696 3499 780 3528; x_wconf 82' lang='lat' dir='ltr'>seu</span> <span class='ocrx_word' id='word_1_281' title='bbox 800 3514 812 3527; x_wconf 91' lang='lat'>.</span> <span class='ocrx_word' id='word_1_282' title='bbox 830 3515 841 3526; x_wconf 92' lang='lat'>.</span> <span class='ocrx_word' id='word_1_283' title='bbox 856 3514 868 3526; x_wconf 93' lang='lat'>.</span> <span class='ocrx_word' id='word_1_284' title='bbox 892 3497 974 3526; x_wconf 86' lang='lat' dir='ltr'>seu</span> 
     </span>
     <span class='ocr_line' id='line_1_54' title="bbox 193 3542 971 3600; baseline -0.007 -13.701"><span class='ocrx_word' id='word_1_285' title='bbox 193 3544 403 3599; x_wconf 78' lang='lat' dir='ltr'>seratur.</span> <span class='ocrx_word' id='word_1_286' title='bbox 463 3542 556 3591; x_wconf 84' lang='lat' dir='ltr'>lam</span> <span class='ocrx_word' id='word_1_287' title='bbox 578 3557 681 3586; x_wconf 86' lang='lat' dir='ltr'>vero</span> <span class='ocrx_word' id='word_1_288' title='bbox 715 3555 883 3600; x_wconf 82' lang='lat' dir='ltr'>quaero</span> <span class='ocrx_word' id='word_1_289' title='bbox 914 3554 971 3582; x_wconf 86' lang='lat' dir='ltr'>an</span> 
     </span>
    </p>
   </div>
   <div class='ocr_carea' id='block_1_14' title="bbox 750 1185 973 1232">
    <p class='ocr_par' dir='ltr' id='par_1_17' title="bbox 750 1185 973 1232">
     <span class='ocr_line' id='line_1_55' title="bbox 750 1185 973 1232; baseline -0.013 0"><span class='ocrx_word' id='word_1_290' title='bbox 750 1187 830 1232; x_wconf 90' lang='lat' dir='ltr'>Sic</span> <span class='ocrx_word' id='word_1_291' title='bbox 869 1185 973 1230; x_wconf 86' lang='lat' dir='ltr'>edd.</span> 
     </span>
    </p>
   </div>
   <div class='ocr_carea' id='block_1_15' title="bbox 1046 1185 2016 1238">
    <p class='ocr_par' dir='ltr' id='par_1_18' title="bbox 1046 1185 2016 1238">
     <span class='ocr_line' id='line_1_56' title="bbox 1046 1185 2016 1238; baseline 0.003 -8"><span class='ocrx_word' id='word_1_292' title='bbox 1046 1185 1246 1230; x_wconf 79' lang='lat' dir='ltr'>eiusdem</span> <span class='ocrx_word' id='word_1_293' title='bbox 1272 1185 1460 1230; x_wconf 89' lang='lat' dir='ltr'>honoris</span> <span class='ocrx_word' id='word_1_294' title='bbox 1481 1185 1676 1238; x_wconf 79' lang='lat' dir='ltr'>Saturno</span> <span class='ocrx_word' id='word_1_295' title='bbox 1699 1186 1839 1233; x_wconf 82' lang='lat' dir='ltr'>habiti</span> <span class='ocrx_word' id='word_1_296' title='bbox 1863 1205 1936 1233; x_wconf 87' lang='lat' dir='ltr'>ra·</span> <span class='ocrx_word' id='word_1_297' title='bbox 2002 1197 2016 1201; x_wconf 86' lang='grc'><em>“</em></span> 
     </span>
    </p>
   </div>
   <div class='ocr_carea' id='block_1_16' title="bbox 1044 1242 1958 2564">
    <p class='ocr_par' dir='ltr' id='par_1_19' title="bbox 1044 1242 1958 2564">
     <span class='ocr_line' id='line_1_57' title="bbox 1045 1242 1939 1303; baseline 0.004 -17"><span class='ocrx_word' id='word_1_298' title='bbox 1045 1244 1108 1287; x_wconf 91' lang='lat' dir='ltr'>tio</span> <span class='ocrx_word' id='word_1_299' title='bbox 1135 1259 1227 1286; x_wconf 88' lang='lat' dir='ltr'>esse</span> <span class='ocrx_word' id='word_1_300' title='bbox 1247 1244 1407 1302; x_wconf 80' lang='lat' dir='ltr'>possit,</span> <span class='ocrx_word' id='word_1_301' title='bbox 1437 1242 1793 1303; x_wconf 65' lang='lat' dir='ltr'>quod&#39;pleraque</span> <span class='ocrx_word' id='word_1_302' title='bbox 1828 1261 1939 1290; x_wconf 89' lang='lat' dir='ltr'>coe-</span> 
     </span>
     <span class='ocr_line' id='line_1_58' title="bbox 1046 1300 1937 1362; baseline 0.003 -18"><span class='ocrx_word' id='word_1_303' title='bbox 1046 1301 1227 1345; x_wconf 87' lang='lat' dir='ltr'>lestium</span> <span class='ocrx_word' id='word_1_304' title='bbox 1248 1300 1345 1346; x_wconf 85' lang='lat' dir='ltr'>vim</span> <span class='ocrx_word' id='word_1_305' title='bbox 1370 1316 1497 1344; x_wconf 88' lang='lat' dir='ltr'>suam</span> <span class='ocrx_word' id='word_1_306' title='bbox 1525 1309 1568 1344; x_wconf 85' lang='lat' dir='ltr'>et</span> <span class='ocrx_word' id='word_1_307' title='bbox 1592 1317 1778 1350; x_wconf 82' lang='lat' dir='ltr'>cursum</span> <span class='ocrx_word' id='word_1_308' title='bbox 1797 1305 1937 1362; x_wconf 79' lang='lat' dir='ltr'>septi-</span> 
     </span>
     <span class='ocr_line' id='line_1_59' title="bbox 1046 1358 1941 1420; baseline 0.006 -19"><span class='ocrx_word' id='word_1_309' title='bbox 1046 1374 1147 1401; x_wconf 84' lang='lat' dir='ltr'>mos</span> <span class='ocrx_word' id='word_1_310' title='bbox 1166 1374 1247 1417; x_wconf 89' lang='lat' dir='ltr'>per</span> <span class='ocrx_word' id='word_1_311' title='bbox 1272 1374 1490 1401; x_wconf 86' lang='lat' dir='ltr'>numeros</span> <span class='ocrx_word' id='word_1_312' title='bbox 1512 1358 1786 1403; x_wconf 82' lang='lat' dir='ltr'>conficiant?</span> <span class='ocrx_word' id='word_1_313' title='bbox 1825 1362 1941 1420; x_wconf 10' lang='lat' dir='ltr'>quid?</span> 
     </span>
     <span class='ocr_line' id='line_1_60' title="bbox 1045 1414 1958 1466; baseline 0.008 -8"><span class='ocrx_word' id='word_1_314' title='bbox 1045 1415 1132 1459; x_wconf 86' lang='lat' dir='ltr'>hoc</span> <span class='ocrx_word' id='word_1_315' title='bbox 1175 1416 1229 1459; x_wconf 86' lang='lat' dir='ltr'>ad</span> <span class='ocrx_word' id='word_1_316' title='bbox 1265 1414 1544 1459; x_wconf 77' lang='lat' dir='ltr'>Saturnum?</span> <span class='ocrx_word' id='word_1_317' title='bbox 1631 1415 1776 1460; x_wconf 87' lang='lat' dir='ltr'>Omni</span> <span class='ocrx_word' id='word_1_318' title='bbox 1820 1435 1958 1466; x_wconf 74' lang='lat' dir='ltr'>nexuv</span> 
     </span>
     <span class='ocr_line' id='line_1_61' title="bbox 1045 1472 1941 1534; baseline 0.004 -17"><span class='ocrx_word' id='word_1_319' title='bbox 1045 1473 1155 1517; x_wconf 88' lang='lat' dir='ltr'>haec</span> <span class='ocrx_word' id='word_1_320' title='bbox 1175 1481 1344 1517; x_wconf 84' lang='lat' dir='ltr'>carent.</span> <span class='ocrx_word' id='word_1_321' title='bbox 1404 1472 1554 1517; x_wconf 88' lang='lat' dir='ltr'>Unice</span> <span class='ocrx_word' id='word_1_322' title='bbox 1576 1489 1679 1516; x_wconf 82' lang='lat' dir='ltr'>vera</span> <span class='ocrx_word' id='word_1_323' title='bbox 1701 1484 1807 1519; x_wconf 84' lang='lat' dir='ltr'>sunt</span> <span class='ocrx_word' id='word_1_324' title='bbox 1825 1491 1941 1534; x_wconf 75' lang='lat' dir='ltr'>quae</span> 
     </span>
     <span class='ocr_line' id='line_1_62' title="bbox 1046 1530 1939 1590; baseline 0.006 -16"><span class='ocrx_word' id='word_1_325' title='bbox 1046 1532 1261 1589; x_wconf 84' lang='lat' dir='ltr'>leguntur</span> <span class='ocrx_word' id='word_1_326' title='bbox 1299 1531 1346 1573; x_wconf 90' lang='lat' dir='ltr'>in</span> <span class='ocrx_word' id='word_1_327' title='bbox 1378 1530 1481 1574; x_wconf 90' lang='lat' dir='ltr'>cod.</span> <span class='ocrx_word' id='word_1_328' title='bbox 1517 1531 1640 1574; x_wconf 83' lang='lat' dir='ltr'>Flor.</span> <span class='ocrx_word' id='word_1_329' title='bbox 1730 1531 1839 1577; x_wconf 87' lang='lat' dir='ltr'>Post</span> <span class='ocrx_word' id='word_1_330' title='bbox 1855 1534 1939 1590; x_wconf 89' lang='lat' dir='ltr'>fe-</span> 
     </span>
     <span class='ocr_line' id='line_1_63' title="bbox 1046 1587 1940 1646; baseline 0.006 -15"><span class='ocrx_word' id='word_1_331' title='bbox 1046 1597 1186 1631; x_wconf 83' lang='lat' dir='ltr'>ratur</span> <span class='ocrx_word' id='word_1_332' title='bbox 1223 1587 1399 1644; x_wconf 87' lang='lat' dir='ltr'>plenius</span> <span class='ocrx_word' id='word_1_333' title='bbox 1444 1588 1732 1646; x_wconf 83' lang='lat' dir='ltr'>interpunge.</span> <span class='ocrx_word' id='word_1_334' title='bbox 1822 1590 1940 1636; x_wconf 88' lang='lat' dir='ltr'>Nam</span> 
     </span>
     <span class='ocr_line' id='line_1_64' title="bbox 1046 1645 1938 1712; baseline 0.007 -24"><span class='ocrx_word' id='word_1_335' title='bbox 1046 1646 1110 1689; x_wconf 91' lang='lat' dir='ltr'>ibi</span> <span class='ocrx_word' id='word_1_336' title='bbox 1137 1645 1381 1698; x_wconf 91' lang='lat' dir='ltr'>finiuntur,</span> <span class='ocrx_word' id='word_1_337' title='bbox 1414 1661 1526 1712; x_wconf 82' lang='lat' dir='ltr'>quae</span> <span class='ocrx_word' id='word_1_338' title='bbox 1558 1655 1759 1703; x_wconf 85' lang='lat' dir='ltr'>spectant</span> <span class='ocrx_word' id='word_1_339' title='bbox 1781 1649 1836 1691; x_wconf 88' lang='lat' dir='ltr'>ad</span> <span class='ocrx_word' id='word_1_340' title='bbox 1861 1650 1938 1694; x_wconf 84' lang='lat' dir='ltr'>Sa-</span> 
     </span>
     <span class='ocr_line' id='line_1_65' title="bbox 1047 1703 1937 1760; baseline 0.008 -15"><span class='ocrx_word' id='word_1_341' title='bbox 1047 1712 1248 1746; x_wconf 84' lang='lat' dir='ltr'>turnum.</span> <span class='ocrx_word' id='word_1_342' title='bbox 1318 1703 1464 1746; x_wconf 65' lang='lat' dir='ltr'>Addit</span> <span class='ocrx_word' id='word_1_343' title='bbox 1496 1704 1694 1760; x_wconf 76' lang='lat' dir='ltr'>scriptor</span> <span class='ocrx_word' id='word_1_344' title='bbox 1722 1704 1937 1752; x_wconf 86' lang='lat' dir='ltr'>observa-</span> 
     </span>
     <span class='ocr_line' id='line_1_66' title="bbox 1044 1759 1942 1818; baseline 0.003 -15"><span class='ocrx_word' id='word_1_345' title='bbox 1044 1760 1242 1812; x_wconf 86' lang='lat' dir='ltr'>tionem,</span> <span class='ocrx_word' id='word_1_346' title='bbox 1286 1775 1400 1818; x_wconf 88' lang='lat' dir='ltr'>quae</span> <span class='ocrx_word' id='word_1_347' title='bbox 1430 1759 1477 1802; x_wconf 91' lang='lat' dir='ltr'>in</span> <span class='ocrx_word' id='word_1_348' title='bbox 1499 1761 1779 1806; x_wconf 83' lang='lat' dir='ltr'>-universum</span> <span class='ocrx_word' id='word_1_349' title='bbox 1824 1765 1942 1810; x_wconf 82' lang='lat' dir='ltr'>valet</span> 
     </span>
     <span class='ocr_line' id='line_1_67' title="bbox 1044 1817 1941 1877; baseline 0.004 -15"><span class='ocrx_word' id='word_1_350' title='bbox 1044 1818 1100 1862; x_wconf 91' lang='lat' dir='ltr'>ad</span> <span class='ocrx_word' id='word_1_351' title='bbox 1125 1818 1428 1876; x_wconf 84' lang='lat' dir='ltr'>explicandam</span> <span class='ocrx_word' id='word_1_352' title='bbox 1453 1834 1632 1861; x_wconf 85' lang='lat' dir='ltr'>causam</span> <span class='ocrx_word' id='word_1_353' title='bbox 1652 1817 1835 1877; x_wconf 77' lang='lat' dir='ltr'>septimi</span> <span class='ocrx_word' id='word_1_354' title='bbox 1852 1817 1941 1867; x_wconf 69' lang='lat' dir='ltr'>‹li&#39;ei</span> 
     </span>
     <span class='ocr_line' id='line_1_68' title="bbox 1046 1874 1939 1933; baseline 0.004 -14"><span class='ocrx_word' id='word_1_355' title='bbox 1046 1883 1196 1919; x_wconf 82' lang='lat' dir='ltr'>sancte</span> <span class='ocrx_word' id='word_1_356' title='bbox 1228 1875 1348 1933; x_wconf 90' lang='lat' dir='ltr'>apud</span> <span class='ocrx_word' id='word_1_357' title='bbox 1371 1875 1559 1920; x_wconf 83' lang='lat' dir='ltr'>Iudaeos</span> <span class='ocrx_word' id='word_1_358' title='bbox 1589 1874 1752 1920; x_wconf 81' lang='lat' dir='ltr'>habiti=</span> <span class='ocrx_word' id='word_1_359' title='bbox 1776 1880 1939 1932; x_wconf 83' lang='lat' dir='ltr'>plera—</span> 
     </span>
     <span class='ocr_line' id='line_1_69' title="bbox 1048 1933 1942 1989; baseline 0.007 -13"><span class='ocrx_word' id='word_1_360' title='bbox 1048 1949 1135 1989; x_wconf 82' lang='lat' dir='ltr'>que</span> <span class='ocrx_word' id='word_1_361' title='bbox 1158 1933 1427 1975; x_wconf 82' lang='lat' dir='ltr'>coelestium</span> <span class='ocrx_word' id='word_1_362' title='bbox 1448 1962 1462 1976; x_wconf 91' lang='lat'>.</span> <span class='ocrx_word' id='word_1_363' title='bbox 1487 1966 1497 1976; x_wconf 93' lang='lat'>.</span> <span class='ocrx_word' id='word_1_364' title='bbox 1518 1965 1530 1977; x_wconf 92' lang='lat'>.</span> <span class='ocrx_word' id='word_1_365' title='bbox 1557 1965 1568 1976; x_wconf 88' lang='lat'>.</span> <span class='ocrx_word' id='word_1_366' title='bbox 1604 1945 1942 1982; x_wconf 79' lang='lat' dir='ltr'>commearent.</span> 
     </span>
     <span class='ocr_line' id='line_1_70' title="bbox 1047 1990 1940 2045; baseline 0.001 -11"><span class='ocrx_word' id='word_1_367' title='bbox 1047 1990 1262 2034; x_wconf 82' lang='lat' dir='ltr'>Enuntiat</span> <span class='ocrx_word' id='word_1_368' title='bbox 1288 2005 1387 2041; x_wconf 78' lang='lat' dir='ltr'>eam</span> <span class='ocrx_word' id='word_1_369' title='bbox 1420 1990 1711 2045; x_wconf 84' lang='lat' dir='ltr'>sententiam,</span> <span class='ocrx_word' id='word_1_370' title='bbox 1742 1992 1807 2035; x_wconf 83' lang='lat' dir='ltr'>uti</span> <span class='ocrx_word' id='word_1_371' title='bbox 1835 2010 1940 2038; x_wconf 87' lang='lat' dir='ltr'>mo-</span> 
     </span>
     <span class='ocr_line' id='line_1_71' title="bbox 1048 2047 1939 2106; baseline 0.006 -15"><span class='ocrx_word' id='word_1_372' title='bbox 1048 2047 1214 2091; x_wconf 87' lang='lat' dir='ltr'>destiae</span> <span class='ocrx_word' id='word_1_373' title='bbox 1253 2062 1384 2091; x_wconf 88' lang='lat' dir='ltr'>causa</span> <span class='ocrx_word' id='word_1_374' title='bbox 1423 2047 1646 2090; x_wconf 85' lang='lat' dir='ltr'>enuntiari</span> <span class='ocrx_word' id='word_1_375' title='bbox 1677 2049 1823 2093; x_wconf 85' lang='lat' dir='ltr'>solent</span> <span class='ocrx_word' id='word_1_376' title='bbox 1851 2066 1939 2106; x_wconf 82' lang='lat' dir='ltr'>res,</span> 
     </span>
     <span class='ocr_line' id='line_1_72' title="bbox 1046 2104 1941 2163; baseline 0.008 -16"><span class='ocrx_word' id='word_1_377' title='bbox 1046 2121 1159 2163; x_wconf 88' lang='lat' dir='ltr'>quae</span> <span class='ocrx_word' id='word_1_378' title='bbox 1194 2119 1290 2148; x_wconf 93' lang='lat' dir='ltr'>non</span> <span class='ocrx_word' id='word_1_379' title='bbox 1323 2112 1429 2147; x_wconf 88' lang='lat' dir='ltr'>sunt</span> <span class='ocrx_word' id='word_1_380' title='bbox 1456 2104 1515 2148; x_wconf 83' lang='lat' dir='ltr'>ita</span> <span class='ocrx_word' id='word_1_381' title='bbox 1547 2113 1720 2159; x_wconf 87' lang='lat' dir='ltr'>certae,</span> <span class='ocrx_word' id='word_1_382' title='bbox 1766 2116 1814 2152; x_wconf 85' lang='lat' dir='ltr'>ut</span> <span class='ocrx_word' id='word_1_383' title='bbox 1851 2108 1941 2154; x_wconf 87' lang='lat' dir='ltr'>fide</span> 
     </span>
     <span class='ocr_line' id='line_1_73' title="bbox 1045 2161 1939 2219; baseline 0.006 -13"><span class='ocrx_word' id='word_1_384' title='bbox 1045 2172 1120 2207; x_wconf 89' lang='lat' dir='ltr'>tua</span> <span class='ocrx_word' id='word_1_385' title='bbox 1152 2161 1416 2219; x_wconf 85' lang='lat' dir='ltr'>interposita</span> <span class='ocrx_word' id='word_1_386' title='bbox 1446 2162 1680 2216; x_wconf 87' lang='lat' dir='ltr'>adfirmes,</span> <span class='ocrx_word' id='word_1_387' title='bbox 1721 2165 1939 2212; x_wconf 83' lang='lat' dir='ltr'>nimirum</span> 
     </span>
     <span class='ocr_line' id='line_1_74' title="bbox 1047 2220 1940 2287; baseline 0.01 -27"><span class='ocrx_word' id='word_1_388' title='bbox 1047 2236 1127 2279; x_wconf 85' lang='lat' dir='ltr'>per</span> <span class='ocrx_word' id='word_1_389' title='bbox 1159 2220 1412 2287; x_wconf 67' lang='lat' dir='ltr'>optativum</span> <span class='ocrx_word' id='word_1_390' title='bbox 1442 2231 1778 2266; x_wconf 78' lang='lat' dir='ltr'>commearent.</span> <span class='ocrx_word' id='word_1_391' title='bbox 1837 2224 1940 2269; x_wconf 84' lang='lat' dir='ltr'>Ac-</span> 
     </span>
     <span class='ocr_line' id='line_1_75' title="bbox 1047 2277 1940 2327; baseline 0.008 -7"><span class='ocrx_word' id='word_1_392' title='bbox 1047 2286 1235 2323; x_wconf 79' lang='lat' dir='ltr'>cusativi</span> <span class='ocrx_word' id='word_1_393' title='bbox 1304 2277 1399 2319; x_wconf 84' lang='lat' dir='ltr'>vim</span> <span class='ocrx_word' id='word_1_394' title='bbox 1450 2292 1588 2320; x_wconf 79' lang='lat' dir='ltr'>suom</span> <span class='ocrx_word' id='word_1_395' title='bbox 1647 2288 1700 2323; x_wconf 83' lang='lat' dir='ltr'>et‘</span> <span class='ocrx_word' id='word_1_396' title='bbox 1750 2297 1940 2327; x_wconf 81' lang='lat' dir='ltr'>cursum</span> 
     </span>
     <span class='ocr_line' id='line_1_76' title="bbox 1047 2331 1941 2398; baseline 0.01 -21"><span class='ocrx_word' id='word_1_397' title='bbox 1047 2333 1224 2378; x_wconf 88' lang='lat' dir='ltr'>Graeco</span> <span class='ocrx_word' id='word_1_398' title='bbox 1246 2331 1374 2377; x_wconf 81' lang='lat' dir='ltr'>m&#39;ore</span> <span class='ocrx_word' id='word_1_399' title='bbox 1400 2344 1658 2392; x_wconf 82' lang='lat' dir='ltr'>ponuntur,</span> <span class='ocrx_word' id='word_1_400' title='bbox 1693 2340 1941 2398; x_wconf 84' lang='lat' dir='ltr'>explicandi</span> 
     </span>
     <span class='ocr_line' id='line_1_77' title="bbox 1047 2392 1935 2449; baseline 0.008 -14"><span class='ocrx_word' id='word_1_401' title='bbox 1047 2408 1127 2449; x_wconf 88' lang='lat' dir='ltr'>per</span> <span class='ocrx_word' id='word_1_402' title='bbox 1173 2392 1429 2435; x_wconf 77' lang='lat' dir='ltr'>for-mulani</span> <span class='ocrx_word' id='word_1_403' title='bbox 1473 2397 1595 2449; x_wconf 83' lang='lat' dir='ltr'>quod</span> <span class='ocrx_word' id='word_1_404' title='bbox 1637 2397 1807 2440; x_wconf 79' lang='lat' dir='ltr'>attinet</span> <span class='ocrx_word' id='word_1_405' title='bbox 1855 2403 1935 2445; x_wconf 71' lang='lat' dir='ltr'>ad.</span> 
     </span>
     <span class='ocr_line' id='line_1_78' title="bbox 1047 2448 1937 2499; baseline 0.009 -7"><span class='ocrx_word' id='word_1_406' title='bbox 1047 2448 1341 2492; x_wconf 82' lang='lat' dir='ltr'>Germanice:</span> <span class='ocrx_word' id='word_1_407' title='bbox 1377 2454 1475 2492; x_wconf 81' lang='lat' dir='ltr'>und</span> <span class='ocrx_word' id='word_1_408' title='bbox 1495 2453 1572 2493; x_wconf 80' lang='lat' dir='ltr'>die</span> <span class='ocrx_word' id='word_1_409' title='bbox 1594 2453 1937 2499; x_wconf 68' lang='lat' dir='ltr'>mezletenHim-</span> 
     </span>
     <span class='ocr_line' id='line_1_79' title="bbox 1045 2507 1936 2564; baseline 0.011 -16"><span class='ocrx_word' id='word_1_410' title='bbox 1045 2507 1338 2559; x_wconf 77' lang='lat' dir='ltr'>melsko&#39;rper</span> <span class='ocrx_word' id='word_1_411' title='bbox 1380 2509 1665 2564; x_wconf 73' lang='lat' dir='ltr'>dur-chliefien</span> <span class='ocrx_word' id='word_1_412' title='bbox 1699 2512 1750 2554; x_wconf 82' lang='lat' dir='ltr'>in</span> <span class='ocrx_word' id='word_1_413' title='bbox 1781 2515 1936 2557; x_wconf 84' lang='lat' dir='ltr'>Anse-</span> 
     </span>
    </p>
   </div>
   <div class='ocr_carea' id='block_1_17' title="bbox 1044 2564 1967 2667">
    <p class='ocr_par' dir='ltr' id='par_1_20' title="bbox 1044 2564 1967 2667">
     <span class='ocr_line' id='line_1_80' title="bbox 1044 2564 1938 2620; baseline 0.006 -15"><span class='ocrx_word' id='word_1_414' title='bbox 1044 2566 1167 2617; x_wconf 70' lang='lat' dir='ltr'>hung</span> <span class='ocrx_word' id='word_1_415' title='bbox 1213 2564 1342 2606; x_wconf 76' lang='lat' dir='ltr'>ihr-es</span> <span class='ocrx_word' id='word_1_416' title='bbox 1377 2565 1629 2620; x_wconf 65' lang='lat' dir='ltr'>Emflusses</span> <span class='ocrx_word' id='word_1_417' title='bbox 1671 2572 1771 2611; x_wconf 83' lang='lat' dir='ltr'>und</span> <span class='ocrx_word' id='word_1_418' title='bbox 1809 2573 1938 2616; x_wconf 64' lang='lat' dir='ltr'>ihrer</span> 
     </span>
     <span class='ocr_line' id='line_1_81' title="bbox 1046 2622 1967 2667; baseline 0.007 -5"><span class='ocrx_word' id='word_1_419' title='bbox 1046 2623 1188 2666; x_wconf 77' lang='lat' dir='ltr'>Balm</span> <span class='ocrx_word' id='word_1_420' title='bbox 1210 2623 1284 2663; x_wconf 76' lang='lat' dir='ltr'>die</span> <span class='ocrx_word' id='word_1_421' title='bbox 1306 2622 1597 2667; x_wconf 80' lang='lat' dir='ltr'>Siebenzahl.</span> <span class='ocrx_word' id='word_1_422' title='bbox 1872 2665 1880 2667; x_wconf 64' lang='grc'><strong><em>,</em></strong></span> <span class='ocrx_word' id='word_1_423' title='bbox 1966 2632 1967 2642; x_wconf 64' lang='lat'><em>³</em></span> 
     </span>
    </p>
   </div>
   <div class='ocr_carea' id='block_1_18' title="bbox 1040 2699 1936 2930">
    <p class='ocr_par' dir='ltr' id='par_1_21' title="bbox 1040 2699 1936 2930">
     <span class='ocr_line' id='line_1_82' title="bbox 1102 2699 1936 2766; baseline 0.01 -18"><span class='ocrx_word' id='word_1_424' title='bbox 1102 2704 1217 2749; x_wconf 82' lang='lat' dir='ltr'>CAP.</span> <span class='ocrx_word' id='word_1_425' title='bbox 1242 2705 1285 2749; x_wconf 87' lang='lat'>5.</span> <span class='ocrx_word' id='word_1_426' title='bbox 1347 2705 1419 2748; x_wconf 80' lang='lat' dir='ltr'>Hi</span> <span class='ocrx_word' id='word_1_427' title='bbox 1446 2699 1774 2766; x_wconf 63' lang='lat' dir='ltr'>ritus-&#39;quoquo</span> <span class='ocrx_word' id='word_1_428' title='bbox 1795 2718 1936 2760; x_wconf 81' lang='lat' dir='ltr'>modo</span> 
     </span>
     <span class='ocr_line' id='line_1_83' title="bbox 1042 2762 1935 2827; baseline 0.015 -22"><span class='ocrx_word' id='word_1_429' title='bbox 1042 2764 1235 2806; x_wconf 81' lang='lat' dir='ltr'>inducti.</span> <span class='ocrx_word' id='word_1_430' title='bbox 1294 2762 1432 2807; x_wconf 88' lang='lat' dir='ltr'>MSS.</span> <span class='ocrx_word' id='word_1_431' title='bbox 1469 2762 1621 2810; x_wconf 88' lang='lat' dir='ltr'>Guelf.</span> <span class='ocrx_word' id='word_1_432' title='bbox 1658 2776 1701 2811; x_wconf 87' lang='lat' dir='ltr'>et</span> <span class='ocrx_word' id='word_1_433' title='bbox 1732 2767 1856 2816; x_wconf 88' lang='lat' dir='ltr'>Harl.</span> <span class='ocrx_word' id='word_1_434' title='bbox 1893 2777 1935 2827; x_wconf 90' lang='lat' dir='ltr'>(a</span> 
     </span>
     <span class='ocr_line' id='line_1_84' title="bbox 1043 2820 1935 2880; baseline 0.01 -17"><span class='ocrx_word' id='word_1_435' title='bbox 1043 2820 1187 2878; x_wconf 88' lang='lat' dir='ltr'>prima</span> <span class='ocrx_word' id='word_1_436' title='bbox 1220 2827 1374 2874; x_wconf 87' lang='lat' dir='ltr'>manu)</span> <span class='ocrx_word' id='word_1_437' title='bbox 1407 2823 1482 2863; x_wconf 73' lang='lat' dir='ltr'>his</span> <span class='ocrx_word' id='word_1_438' title='bbox 1510 2836 1657 2880; x_wconf 59' lang='lat' dir='ltr'>quoq?</span> <span class='ocrx_word' id='word_1_439' title='bbox 1684 2831 1828 2870; x_wconf 75' lang='lat' dir='ltr'>modo</span> <span class='ocrx_word' id='word_1_440' title='bbox 1860 2832 1935 2874; x_wconf 67' lang='lat' dir='ltr'>in-</span> 
     </span>
     <span class='ocr_line' id='line_1_85' title="bbox 1040 2878 1832 2930; baseline 0.014 -10"><span class='ocrx_word' id='word_1_441' title='bbox 1040 2881 1179 2921; x_wconf 80' lang='lat' dir='ltr'>ducti.</span> <span class='ocrx_word' id='word_1_442' title='bbox 1243 2878 1528 2922; x_wconf 86' lang='lat' dir='ltr'>Vocabulum</span> <span class='ocrx_word' id='word_1_443' title='bbox 1552 2881 1673 2926; x_wconf 81' lang='lat' dir='ltr'>ritus</span> <span class='ocrx_word' id='word_1_444' title='bbox 1692 2884 1832 2930; x_wconf 66' lang='lat' dir='ltr'>deest.</span> 
     </span>
    </p>
   </div>
   <div class='ocr_carea' id='block_1_19' title="bbox 1039 2949 1964 3454">
    <p class='ocr_par' dir='ltr' id='par_1_22' title="bbox 1039 2949 1964 3454">
     <span class='ocr_line' id='line_1_86' title="bbox 1100 2949 1936 3010; baseline 0.016 -19"><span class='ocrx_word' id='word_1_445' title='bbox 1100 2949 1276 2991; x_wconf 82' lang='lat' dir='ltr'>tributa</span> <span class='ocrx_word' id='word_1_446' title='bbox 1297 2955 1340 2990; x_wconf 84' lang='lat' dir='ltr'>et</span> <span class='ocrx_word' id='word_1_447' title='bbox 1365 2951 1526 3004; x_wconf 77' lang='lat' dir='ltr'>stipes.</span> <span class='ocrx_word' id='word_1_448' title='bbox 1587 2949 1805 3010; x_wconf 78' lang='lat' dir='ltr'>Spectant</span> <span class='ocrx_word' id='word_1_449' title='bbox 1824 2956 1936 3004; x_wconf 85' lang='lat' dir='ltr'>haec</span> 
     </span>
     <span class='ocr_line' id='line_1_87' title="bbox 1040 3006 1934 3071; baseline 0.011 -21"><span class='ocrx_word' id='word_1_450' title='bbox 1040 3006 1095 3050; x_wconf 88' lang='lat' dir='ltr'>ad</span> <span class='ocrx_word' id='word_1_451' title='bbox 1120 3006 1308 3049; x_wconf 80' lang='lat' dir='ltr'>Iudaeos</span> <span class='ocrx_word' id='word_1_452' title='bbox 1329 3006 1380 3050; x_wconf 75' lang='grc' dir='ltr'>ἐν</span> <span class='ocrx_word' id='word_1_453' title='bbox 1401 3006 1633 3069; x_wconf 76' lang='grc' dir='ltr'><strong><em>διασπορᾷ</em></strong></span> <span class='ocrx_word' id='word_1_454' title='bbox 1659 3020 1852 3071; x_wconf 78' lang='lat' dir='ltr'>agentes,</span> <span class='ocrx_word' id='word_1_455' title='bbox 1891 3025 1934 3060; x_wconf 82' lang='lat' dir='ltr'>et</span> 
     </span>
     <span class='ocr_line' id='line_1_88' title="bbox 1040 3063 1932 3132; baseline 0.012 -26"><span class='ocrx_word' id='word_1_456' title='bbox 1040 3065 1317 3131; x_wconf 76' lang='lat' dir='ltr'>proselytos,</span> <span class='ocrx_word' id='word_1_457' title='bbox 1346 3063 1423 3132; x_wconf 66' lang='lat' dir='ltr'>‹Jui</span> <span class='ocrx_word' id='word_1_458' title='bbox 1455 3065 1667 3117; x_wconf 80' lang='lat' dir='ltr'>donaria,</span> <span class='ocrx_word' id='word_1_459' title='bbox 1697 3069 1932 3128; x_wconf 84' lang='lat' dir='ltr'>primitias,</span> 
     </span>
     <span class='ocr_line' id='line_1_89' title="bbox 1039 3120 1929 3229; baseline 0.009 -7"><span class='ocrx_word' id='word_1_460' title='bbox 1039 3136 1263 3222; x_wconf 54' lang='lat' dir='ltr'>{5⁰¹3}ssssss</span> <span class='ocrx_word' id='word_1_461' title='bbox 1306 3120 1619 3225; x_wconf 52' lang='grc' dir='ltr'>Ηίῗὲἶὲὲζω</span> <span class='ocrx_word' id='word_1_462' title='bbox 1659 3127 1929 3229; x_wconf 38' lang='grc' dir='ltr'>εἶ’ωῗῖἶῃ</span> 
     </span>
     <span class='ocr_line' id='line_1_90' title="bbox 1047 3189 1964 3292; baseline 0.013 -13"><span class='ocrx_word' id='word_1_463' title='bbox 1047 3236 1102 3279; x_wconf 90' lang='lat' dir='ltr'>de</span> <span class='ocrx_word' id='word_1_464' title='bbox 1143 3235 1284 3292; x_wconf 79' lang='lat' dir='ltr'>legat.</span> <span class='ocrx_word' id='word_1_465' title='bbox 1308 3195 1385 3280; x_wconf 83' lang='lat' dir='ltr'>pad</span> <span class='ocrx_word' id='word_1_466' title='bbox 1427 3197 1636 3282; x_wconf 60' lang='lat' dir='ltr'>Caiur&#39;nc&#39;</span> <span class='ocrx_word' id='word_1_467' title='bbox 1676 3273 1686 3283; x_wconf 94' lang='lat'>.</span> <span class='ocrx_word' id='word_1_468' title='bbox 1722 3216 1846 3289; x_wconf 68' lang='lat'>1028.</span> <span class='ocrx_word' id='word_1_469' title='bbox 1868 3189 1964 3291; x_wconf 55' lang='grc' dir='ltr'>1Ιεῖ·</span> 
     </span>
     <span class='ocr_line' id='line_1_91' title="bbox 1078 3257 1927 3360; baseline 0.015 -25"><span class='ocrx_word' id='word_1_470' title='bbox 1078 3325 1089 3336; x_wconf 87' lang='grc'><strong>.</strong></span> <span class='ocrx_word' id='word_1_471' title='bbox 1116 3294 1240 3360; x_wconf 68' lang='lat' dir='ltr'>lssl4.</span> <span class='ocrx_word' id='word_1_472' title='bbox 1314 3294 1488 3354; x_wconf 82' lang='lat' dir='ltr'>loseph.</span> <span class='ocrx_word' id='word_1_473' title='bbox 1508 3298 1617 3343; x_wconf 87' lang='lat' dir='ltr'>Ant.</span> <span class='ocrx_word' id='word_1_474' title='bbox 1639 3257 1738 3344; x_wconf 63' lang='lat' dir='ltr'>lud.</span> <span class='ocrx_word' id='word_1_475' title='bbox 1769 3301 1836 3354; x_wconf 81' lang='lat'>14,</span> <span class='ocrx_word' id='word_1_476' title='bbox 1858 3305 1927 3348; x_wconf 77' lang='lat'>12.</span> 
     </span>
     <span class='ocr_line' id='line_1_92' title="bbox 1043 3350 1929 3453; baseline 0.012 -59"><span class='ocrx_word' id='word_1_477' title='bbox 1043 3417 1060 3451; x_wconf 56' lang='lat' dir='ltr'>t</span> <span class='ocrx_word' id='word_1_478' title='bbox 1088 3350 1326 3453; x_wconf 42' lang='lat' dir='ltr'>¹liei-iizsdtiae</span> <span class='ocrx_word' id='word_1_479' title='bbox 1356 3351 1441 3453; x_wconf 49' lang='lat' dir='ltr'>{iac</span> <span class='ocrx_word' id='word_1_480' title='bbox 1475 3369 1526 3398; x_wconf 88' lang='lat' dir='ltr'>re</span> <span class='ocrx_word' id='word_1_481' title='bbox 1554 3354 1796 3412; x_wconf 75' lang='lat' dir='ltr'>disputavit</span> <span class='ocrx_word' id='word_1_482' title='bbox 1814 3360 1929 3405; x_wconf 74' lang='lat' dir='ltr'>Bro-</span> 
     </span>
     <span class='ocr_line' id='line_1_93' title="bbox 1063 3426 1389 3454; baseline 0 -2"><span class='ocrx_word' id='word_1_483' title='bbox 1063 3426 1179 3453; x_wconf 83' lang='lat' dir='ltr'>e1us</span> <span class='ocrx_word' id='word_1_484' title='bbox 1317 3442 1328 3454; x_wconf 92' lang='lat'>.</span> <span class='ocrx_word' id='word_1_485' title='bbox 1378 3441 1389 3452; x_wconf 96' lang='lat'>.</span> 
     </span>
    </p>
   </div>
   <div class='ocr_carea' id='block_1_20' title="bbox 1098 3481 1926 3536">
    <p class='ocr_par' dir='ltr' id='par_1_23' title="bbox 1098 3481 1926 3536">
     <span class='ocr_line' id='line_1_94' title="bbox 1098 3481 1926 3536; baseline 0.014 -15"><span class='ocrx_word' id='word_1_486' title='bbox 1098 3481 1206 3523; x_wconf 80' lang='lat' dir='ltr'>illuc</span> <span class='ocrx_word' id='word_1_487' title='bbox 1235 3483 1476 3536; x_wconf 71' lang='lat' dir='ltr'>gerebant.</span> <span class='ocrx_word' id='word_1_488' title='bbox 1533 3483 1612 3528; x_wconf 87' lang='lat' dir='ltr'>Sic</span> <span class='ocrx_word' id='word_1_489' title='bbox 1643 3485 1776 3531; x_wconf 86' lang='lat' dir='ltr'>MSS.</span> <span class='ocrx_word' id='word_1_490' title='bbox 1799 3487 1926 3534; x_wconf 87' lang='lat' dir='ltr'>Flor.</span> 
     </span>
    </p>
   </div>
   <div class='ocr_carea' id='block_1_21' title="bbox 1031 3536 1925 3599">
    <p class='ocr_par' dir='ltr' id='par_1_24' title="bbox 1031 3536 1925 3599">
     <span class='ocr_line' id='line_1_95' title="bbox 1031 3536 1925 3599; baseline 0.011 -17"><span class='ocrx_word' id='word_1_491' title='bbox 1031 3536 1158 3594; x_wconf 76' lang='lat' dir='ltr'>(test.</span> <span class='ocrx_word' id='word_1_492' title='bbox 1174 3536 1293 3585; x_wconf 87' lang='lat' dir='ltr'>Vict.</span> <span class='ocrx_word' id='word_1_493' title='bbox 1319 3555 1423 3585; x_wconf 87' lang='lat' dir='ltr'>cum</span> <span class='ocrx_word' id='word_1_494' title='bbox 1445 3539 1639 3599; x_wconf 78' lang='lat' dir='ltr'>Byckio)</span> <span class='ocrx_word' id='word_1_495' title='bbox 1660 3542 1925 3593; x_wconf 78' lang='lat' dir='ltr'>Corb.Bud.</span> 
     </span>
    </p>
   </div>
  </div>
 </body>
</html>
