2138 4030
193 204 411 246 A·-U·⁸²³·
667 204 840 266 LIB.
873 203 950 265 ll.
1023 200 1223 264 CAP.
1251 204 1306 275 6,
1338 204 1396 265 7.

193 252 242 287 A.
264 249 312 287 c,
350 251 412 284 νυ.
1472 235 1478 241 ·
1780 276 1800 301 x
1827 208 1945 266 141

110 342 316 405 seditio
351 337 677 411 legionum:
729 345 960 392 tantum
984 335 1262 388 adversus
1287 329 1537 389 Parthos
1562 335 1755 392 minae
1782 336 1946 393 vario

99 438 338 485 eventu.
393 435 451 480 et
483 421 750 497 proximo
778 418 939 475 civili
972 418 1131 474 bello
1177 417 1425 474 turbatis
1449 417 1578 473 aliis
1605 420 1947 478 inconcussa

92 512 192 568 -ibi
232 531 373 586 pax:
424 507 563 564 dein
598 507 741 562 fides
776 522 908 576 erga
934 501 1209 561 Galbam.
1295 500 1441 559 Mox
1465 511 1531 558 ut
1554 498 1856 561 Othonem
1883 525 1950 562 ac

95 591 692 666 -W'itellium·scelestis
718 588 896 646 armis
920 607 1014 643 res
1038 586 1340 645 Romanas
1364 595 1599 661 raptum
1623 587 1708 642 ire
1744 591 1950 663 vulga-

106 695 230 740 tum
265 681 382 749 est,
434 697 510 733 ne
533 695 713 751 penes
735 686 955 731 ceteros
981 672 1217 747 imperii
1240 672 1497 746 praemia
1509 717 1531 740 „
1578 692 1757 746 penes
1794 675 1950 747 ipsos

44 811 53 817 „
95 761 595 823 tautumlservitii
629 758 938 816 necessitas
978 768 1150 826 esset,
1213 758 1461 813 fremere
1498 757 1668 812 miles
1704 769 1762 814 et
1796 759 1950 815 vires

10 846 34 899 .'
103 870 235 908 suas
263 847 721 921 circumspicere.
803 855 1025 917 septem
1057 842 1316 914 legiones
1358 842 1554 898 statim
1592 853 1649 898 et
1685 863 1819 899 cum
1854 843 1951 902 in-

102 935 371 1010 gentibus
404 931 636 989 auxiliis
665 929 835 1006 Syria
865 926 1222 1002 Iudaeaque:
1278 926 1417 982 inde
1453 927 1733 984 continua
1755 924 1952 1004 Aegy-

99 1032 235 1096 ptus
278 1019 543 1094 duaeque
576 1015 867 1088 legione8‚
927 1009 1067 1070 hinc
1103 1008 1475 1086 Cappadocia
1508 1008 1852 1088 Pontusque
1895 1025 1953 1071 et

101 1103 393 1182 quidquid
427 1093 750 1158 castrorum
774 1094 1072 1155 Armeniis
1099 1095 1530 1170 praetenditur:
1584 1090 1727 1154 Asia
1765 1108 1822 1154 et
1854 1111 1953 1162 ce-

99 1203 255 1248 terae
279 1185 616 1264 provinciae
642 1205 747 1240 nec
772 1183 1038 1239 virorum
1064 1181 1269 1256 inopes
1297 1193 1352 1238 et
1387 1181 1670 1257 pecuniae
1701 1176 1953 1257 opulen-

100 1287 218 1332 tae:
274 1282 560 1349 quantum
589 1270 918 1326 insularum
941 1267 1092 1323 mari
1125 1266 1410 1339 cingitur,
1464 1277 1520 1323 et
1555 1269 1819 1345 parando
1856 1267 1954 1324 in-

99 1359 269 1417 terim
293 1357 449 1413 bello
479 1355 800 1412 secundum
829 1364 1138 1428 tutumque
1164 1350 1357 1427 ipsum
1386 1357 1583 1411 mare.
1926 1358 1929 1361 '

263 1436 402 1500 VII.
444 1438 582 1509 Non
604 1439 845 1495 fallebat
870 1438 1045 1494 duces
1061 1436 1320 1511 ¹impetus
1342 1435 1627 1493 militum:
1684 1436 1786 1493 sed
1816 1437 1947 1493 hel-

17 1584 20 1586 .
95 1515 356 1600 lantibus
394 1525 526 1582 aliis
560 1524 782 1599 placuit
817 1521 1136 1597 exspectari
1175 1521 1319 1578 belli
1368 1520 1605 1582 exitum.
1701 1521 1953 1579 victores

98 1614 396 1687 victosque
432 1630 738 1685 nunquam
773 1606 964 1664 solida
1002 1607 1115 1663 fide
1149 1606 1488 1665 coalescere.
1574 1625 1682 1662 nec
1717 1609 1950 1676 referre,

97 1697 405 1755 Vitellium
431 1715 508 1752 an
532 1690 839 1751 Othonem
879 1692 1249 1767 superstitem
1280 1691 1520 1747 fortuna
1555 1693 1802 1757 faceret„
1854 1712 1951 1748 re-

94 1784 208 1840 bus
238 1780 522 1848 ‚secundis
555 1780 728 1835 etiam
766 1777 1026 1852 egregios
1062 1777 1239 1833 duces
1270 1774 1643 1836 insolescere.
1728 1776 1953 1852 discor—

1058 1963 1188 2007 Prius
1209 1961 1508 2019 vulgabantur
1527 1960 1657 2005 haec:
1683 1964 1955 2016 exspectari

1057 2023 1228 2063 bellum
1243 2034 1258 2062 .·
1299 2036 1401 2061 cum
1432 2020 1480 2061 in
1502 2021 1699 2062 victores
1723 2021 1951 2076 victosque

1055 2092 1295 2132 nunquam
1326 2078 1478 2118 solida
1506 2076 1626 2130 fides
1649 2078 1949 2127 coalesceret,

153 1968 284 2011 vario
306 1973 487 2009 eventu.
550 1963 776 2009 Acidalius
796 1963 987 2008 malebat

99 2041 216 2069 vano
252 2030 445 2072 eventu,
497 2022 634 2088 quod.
664 2038 760 2088 non
798 2021 986 2088 omnino

95 2098 246 2125 verum
289 2089 380 2123 est:
429 2095 521 2123 non
566 2095 685 2122 emm
726 2094 823 2121 sine
859 2094 983 2120 omni

94 2147 250 2183 eventu
275 2137 469 2180 Romani
497 2145 591 2179 tum
617 2134 833 2194 temporis
856 2151 985 2192 egere

92 2205 247 2241 eontra
267 2194 469 2238 Parthos.

89 2250 94 2259 “
149 2254 346 2295 turbatis
368 2252 493 2294 aliis.
536 2249 640 2294 Ed.
665 2248 781 2307 Spir.
816 2251 982 2292 turba-

92 2313 149 2353 tis
181 2313 255 2352 υἷε
286 2308 329 2351 h.
364 2325 402 2351 e.
439 2307 621 2358 animis,
665 2317 706 2350 et
741 2307 797 2349 ita
832 2316 898 2349 est
934 2306 981 2350 in

93 2383 232 2425 marg.
256 2365 358 2410 cod.
382 2365 534 2408 Guelf.
561 2382 582 2407 a
609 2365 802 2408 secunda
828 2380 980 2407 manu.

91 2425 257 2467 Eadem
306 2421 376 2464 ed.
419 2421 536 2479 Spir.
587 2412 979 2479 post'vulgatum

91 2478 257 2524 omittit
279 2488 372 2534 est,
402 2479 617 2537 ponitque
637 2487 856 2536 punctum
878 2487 979 2522 ante

78 2538 307 2596 fremere.

148 2596 259 2638 inde
289 2594 521 2648 continua.
591 2591 691 2636 MS.
724 2590 874 2635 Guelf.
906 2594 980 2635 in-

90 2653 337 2707 continua,
381 2651 503 2707 quod
534 2659 684 2694 ortum
710 2657 774 2692 est
798 2667 821 2693 e
850 2666 979 2694 com-

90 2709 258 2769 pendio,
277 2710 326 2751 ἰῆ
351 2708 586 2749 continua.

143 2769 395 2820 secundum
434 2773 674 2819 tutumque
710 2764 742 2806 i.
777 2779 840 2806 m.
902 2763 978 2807 Sic

90 2823 226 2867 MSS.
255 2823 378 2866 Flor.
417 2822 531 2875 (test.
552 2821 694 2877 Pieh.)
719 2819 818 2864 Vat.
857 2822 973 2876 (test.

88 2880 224 2940 Lips.)
255 2876 362 2937 Reg.
393 2878 530 2923 Cor-b.
565 2878 665 2920 edd.
696 2877 816 2935 Spir.
845 2877 972 2922 Pich.

90 2939 221 2982 Grut.
254 2953 356 2995 sqq.
439 2933 665 2979 Victorius
698 2951 779 2992 pro
810 2944 974 2978 secun-

88 3001 201 3039 dum
244 2993 458 3037 intactum
507 2991 690 3048 reIIquit
734 2995 974 3044 seclusum,

88 3052 211 3111 quod
254 3059 386 3094 exstat
428 3050 474 3092 in
514 3048 647 3092 MSS.
685 3047 810 3092 Harl.
842 3049 974 3093 Bodl.

86 3112 170 3154 les.
205 3105 355 3151 Guelf.
385 3106 483 3151 edd.
515 3105 617 3150 Put.
650 3105 752 3150 Ber.
784 3121 880 3164 sqq.
919 3107 974 3150 ad

86 3166 212 3210 Pich.
249 3187 303 3196 —
362 3161 462 3206 MS.
486 3163 597 3206 Bud.
637 3163 724 3206 fert
754 3166 974 3208 seculum.

88 3222 313 3268 Acidalius
361 3218 577 3263 retinebat
629 3230 823 3263 veterum
869 3220 972 3264 edd.

19 3326 23 3328 ,
86 3281 350 3336 scripturam
385 3277 841 3336 interpungebatque:
892 3292 970 3320 sc-

87 3340 293 3389 ola-sunu
326 3343 567 3389 tutumque
593 3344 681 3377 etc.

146 3393 258 3438 CAP.
286 3393 341 3436 7.
400 3394 508 3433 belli
544 3392 740 3433 exilum.
817 3391 864 3433 V
860 3391 970 3433 icto-

87 3465 217 3495 res...
235 3483 247 3494 .
269 3451 537 3493 coalescere.
578 3447 638 3490 Ex
660 3448 971 3492 emendatione

90 3505 305 3552 Pichenae
349 3507 415 3551 sic
465 3506 565 3550 edd.
607 3505 827 3563 Bernegg.
870 3521 968 3564 sqq.

1057 2134 1119 2176 uti
1154 2134 1304 2176 ferunt
1332 2133 1467 2177 MSS.
1494 2130 1615 2176 Harl.
1637 2132 1765 2177 Bodl.
1792 2133 1947 2179 Guelf.

1057 2192 1156 2235 edd.
1176 2191 1276 2233 Put.
1301 2191 1370 2234 M.
1394 2199 1437 2234 et
1451 2190 1627 2236 V.Ber.
1652 2191 1774 2245 (cum
1796 2192 1965 2237 sitent.

1055 2247 1188 2303 Vict.)
1220 2264 1258 2291 st
1276 2264 1320 2306 q.
1389 2249 1450 2291 At
1481 2248 1618 2294 MSS.
1650 2247 1776 2291 Flor.
1825 2250 1943 2302 (test.

1053 2305 1199 2361 Pich.)
1283 2305 1357 2348 ud.
1403 2306 1473 2350 ed.
1518 2305 1637 2362 Spir.
1679 2308 1953 2360 exspectari

1051 2364 1223 2404 bellum
1239 2378 1253 2405 :
1281 2378 1386 2405 cum
1416 2365 1467 2412 in
1499 2364 1693 2406 victores
1723 2365 1948 2419 victosque

1051 2434 1297 2475 nunquam
1338 2421 1491 2462 solida
1520 2421 1624 2476 fide
1675 2422 1947 2465 coalescere.

1050 2477 1152 2519 MS.
1170 2478 1275 2535 Agr.
1298 2481 1566 2529 exspectari
1579 2479 1763 2519 bellum.
1830 2479 1945 2520 Cum

1053 2537 1300 2577 victoribus
1335 2536 1475 2577 victos
1507 2549 1755 2590 nunquam
1790 2536 1946 2579 solida

1067 2593 1139 2636 ide
1176 2595 1447 2641 coalescere,
1491 2607 1604 2650 quae
1639 2591 1752 2634 edita
1785 2601 1888 2636 sunt
1919 2609 1943 2636 a

1068 2646 1241 2707 {yckim
1278 2641 1526 2691 ‘Mendum
1559 2664 1651 2691 esse
1686 2649 1731 2690 in
1756 2657 1858 2692 vett.
1884 2648 1941 2692 li-

1050 2705 1142 2748 bris
1198 2721 1333 2748 nemo
1396 2705 1630 2748 dubitabit.
1689 2751 1691 2755 Α
1720 2703 1944 2751 Pichenae

1050 2762 1413 2804 emendationem
1481 2761 1660 2821 plurimi
1730 2763 1942 2820 probant.

1047 2820 1162 2862 Sunt
1206 2829 1355 2862 tamen
1401 2819 1476 2875 qui
1520 2819 1602 2862 alia
1645 2820 1943 2877 coniecerim.

1044 2876 1313 2919 Rhenanusz
1384 2875 1655 2930 exspectari
1669 2876 1672 2882 ’
1714 2879 1939 2922 bellicum.

1046 2934 1255 2976 Victores
1275 2965 1286 2977 .
1302 2963 1312 2975 .
1332 2964 1343 2976 .
1361 2965 1373 2977 .
1383 2934 1486 2989 fide
1507 2933 1772 2977 coalescere.
1805 2934 1940 2977 Hein-

1046 2991 1161 3035 sius:
1195 2993 1458 3044 exspectari
1475 2994 1597 3033 velut
1618 2993 1664 3034 in
1684 2994 1939 3039 commune.

1050 3048 1174 3106 Quin
1201 3056 1245 3090 et
1271 3050 1461 3091 victores
1490 3048 1574 3092 etc.
1633 3047 1722 3094 lac.
1748 3048 1938 3092 Grono-

1045 3109 1167 3149 vius:
1215 3107 1481 3160 exspectari
1507 3106 1612 3148 belli
1643 3114 1808 3152 nutum
1846 3106 1937 3160 (vel

1044 3165 1325 3217 cumulum);
1357 3163 1552 3206 victores
1583 3164 1815 3218 victosque
1848 3165 1934 3207 etc.

1042 3219 1294 3263 Acidalius:
1322 3220 1431 3262 belli
1447 3235 1621 3263 casum.
1683 3220 1715 3264 I.
1729 3221 1801 3263 Fr.
1820 3220 1936 3264 Gro-

1044 3277 1224 3334 novius:
1266 3279 1376 3319 belli
1400 3285 1628 3320 eventum.
1686 3278 1776 3321 Pro
1803 3293 1933 3321 nun-

1043 3350 1182 3388 quam
1207 3333 1309 3377 MS.
1331 3332 1500 3378 Guelf..
1523 3333 1650 3378 habet
1671 3350 1931 3391 nonquam·

1042 3390 1163 3433 ldem
1190 3405 1290 3433 mox
1310 3389 1542 3434 Othonem
1565 3407 1627 3433 an
1643 3393 1686 3433 V
1686 3395 1897 3437 itelliom.

1099 3450 1236 3490 rebus
1252 3449 1478 3491 secundis.
1539 3447 1620 3491 Ed.
1636 3450 1749 3506 Spir.
1775 3451 1932 3491 ''c-bets-

1042 3520 1128 3560 que
1159 3508 1390 3550 secundis.
1450 3506 1562 3551 Mox
1591 3507 1742 3551 cadem
1771 3507 1914 3565 pergit
