2138 4030
165 205 306 303 v454

762 234 1470 299 HISTORIARUM
1646 318 1650 335 ι
1726 237 1958 320 ᾒ;ἓ;8ξῗ;’

184 373 488 431 voluntate
540 367 1072 448 Agrippinensium
1125 379 1553 444 perpetravere.
1669 371 1783 431 sed
1842 390 2044 430 coram

185 457 349 515 adire
385 457 744 534 adloquique
771 455 1056 512 Veledam
1090 447 1386 527 negatum.
1416 508 1420 513 .
1485 455 1837 513 arcebantur
1875 475 2045 533 aspa-2

185 553 313 612 ctu,
356 562 474 620 quo
501 541 898 599 venerationis
927 541 1062 615 plus
1087 539 1320 596 inesset.
1404 536 1537 614 Ipsa
1563 540 1719 597 edita
1753 541 1820 596 in
1853 537 2043 604 turre:
2076 556 2080 595 J

187 628 448 684 delectus
478 646 510 683 e
544 626 897 702 propinquis
925 625 1192 682 consulta
1215 643 1613 703 responsaque
1639 636 1707 683 ut
1728 621 2049 689 internum-2

135 747 140 757 ι
185 712 304 770 tius
330 712 593 769 numinis
617 713 907 788 portabat.
1816 762 1817 765 ,
1960 719 1966 726 “
2034 764 2046 775 ,,

352 796 515 855 LXV
526 795 572 857 I.
670 795 908 854 Civilis·
930 794 1205 852 societate
1255 790 1784 869 Agrippinensium
1841 808 2047 857 auctus

182 881 481 957 proximas
530 882 792 939 civitates
837 881 1131 945 adfectare
1177 890 1280 937 aut
1323 880 1772 939 adversantibus
1819 883 2049 946 bellum

184 968 404 1026 inferre
431 967 650 1025 statuit.
727 965 1140 1042 occupatisque
1166 964 1403 1023 Sunicis
1425 977 1483 1023 et
1508 967 1814 1025 iuventute
1841 988 2048 1027 eorum

182 1073 291 1128 per
315 1049 583 1110 cohortes
608 1051 950 1127 composita,
985 1071 1104 1127 quo
1129 1046 1329 1106 mimis
1357 1050 1513 1107 ultra
1535 1063 1834 1125 pergeret,
1865 1051 2048 1112 Clau-

186 1137 320 1196 dius
364 1137 565 1195 Labeo
616 1134 991 1193 Betasiorum
1037 1135 1540 1211 Tungrorumque
1589 1147 1647 1193 et
1687 1135 2046 1196 Nerviorum

184 1222 570 1281 tumultuaria
617 1242 800 1279 manu
852 1221 1096 1290 restitit,
1162 1223 1347 1279 fretus
1390 1221 1552 1290 loco,
1622 1221 1760 1298 quia
1804 1235 2047 1298 pontem

186 1307 393 1366 Mosae
438 1307 704 1363 fluminis
740 1317 1123 1381 anteceperat.
1228 1307 1718 1383 pugnabaturque
1753 1307 1819 1362 in
1860 1328 2047 1383 angu-

187 1393 312 1450 stiis
351 1392 658 1465 ambigue,
710 1394 898 1449 donec
938 1390 1226 1448 Germani
1263 1402 1695 1449 transnatantes
1730 1402 1890 1467 terga
1928 1393 2049 1451 La-

185 1477 394 1536 beonis
439 1478 723 1536 invasere.
833 1478 1011 1533 simul
1048 1474 1255 1533 Civilis
1291 1496 1466 1533 ausus
1501 1497 1578 1533 an
1619 1497 1687 1534 ex
1725 1480 2047 1555 composito

186 1563 392 1621 intulit
425 1582 485 1618 se
511 1563 732 1636 agmini
755 1561 1143 1636 Tungrorum
1173 1574 1228 1619 et
1251 1563 1406 1619 clara
1430 1582 1598 1620 voce:
1654 1582 1829 1632 „non
1870 1565 2004 1622 ideo
2021 1565 2047 1616 .''

184 1648 380 1727 inquit
422 1648 692 1720 „bellum
719 1649 1101 1726 sumpsimUS‚
1144 1658 1211 1704 ut
1237 1644 1543 1707 Batavi.et
1572 1645 1823 1707 Treveri
1857 1650 2048 1723 genti-

185 1901 319 1943 dom‘s
343 1901 489 1944 missi.
514 1923 572 1934 --
625 1899 795 1944 Eadem
833 1918 936 1944 mox
976 1917 1080 1945 cum

120 2007 122 2012 y
186 1958 292 2027 MS.
327 1957 465 2002 Corb.
497 1961 784 2015 colloquique
828 1975 912 2019 pro
943 1963 1082 2003 adlo-

187 2031 372 2072 quzque.

122 2144 130 2158 s
244 2099 372 2141 edita
403 2101 451 2142 in
484 2107 633 2143 turre.
689 2099 767 2144 Sic
797 2100 899 2146 MS.
925 2100 1081 2145 Guelf.

185 2155 290 2200 edd.
314 2157 420 2201 Put.
452 2156 658 2200 Beroald.
688 2161 812 2212 (cum
838 2158 907 2202 sil.
936 2158 1080 2213 Viet.)

184 2215 817 2327 aaaadz‘zffx‘sffff
831 2215 1082 2316 {affer

184 2329 269 2372 dus
307 2345 331 2372 e
365 2329 468 2372 eod.
502 2287 790 2386 Regpadi'ert
830 2291 1081 2385 aditami'bss

187 2394 338 2430 trare.
417 2386 520 2430 MS.
559 2389 665 2443 Agr.
703 2391 849 2443 adyta
881 2391 1080 2431 intrare.

185 2442 386 2503 Ryckius
409 2443 617 2502 explicat:
652 2442 841 2493 Veleda,
873 2447 1082 2503 quotiens

184 2503 526 2550 consuleretur,
557 2501 751 2545 intrabat
778 2504 926 2562 adyta.
991 2502 1080 2546 Sed

185 2559 406 2621 scriptura
432 2559 609 2618 vulgata
636 2558 739 2602 satis
770 2568 863 2604 tuta
894 2560 1083 2604 videtur.

244 2644 469 2686 delectu&
540 2644 618 2688 Sic
650 2643 755 2687 MS.
783 2642 942 2687 Guelf.
980 2643 1082 2686 edd.

187 2698 309 2757 Spir.
337 2700 438 2744 Put.
468 2700 678 2745 Beroaid.
700 2703 821 2756 (cum
845 2701 916 2744 sil.
949 2701 1084 2757 Vict.)

188 2773 285 2814 sqq.
321 2773 461 2815 usque
497 2760 549 2802 ad
580 2759 805 2818 Lipsium,
848 2759 925 2816 qui
956 2774 1086 2801 more

188 2831 272 2857 suo
301 2815 438 2858 edidit
463 2818 675 2860 dilectus.
737 2815 945 2859 Veterem
969 2816 1084 2858 scri-

188 2880 368 2929 pturam
396 2885 672 2918 revocarunt
695 2872 915 2926 Pichem,
959 2872 1083 2916 Gru-

189 2939 311 2972 tetus
336 2946 435 2988 sqq.
1015 2971 1017 2975 ,

981 2999 1086 3045 MS.

190 3055 343 3100 Guelf.
373 3059 558 3116 negligit
595 3067 655 3103 ut.
717 3060 801 3102 Ed.
826 3058 966 3117 Spin,
1002 3059 1085 3101 rni-

189 3127 294 3160 rum
328 3115 478 3169 dictu,
520 3134 601 3174 pro
635 3119 844 3160 numinis
878 3116 965 3159 fert
994 3118 1083 3158 hu·

249 3008 300 3041 ut
331 3002 645 3044 internuncius
676 3003 895 3045 numinis.

139 3185 142 3187 ·
190 3173 348 3216 met-Is.

248 3255 360 3300 CAP.
395 3256 465 3299 66.
542 3260 761 3300 societate
800 3259 861 3300 A.
903 3264 1081 3299 auctus.

188 3312 274 3357 Ed.
302 3313 423 3372 Spir.
445 3317 716 3358 societatem
743 3317 997 3370 Affmctus.

247 3395 447 3440 Sunicis.
518 3392 596 3436 Sic
617 3392 755 3437 MSS.
779 3393 903 3435 Flor.
935 3389 1084 3434 Guelf-

173 3452 317 3499 ,llarL
342 3452 473 3496 Bodl.
502 3452 585 3494 les.
611 3449 715 3492 edd.
743 3451 845 3499 Put.
867 3450 939 3492 M.
966 3454 1010 3491 et
1030 3446 1087 3491 V.

190 3509 403 3554 Beroald.
441 3511 575 3563 (cum
621 3507 763 3551 silent.
807 3506 951 3559 Vict.)
989 3520 1084 3562 sqq.

152 3561 155 3569 ¹
191 3567 326 3613 Teste
354 3567 442 3611 lae.
470 3565 711 3610 Gronovio
748 3565 793 3607 in
832 3565 934 3608 cod.
960 3562 1087 3606 Flor.

1155 1899 1347 1943 alterum
1375 1897 1675 1956 nsuperiore
1704 1898 1846 1957 spatio
1883 1898 2047 1943 adscri-
2127 1909 2131 1912 ⁴

1188 1966 1283 2000 tum
1336 1965 1426 2008 est,
1483 1965 1533 1999 ut
1574 1955 1693 2013 legas
1730 1957 1962 2004 Sunnicis.
1989 1985 2049 1994 -

1154 1974 1261 2058 RIS.
1286 2016 1397 2071 Agr.
1429 2013 1645 2057 Sinnicis.
1676 2041 1736 2051 —-
1785 2012 1890 2058 MS.
1929 2013 2046 2060 Bud.

1155 2071 1381 2119 Sunucis,
1440 2079 1489 2114 ut
1521 2070 1657 2116 MSS.
1700 2072 1820 2139 apud
1852 2070 1975 2116 Ptin.
2006 2073 2050 2124 4,

1156 2130 1229 2172 17.
1249 2153 1308 2164 ——
1344 2128 1445 2172 MS.
1470 2127 1585 2184 Reg.
1609 2131 1829 2173 summis.
1851 2156 1912 2167 -—
1963 2127 2048 2174 Ed.

1153 2186 1275 2244 Spir.
1297 2200 1458 2227 sumas
1483 2193 1529 2228 et
1557 2187 1852 2229 iuventutem
1880 2201 2046 2230 eorum

1155 2251 1198 2300 ,p
1218 2245 1432 2286 cohortes
1454 2244 1778 2297 compositam.

1214 2343 1616 2400 Tungrorumque.
1677 2341 1756 2387 sie
1784 2342 1887 2387 edd.
1924 2342 2047 2402 Spir.

1154 2400 1359 2444 Rhenan.
1381 2418 1479 2460 sqq.
1514 2425 1570 2435 —
1642 2400 2050 2458 Turingorumquc

1154 2459 1256 2503 MS.
1272 2457 1426 2503 Guelf.
1454 2458 1557 2502 edd.
1579 2457 1681 2501 Put.
1706 2457 1914 2503 Beroald.
1929 2460 2054 2515 Alc-3

1153 2525 1197 2558 at
1231 2532 1333 2559 mox
1365 2516 1544 2560 eaedem
1585 2515 1804 2558 editiones
1844 2517 2050 2560 exhibent

1156 2574 1482 2627 Tungrorum,
1510 2581 1553 2616 et
1577 2572 1739 2615 deinde
1764 2571 1923 2616 iterum
1949 2574 2047 2619 Tu-

1154 2632 1397 2684 ringorum
1414 2663 1426 2682 ,
1493 2630 1569 2673 ubi
1611 2630 1643 2668 V
1652 2630 1838 2674 ictorius
1881 2648 1906 2674 e
1945 2631 2048 2677 MS.

1153 2688 1279 2732 Flor.
1305 2688 1493 2730 correxit
1513 2689 1827 2742 Tungrorum.
1869 2688 1929 2733 cf.
1951 2698 2048 2734 not.

1155 2745 1211 2790 ad
1235 2762 1274 2789 e.
1299 2746 1370 2789 55.
1395 2755 1439 2788 et
1461 2745 1583 2789 alibi.

1215 2852 1588 2890 transnatantes.
1676 2843 1754 2889 Sic
1790 2844 1894 2891 edd.
1927 2845 2046 2907 Spir.

1157 2902 1342 2946 Pichen.
1362 2903 1576 2969 Bernegg.
1591 2918 1689 2961 sqq.
1745 2902 1862 2946 Nam
1879 2903 1924 2948 in
1946 2905 2048 2951 cod.

1157 2961 1280 3004 Flor.
1301 2959 1494 3004 Pichena
1519 2961 1630 3004 vidit
1653 2967 1964 3017 tranatancps.
1992 2986 2050 2997 —

1157 3025 1409 3060 tranantes
1435 3018 1571 3062 MSS.
1597 3016 1752 3061 Guelf.
1775 3017 1896 3063 Harl.
1916 3019 2047 3064 Bodt.

1160 3077 1243 3118 les.
1269 3075 1383 3118 ssud.
1419 3075 1519 3118 edd.
1551 3075 1657 3119 Put.
1682 3074 1890 3132 Beroald.
1924 3078 2048 3133 (cum

1157 3132 1226 3176 sil.
1257 3131 1393 3184 Vict.)
1429 3148 1527 3190 sqq.
1564 3132 1618 3175 ad
1651 3131 1913 3178 Pichenam.
1995 3135 2048 3178 In

1158 3188 1360 3248 margine
1386 3190 1491 3233 eod.
1517 3189 1652 3234 Bodl.
1683 3189 1958 3246 adscriptum
1983 3198 2048 3237 est

1155 3254 1478 3299 tranatantes,
1509 3246 1631 3305 quod
1653 3263 1735 3291 cur
1758 3246 1951 3292 Pichena
1983 3265 2050 3292 re·

1155 3304 1326 3363 spuerit
1350 3319 1444 3347 non
1467 3319 1696 3363 assequor.

1182 3436 1186 3442 ‚
1212 3403 1309 3432 non
1343 3390 1469 3439 ideo,
1504 3388 1666 3444 inquit.
1728 3387 1860 3431 MSS.
1893 3384 2046 3432 Guelf.

1159 3445 1294 3490 Bodl.
1348 3445 1431 3489 les.
1486 3449 1722 3493 nondum.
1781 3445 1948 3501 inquit.
1990 3471 2046 3483 ..-

1161 3502 1382 3604 ἲὲἓῖαεά.
1413 3502 1533 3561 Spir.
1574 3512 1624 3545 ue
1658 3503 1838 3545 traueri
1875 3510 1934 3546 et.
1962 3505 2049 3545 ba·-
