2138 4030
1732 255 1786 312 Ἀ.
1797 273 1856 313 u.
1867 245 1972 315 ms

1731 318 1847 358 Arc.
1893 320 1962 358 '⁷OE

158 242 258 340 *54
750 270 1471 339 nisroniARUM-

182 408 403 466 imitari
434 407 764 485 principem
799 409 998 468 discat.
1068 425 1212 463 non
1250 408 1734 482 exspectandum,
1776 421 1844 468 ut
1879 431 2040 470 com-

181 494 389 572 positis
418 494 618 552 castris
641 496 840 552 forum
864 494 1106 549 invadat
1135 502 1192 547 et
1215 499 1623 567 prospectante
1649 489 1844 552 Galba
1860 493 2052 574 Capi--

182 577 396 659 toliuin
421 579 616 652 adeat,
652 577 796 637 dum
822 578 1085 652 egregius
1109 576 1429 651 imperator
1455 597 1591 654 cum
1612 579 1872 638 fortibus·
1888 583 2038 640 ami-

184 664 266 721 cis
298 663 484 722 'ianua
523 685 589 722 ac
625 665 832 721 limine
870 675 1042 720 tenus
1081 662 1327 719 domum
1366 662 1568 722 cludit.
1620 696 1625 705 s
1667 664 2038 725 ohsidionem

181 750 468 806 nimirum
500 751 880 807 toleraturos:
934 759 989 804 et
1022 747 1392 822 praeclarum
1424 747 1488 803 in
1526 748 1710 805 servis
1735 752 2040 824 auxilium,

156 832 158 835 ’
185 835 579 905 si3consensus
605 831 1230 907 tantaem‘ultitudinis
1266 843 1351 902 et,
1405 853 1555 909 quae
1581 834 1910 908 plurimum
1936 859 2041 896 va—

182 921 291 989 let,
334 921 526 997 prima
551 918 883 993 indignatio
914 919 1299 991 elanguescat.
1383 917 1647 976 Proinde
1674 919 1867 978 intuta
1891 943 2059 1000 quae-

183 1006 490 1064 indecora:
531 1007 627 1062 vel
667 1006 716 1060 si
744 1004 950 1061 cadere
974 1022 1206 1060 necesse
1232 1002 1336 1072 sit,
1377 1006 1808 1062 occurrendum
1832 1008 2042 1066 discri-
2075 1053 2077 1056 ψ

181 1091 360 1148 mini:
448 1091 510 1147 id
539 1087 775 1148 Othoni
817 1089 1173 1146 invidiosius
1213 1099 1268 1144 et
1308 1087 1451 1162 ipsis
1485 1085 1822 1152 honestum.
1919 1089 2049 1152 Re-

178 1187 541 1252 pugnantem
569 1172 710 1233 huic
734 1175 1057 1232 sententiae
1079 1172 1332 1230 Vinium
1351 1173 1507 1231 Laco
1527 1175 1841 1233 minaciter
1872 1177 2042 1235 inva-

179 1262 254 1319 sit
290 1261 630 1319 stimulante
665 1259 820 1318 Icelo
859 1259 1078 1337 privati
1113 1259 1238 1316 odii
1274 1259 1598 1333 pertinacia
1633 1260 1700 1316 in
1734 1262 2043 1336 publicum

183 1346 448 1406 exitium.
1780 1350 1781 1353 ’
1941 1333 1964 1349 “
2045 1394 2051 1398 ,

348 1442 633 1504 XXXIV.
683 1443 807 1502 Nec
848 1444 1072 1502 diutius
1110 1441 1305 1500 Galba
1349 1453 1655 1501 cunctatus
1691 1445 2042 1520 speciosiora

180 1530 564 1587 suadentibus
597 1530 850 1589 accessit.
936 1529 1292 1605 praemissus
1331 1539 1530 1585 tamen
1565 1529 1630 1584 in
1669 1541 1855 1589 castra
1878 1529 2042 1604 Piso,

177 1628 243 1674 ut
290 1615 522 1673 iuvenis
569 1635 782 1689 magno
832 1615 1110 1685 nomine,
1171 1613 1393 1671 recenti
1437 1615 1640 1671 favore
1680 1625 1736 1672 et
1774 1615 2040 1677 infensus

1147 1832 1271 1889 Spir.
1340 1832 1456 1876 Nam
1492 1830 1598 1876 licet
1630 1831 1733 1877 MS.
1767 1834 1890 1879 Flor.
1927 1839 2042 1890 (test.

1147 1890 1290 1945 vict.)
1312 1889 1431 1933 ferat
1451 1890 1714 1940 obsidione,
1753 1891 1887 1936 facile
1915 1892 2049 1940 intel-

174 1833 297 1892 Lips.
310 1857 368 1867 —-
384 1819 685 1877 conctatione'
698 1821 797 1878 edd.
814 1834 913 1880 Alc.
926 1833 1072 1878 Rhen.

178 1892 283 1936 Ald.
363 1891 466 1936 MS.
500 1890 651 1936 Guelf.
687 1908 710 1935 a
749 1894 895 1949 prima
934 1895 1073 1935 manu

176 1950 344 2006 ubique
371 1950 468 1992 fere
498 1949 651 1992 habuit
683 1952 911 2001 cantatio,
953 1949 1074 2007 quod
1148 1947 1300 2004 ligitur
1322 1947 1516 1991 litteram
1541 1963 1588 1989 m
1612 1965 1705 1992 esse
1734 1948 1993 2008 absorptam
2022 1969 2046 1996 a

175 2007 374 2051 secunda
409 2023 571 2050 manus
605 2015 860 2051 constanter
891 2006 1076 2051 mutavit
1148 2005 1369 2049 vocabulo
1430 2006 1673 2049 nimirum.
1766 2006 1871 2051 MS.
1930 2008 2044 2055 Bud.

175 2065 223 2108 in
249 2066 498 2107 cunctatio.
991 2121 998 2131 ⁸
1062 2120 1071 2130 ·
1149 2063 1268 2128 (test.
1299 2061 1474 2162 Rheng⁸
1495 2065 1823 2130 toleraturum.
1899 2065 2045 2126 Vulgo

234 2135 332 2164 non
377 2126 768 2176 exspectandum.
849 2121 927 2165 Sic
969 2121 1074 2164 hbm
1147 2119 1225 2162 hie
1253 2118 1382 2162 locus
1407 2135 1428 2162 e
1465 2128 1553 2162 itur
1585 2136 1675 2164 sic:
1718 2122 1883 2171 eludit,
1923 2125 2047 2167 obsi-

1147 2178 1340 2220 dionem
1362 2177 1590 2220 nimirum
1621 2180 1924 2224 toleraturus.
1965 2184 2049 2227 “Et

1149 2242 1259 2286 ete„
1290 2234 1355 2276 uti
1377 2233 1566 2277 habetur
1588 2234 1634 2276 in
1656 2235 1758 2280 MS.
1770 2234 1924 2282 Guelf.
1947 2239 2047 2287 edd.

1147 2291 1254 2336 Put.
1280 2292 1382 2337 Ber.
1406 2291 1509 2335 Ale.
1532 2291 1676 2336 Rhen-
1697 2292 1811 2338 Ald.'
1829 2310 1929 2353 sqq.
1998 2340 2002 2346 ,

1208 2348 1328 2408 ‹juae
1352 2351 1610 2403 plurimum
1642 2353 1785 2395 valet.
1848 2353 1925 2397 Sic
1953 2353 2066 2399 An.‘

1151 2407 1219 2458 16,
1263 2409 1298 2451 1.
1341 2414 1394 2449 ut
1434 2409 1697 2451 coniectura
1735 2411 2044 2457 demonstrat.

178 2187 284 2224 vett.
311 2196 483 2222 omnes.
544 2179 609 2223 Ut
641 2179 941 2223 efficaciorem
968 2179 1076 2222 red-

178 2237 286 2293 dant
320 2236 591 2288 orationem,
623 2236 960 2281 Freinshemius
991 2252 1074 2295 pro

178 2303 273 2337 non
300 2293 398 2339 vult
424 2310 511 2347 an,
552 2295 639 2337 lac.
665 2293 926 2338 Gronovius
958 2309 1075 2336 num

177 2352 418 2411 plaudente
451 2351 782 2396 Strombeckio,
851 2351 941 2395 Sed
974 2352 1077 2395 ton-

176 2410 277 2468 gior
300 2417 365 2453 est
387 2409 625 2467 periodus,
653 2425 789 2466 quam
811 2418 861 2452 ut
881 2409 1072 2452 interro-

178 2467 324 2524 gando
351 2467 594 2511 commode
620 2468 765 2510 efferri
788 2467 946 2526 possit.

238 2526 383 2567 ianua
421 2540 476 2566 ac
510 2525 673 2568 limine
711 2533 859 2568 tenus.
931 2524 1076 2582 Syno-

177 2591 335 2640 nyma.
388 2581 448 2626 cf.
482 2581 616 2625 Roth.
653 2600 698 2641 p.
730 2583 771 2627 8.
842 2582 1075 2639 Intellige:

181 2657 277 2684 non
298 2640 410 2684 ultra
432 2640 610 2682 ianuam
635 2656 686 2685 ac
707 2641 846 2683 limen
867 2649 998 2697 atque
1018 2639 1078 2682 ita

182 2706 232 2740 ut
256 2698 373 2740 intra
402 2697 581 2740 ianuam
617 2714 668 2741 ae
703 2697 840 2740 limen
870 2697 1079 2741 subsistat

182 2754 691 2856 ae.‘¹.¹‡5..¹2¹.1213222‘3:2³2
720 2754 1080 2856 &satiatas-

182 2876 456 2929 presserunt.
522 2868 579 2913 Et
601 2869 872 2914 Rieklefsius
899 2869 1081 2928 quidem

181 2927 421 2971 audaciore
446 2927 638 2983 quodam
660 2927 806 2970 studio
830 2935 962 2972 tenus
983 2943 1079 2968 mu-

184 2993 247 3028 tat
302 2983 349 3027 in
398 2984 543 3026 intus:
604 2987 755 3027 durch
798 2985 844 3028 T
840 2988 935 3029 Ιιίὶν
985 2987 1080 3026 und

182 3043 409 3088 Schwelle
475 3042 668 3083 daheim
735 3045 827 3085 den
897 3042 1080 3085 Pallast

183 3114 356 3154 sperre.
427 3098 530 3142 MS.
569 3098 719 3142 Guelf.
761 3102 905 3144 ianua
940 3107 985 3143 et
1019 3101 1077 3142 li-

204 3173 327 3201 nme.

186 3175 205 3202 1
244 3214 403 3258 cludit.
434 3213 796 3258 SleSS-Flor.
822 3214 1079 3271 (test.Vict.)

184 3273 297 3329 Reg.
333 3272 434 3316 edd.
463 3272 583 3329 Lips.
615 3287 712 3329 sqq.
774 3272 831 3315 cf.
868 3272 991 3315 Dial.
1028 3272 1082 3314 de

187 3331 321 3374 Orat.
344 3347 383 3373 e.
404 3330 476 3374 35.
538 3328 694 3371 Germ.
720 3344 759 3373 c.
779 3328 836 3372 34
857 3338 899 3372 et
921 3329 992 3372 35.
1024 3353 1082 3361 —

186 3390 394 3432 excludit
435 3385 537 3431 MS.
576 3383 716 3430 corb.
763 3387 831 3429 ed.
869 3386 983 3445 Spir.
1025 3411 1083 3420 --

187 3447 361 3489 claudit
391 3445 530 3488 MSS.
562 3442 686 3487 Harl.
711 3443 843 3486 Bodl.
868 3444 949 3487 les.
969 3444 1084 3488 Bud.

189 3502 340 3547 Guelf.
364 3503 464 3546 edd.
482 3503 589 3546 Put.
613 3516 711 3558 sqq.
736 3501 791 3545 ad
812 3500 1028 3558 Lipsium.

245 3563 535 3605 obsidionem
581 3559 810 3602 nimitum
858 3560 1085 3603 toleratu-

186 3634 274 3664 ros.
334 3618 410 3663 Sic
434 3618 536 3665 MS.
558 3615 682 3661 Flor.
712 3617 827 3671 (test.
849 3614 988 3674 Vici.)
1017 3617 1085 3663 ed.

1149 2464 1255 2507 Vid.
1280 2465 1342 2508 ihi
1366 2473 1461 2509 not.
1485 2473 1529 2509 et
1548 2465 1603 2509 ad
1618 2465 1846 2518 An.2;26.
1869 2469 1952 2513 sub
1973 2484 2044 2516 vv.
2084 2498 2088 2500 ἡ

1150 2525 1416 2569 consultum
1435 2529 1520 2568 est,
1909 2529 1914 2535 “

1205 2581 1361 2635 prima
1411 2581 1672 2635 indignatio
1732 2583 2044 2637 elanguescat.

1151 2639 1252 2682 MS.
1284 2636 1407 2681 Flor.
1442 2639 1558 2690 (test.
1590 2637 1706 2681 Vict.
1740 2654 1781 2682 c.
1813 2639 1901 2685 lac.
1925 2640 2043 2685 Gro-

1151 2697 1292 2749 nov.)
1345 2696 1509 2750 prima
1560 2695 1886 2750 indignatione
1937 2701 2044 2743 lan-

1150 2759 1363 2808 guescat,
1408 2753 1531 2796 unde
1575 2752 1663 2796 lac.
1689 2751 1899 2800 Grono‘v.
1938 2756 2046 2803 feeit

1153 2810 1275 2867 quod
1325 2809 1500 2854 edimus
1545 2811 1864 2869 praeeuntibus
1906 2814 2046 2867 Lalle.

1151 2867 1352 2916 mando,
1434 2867 1737 2919 Dottevillio,
1821 2867 2046 2918 obex-lino

1151 2941 1251 2982 sqq.
1299 2949 1357 2957 —
1429 2927 1591 2981 prima
1634 2926 1897 2981 indignatio
1928 2932 2047 2974 ιΙαη-
2087 2953 2089 2957 r

1149 2990 1343 3037 guescat
1373 2983 1478 3029 MS.
1500 2982 1653 3026 Guelf.
1688 2983 1790 3026 edd.
1823 2984 1925 3031 Put.
1948 3005 1969 3032 s
2035 3009 2061 3035 e

1150 3055 1294 3098 usque
1316 3040 1371 3083 ad
1393 3040 1668 3085 Lallemand.
1693 3049 1738 3085 et
1761 3040 1920 3088 deinde
1941 3003 2046 3091 edd.

1150 3097 1328 3142 Ernest.
1386 3099 1565 3142 Broter.
1628 3122 1685 3130 —
1759 3101 1945 3157 primag
1972 3105 2044 3148 in-

1151 3156 1361 3210 dignatio
1393 3158 1656 3212 languescit
1682 3154 1786 3200 MS.
1808 3156 1947 3205 corb.
1974 3164 2046 3208 ed.

1154 3213 1271 3271 Spir.
1340 3213 1452 3256 Mox
1492 3213 1596 3258 libri
1637 3220 1748 3259 vett.
1783 3223 1826 3259 et
1857 3227 2046 3263 recenti.

1154 3286 1312 3371 ῗὲηηεε
1338 3272 1543 3326 proinde
1578 3270 1638 3316 cf.
1674 3278 1772 3316 not.
1803 3273 1860 3317 ad
1891 3273 2048 3327 Ans&

1213 3385 1266 3428 V
1260 3386 1420 3432 inium.
1476 3385 1601 3430 Libri
1625 3393 1759 3439 vett„
1780 3395 1831 3431 ut
1851 3396 1904 3433 su
1938 3406 2004 3436 ra.

1212 3443 1360 3489 Icelo..
1413 3442 1491 3487 Sic
1511 3443 1613 3488 MS.
1627 3443 1750 3488 Flor.
1775 3449 1898 3503 (test.
1954 3448 2052 3508 iet.)

1156 3499 1257 3544 edd.
1271 3500 1386 3557 Lips.
1402 3516 1501 3600 sgq.
1523 3529 1582 3541 --
1609 3499 1755 3545 Icello
1775 3504 1849 3554 ed.
1865 3503 1897 3550 S
1929 3505 2051 3551 ir.—

1155 3557 1328 3614 Hycelo
1364 3557 1418 3602 ed
1455 3589 1467 3601 .
1501 3558 1606 3604 Put.
1639 3559 1710 3604 M.
1739 3568 1783 3605 et
1814 3559 1871 3607 V.
1977 3576 2048 3610 eu.

1157 3614 1262 3660 Ald.
1294 3639 1351 3649 —
1410 3615 1603 3673 Hycello
1625 3616 1695 3662 ed.
1719 3617 1825 3665 Ber.
1876 3619 1937 3666 cf.
1957 3630 2051 3668 not.
