2138 4030
957 139 1003 186 ,Ὦ

652 260 826 322 LIB.
865 260 972 322 111.
1027 256 1245 323 “CAP.
1280 262 1391 322 '13.

185 262 236 297 A.
258 261 308 296 u.
332 258 418 296 82³.
446 270 450 276 =

162 320 164 324 -
187 304 235 339 A.
260 304 306 339 e.
353 303 413 358 70.

1821 238 1943 330 271
1992 250 2000 257 '

21 400 25 405 ’
97 397 248 454 tium
270 392 522 451 extollit:
575 388 949 463 transfugisse
975 390 1244 459 classem,
1286 391 1345 447 in
1385 403 1509 448 arto
1539 411 1948 471 commeatum,

99 482 368 536 adversas
417 475 646 533 Gallias
695 473 1158 551 Hispaniasque,
1226 472 1378 531 nihil
1407 476 1487 532 ‘in
1542 481 1688 536 urbe
1738 474 1945 541 fidum:

98 577 270 641 atque
297 562 497 620 omnia
532 562 603 616 de
628 558 870 616 Vitellio
900 560 964 614 in
997 561 1271 620 deterius.

1356 581 1491 617 mox
1530 563 1948 638 incipientibus

98 650 201 726 qui
239 647 456 705 conscii
493 647 739 702 aderant
777 655 996 700 ceteros
1037 665 1291 701 renova
1330 647 1609 704 attonitos
1658 650 1721 705 in
1765 655 1943 711 verba

97 732 441 809 Vespasiani
480 730 680 803 adigit.

96 819 255 875 missi
295 816 397 894 qui
436 813 703 888 Antonio
736 814 1096 878 nuntiarent.

764 729 940 785 simul
980 728 1208 787 Vitellii
1245 731 1538 803 imagines*
1573 734 1946 810 dereptae'et

1182 815 1298 871 Sed
1337 815 1443 871 ubi
1484 817 1616 874 totis
1646 821 1846 876 castris
1881 823 1946 879 in

94 905 246 960 fama
271 900 559 977 proditio,
601 919 905 968 recurrens
934 899 997 953 in
1022 899 1310 974 principia
1332 901 1499 957 miles
1521 905 1944 980 praescriptum

95 986 444 1065 Vespasiani
497 1005 744 1052 nomen,
810 984 1097 1058 proiectas
1151 982 1381 1040 Vitellii
1437 988 1652 1059 effigies
1707 992 1944 1065 aspexit,

94 1083 322 1129 vastum
362 1070 552 1145 primo
599 1069 929 1137 silentium,
971 1089 1107 1125 mox
1145 1081 1349 1126 cuncta
1387 1071 1566 1127 simul·
1599 1075 1942 1151 erumpunt:

95 1155 210 1215 huc
279 1155 553 1213 cecidisse
598 1152 939 1211 Germanici
996 1153 1278 1212 exercitus
1339 1155 1620 1229 gloriam,
1697 1171 1762 1217 ut
1816 1161 1942 1218 sine

150 1403 199 1444 in
235 1397 341 1441 arto
372 1403 694 1439 commeatum.
753 1394 830 1438 Sic
867 1393 980 1446 (sive

54 1468 57 1469 ’
95 1461 145 1502 in
169 1459 322 1507 arcto)
357 1453 490 1496 MSS.
515 1452 667 1495 Guelf.
694 1452 818 1495 Harl.
846 1452 980 1495 Bodl-

94 1516 174 1559 les.
213 1513 310 1566 edd,
334 1511 434 1554 Put.
456 1510 524 1554 Μ.
561 1519 603 1553 et
633 1510 682 1555 V.
718 1510 815 1552 Ber.
853 1512 978 1560 (cum

93 1575 238 1616 silent.
263 1568 399 1625 Vici.)
422 1568 522 1613 Alc.
556 1575 597 1609 et
622 1567 781 1609 deinde
807 1567 979 1609 Ernest.

93 1631 218 1674 Brot.
243 1643 340 1686 sqq.
363 1627 423 1658 -'—
466 1623 528 1668 At
552 1625 687 1669 MSS.
712 1625 836 1667 Flor.
860 1627 977 1679 (test.

90 1689 180 1732 lac.
207 1684 430 1738 Gronov.)
459 1672 570 1739 Poeg.
607 1683 720 1737 (test.
751 1682 897 1731 Brot.)
929 1683 978 1722 in

89 1759 196 1788 arce
251 1748 579 1788 commeatum.
687 1738 978 1794 Eandemque

11 1816 16 1821 “
89 1801 354 1858 scripturam
382 1797 559 1840 Ernest.
593 1803 636 1839 et
661 1795 788 1839 Brot.
824 1811 873 1838 ex
906 1799 977 1838 ed.

90 1859 207 1917 Spir.
245 1855 509 1899 attulerunt:
553 1853 630 1896 sed
665 1853 726 1896 ibi
758 1862 822 1896 est
854 1851 976 1908 quod

90 1918 135 1960 in
169 1914 304 1958 MSS.
340 1912 452 1968 Agr.
486 1910 624 1955 Corb.
662 1912 711 1952 in
753 1911 865 1952 ‹1cm
897 1925 976 1951 co-

90 1980 325 2018 meatum,
389 1968 508 2011 unde
560 1967 732 2026 Lipsius
782 1965 976 2024 sumpsit

89 2028 444 2074 emendationem
490 2041 614 2068 suam
656 2039 814 2067 arcem
845 2040 972 2065 com-

88 2094 350 2135 meatuum,
381 2098 494 2140 quae
526 2083 579 2126 ab
611 2081 710 2139 ipso
743 2083 789 2125 in
819 2081 972 2124 locum

84 2150 264 2200 recepta
287 2141 451 2196 (1574.)
479 2138 618 2184 valuit
641 2155 779 2195 usque
813 2138 866 2181 ad
896 2137 973 2179 Er·

84 2202 292 2244 uestium.
373 2197 475 2240 MS.
509 2195 622 2238 Bud.
656 2205 698 2240 et
732 2197 835 2238 inde
870 2195 971 2239 edd.

84 2259 225 2302 Rhen.
265 2254 368 2299 Ald.
407 2256 564 2308 inopia
607 2260 972 2296 commeatuum.

84 2314 322 2371 vulgatam
372 2312 641 2370 scripturam
689 2327 834 2352 veram
878 2325 971 2352 esse

83 2373 153 2417 vis
185 2370 320 2414 credo
352 2370 409 2413 ob
444 2369 689 2411 dissensum
723 2366 967 2410 meliorum

11 2438 12 2441 ’
85 2430 319 2473 librorum.
379 2426 470 2467 Pro
495 2425 628 2482 Lipsii
659 2424 969 2468 emendatione

81 2486 182 2530 satis
214 2483 318 2527 sacit
357 2499 460 2525 usus
495 2481 726 2540 loquendi.
785 2480 842 2524 cf.
868 2481 966 2525 Liv.

82 2544 122 2595 3,
145 2543 212 2585 57.
244 2541 460 2583 tribunal
485 2542 733 2581 castellum
758 2539 968 2580 omnium

81 2603 320 2644 scelerum.
409 2595 589 2639 Sallust.
627 2596 737 2639 Hist.
781 2596 823 2639 3.
867 2603 966 2650 (or.

80 2657 175 2700 Lic.
197 2655 321 2699 trib.)
341 2669 502 2696 arcem
525 2655 694 2696 habent
724 2668 787 2695 ex
806 2654 968 2707 spoliis

83 2713 266 2757 vestris.
324 2711 538 2754 Similiter
560 2713 855 2753 munimenta
875 2725 968 2753 ser·

82 2773 181 2814 vitii
198 2770 304 2812 Tac.
326 2768 437 2811 Hist.
472 2769 513 2819 4,
536 2769 607 2811 64.
651 2771 786 2811 sedes
817 2769 965 2811 servi-

81 2830 189 2871 tutis
221 2827 373 2884 Agric.
415 2842 454 2869 c.
493 2825 562 2868 16.
665 2824 790 2880 Quin
831 2823 968 2882 Lipsii

80 2884 435 2927 emendationem
467 2896 710 2940 reponam,
750 2882 793 2925 id
826 2898 968 2925 unum

81 2957 153 2984 me
193 2941 378 2997 impedit
419 2940 543 2997 quod
586 2948 764 2997 recepta
805 2955 829 2982 a
872 2939 967 2981 Pu-

77 2998 255 3042 teolano
286 2997 506 3052 scriptura
537 3005 682 3055 aptam
704 2995 965 3040 sententiam

80 3065 122 3099 et
145 3056 238 3113 ipsa
267 3054 432 3097 fundit.

135 3165 186 3206 in
228 3164 450 3206 deterius.
537 3160 624 3206 Ed.
656 3161 770 3220 Spir.
805 3163 854 3205 in
882 3164 963 3205 de·

79 3222 238 3265 ternis.

134 3334 362 3388 imagines
377 3334 612 3386 dereptae.
671 3331 747 3376 Sic
770 3332 866 3375 edd.
883 3331 964 3375 Er·

60 3399 189 3434 fnest.
210 3390 387 3434 Broter.
407 3405 502 3448 sqq.
516 3416 574 3425 -
604 3391 814 3443 direptae
832 3390 962 3435 MSS.

77 3452 121 3489 et
155 3457 255 3491 vett.
290 3447 390 3491 edd.
461 3446 518 3490 cf.
545 3445 632 3488 An.
659 3449 697 3498 1,
718 3448 790 3490 ΞΟ.
828 3445 869 3498 2,
891 3446 961 3491 45.

80 3502 147 3551 13,
167 3503 210 3546 5.
236 3504 305 3546 57.
333 3512 376 3546 et
398 3503 456 3546 ibi
481 3512 576 3545 not.
651 3505 732 3547 llic
768 3502 854 3546 loci
885 3505 960 3546 ‹li-

74 3568 232 3615 reptae
255 3576 344 3607 uon
367 3560 555 3605 omnino
581 3561 823 3605 absurdum
849 3568 927 3605 est.

1652 1399 1713 1444 cf.
1745 1400 1837 1446 An.
1873 1404 1940 1454 11,

1053 1455 1123 1496 19.
1151 1455 1199 1494 in
1223 1455 1588 1511 smt'strafiumz.
1634 1458 1686 1501 Yi
1709 1463 1732 1499 ἓ.
1759 1459 1821 1502 ibi
1844 1470 1938 1504 not.

1051 1510 1164 1553 Ilist.
1187 1511 1227 1558 Ξ,
1251 1510 1323 1553 73.
1369 1511 1479 1567 Agr.
1505 1530 1545 1556 c.
1570 1514 1641 1555 46.
1704 1514 1937 1573 vulgatam

1050 1569 1315 1625 scripturam
1381 1578 1564 1613 tuentur
1623 1572 1755 1616 MSS.
1815 1575 1938 1625 Flor.

1050 1627 1177 1680 (teste
1217 1624 1409 1681 Ryckio)
1450 1627 1566 1670 liud.
1607 1628 1761 1672 Guelf.
1808 1631 1938 1676 Harl.¹

1050 1682 1181 1725 Bodl.
1210 1683 1290 1724 les.
1314 1682 1452 1726 Cor-b.
1479 1685 1580 1727 edd.
1606 1685 1706 1728 Pur.
1730 1688 1796 1731 M.
1822 1698 1863 1731 et
1878 1690 1938 1736 V,

1049 1738 1259 1782 Beroald.
1299 1741 1425 1792 (cum
1465 1742 1531 1784 sil.
1572 1741 1714 1800 Vict.)
1749 1761 1847 1803 sqq.
1881 1775 1939 1782 —

1047 1797 1251 1853 infamia
1266 1799 1475 1850 prodidit
1492 1799 1590 1842 MS.
1603 1799 1711 1858 Reg.
1735 1802 1801 1847 ed.
1819 1803 1937 1860 Spir.

1047 1879 1104 1887 —
1133 1854 1334 1909 infamia
1351 1858 1544 1909 prodita
1567 1857 1666 1901 MS.
1690 1862 1805 1915 Agr.
1826 1878 1848 1903 a
1870 1878 1938 1919 pr.

1048 1927 1214 1964 manu;
1276 1911 1468 1967 infarw‘s
1509 1915 1715 1972 proditiq
1753 1916 1871 1960 idem
1911 1936 1935 1960 a

1045 1985 1135 2012 sec.
1159 1984 1308 2011 manu.
1323 1997 1381 2004 —
1419 1971 1644 2026 relfoma
1666 1976 1813 2015 didita
1833 1977 1935 2019 cod.

1046 2026 1295 2083 Lampugn.
1320 2026 1425 2079 (sive
1447 2027 1707 2072 coniectura
1720 2031 1932 2089 Freheri).

1043 2083 1273 2125 Ernestius
1307 2092 1408 2125 ante
1435 2099 1682 2129 recurrens
1705 2088 1931 2134 desidera-

1041 2141 1116 2183 bat
1139 2148 1202 2182 et.
1273 2139 1330 2183 At
1356 2140 1531 2198 elegans
1559 2143 1707 2200 potius
1739 2149 1933 2193 asnide-

1042 2206 1121 2239 ton
1143 2196 1324 2240 videtur
1348 2197 1420 2241 hic
1439 2215 1556 2250 esse,
1592 2209 1641 2243 ut
1664 2217 1766 2244 mox
1782 2195 1934 2258 Jvrae-

1040 2255 1265 2308 scriptum
1327 2255 1385 2298 V.
1445 2271 1616 2300 nomen
1631 2288 1644 2307 ,
1697 2264 1933 2314 proiectus

1042 2320 1130 2355 etc.

1099 2389 1263 2425 cuncta
1300 2383 1448 2425 simul
1479 2394 1750 2438 erumpunt.
1821 2388 1931 2432 Aci-

1041 2438 1183 2483 dalius
1216 2439 1468 2496 corrigebat
1503 2445 1670 2486 cuncti.
1749 2442 1930 2503 Bipom.

1040 2503 1203 2539 cuncta
1242 2506 1402 2553 quarto
1448 2514 1551 2542 casu
1591 2499 1840 2560 accipiunt,
1886 2513 1933 2547 ut

1040 2553 1135 2596 Cic.
1170 2554 1262 2596 Ait.
1300 2554 1362 2605 16,
1389 2553 1432 2597 3.
1467 2571 1526 2598 ηε
1561 2558 1609 2598 in
1640 2573 1717 2600 me
1746 2565 1931 2602 stoma-

1038 2613 1174 2652 chum
1210 2619 1473 2663 erumpant.
1535 2612 1719 2658 Terent.
1742 2614 1858 2662 Eun.
1891 2617 1933 2669 3,

1041 2669 1079 2719 5,
1107 2668 1146 2709 2
1193 2667 1361 2709 Iamne
1408 2684 1657 2726 erumpere
1699 2673 1785 2715 hoc
1827 2677 1931 2718 licet

1040 2726 1158 2767 mihi
1211 2726 1477 2780 gaudium?

1110 1397 1157 1437 in
1180 1394 1328 1450 fcmm
1357 1399 1576 1450 proditio.

1537 2776 1550 2780 ἢ
1561 2726 1709 2785 Vulgo
1762 2740 1930 2774 cuncta

1040 2797 1144 2825 casu
1187 2782 1463 2825 nominativo
1507 2784 1748 2843 accipitur:
1800 2791 1932 2832 Alles
1994 2800 1996 2802 ·

1040 2841 1181 2881 bricht
1202 2839 1301 2895 auf
1312 2840 1492 2881 eimnal
1511 2842 1594 2884 Ios.
1652 2842 1741 2888 Sed
1764 2846 1931 2891 rectius

1040 2895 1214 2955 putabis
1238 2899 1404 2938 cuncta*
1431 2899 1501 2952 (ab
1524 2897 1647 2941 omni
1671 2909 1808 2958 parte,
1839 2920 1927 2947 un..

1039 2953 1191 3011 dique.)
1221 2954 1416 3012 positum
1452 2962 1499 2996 ut
1526 2970 1738 3011 graecum
1762 2956 1928 3018 πάντη.

1038 3011 1098 3057 cf.
1123 3019 1216 3054 not.
1237 3011 1289 3053 ad
1315 3011 1400 3053 An.
1426 3013 1491 3063 12,
1515 3013 1588 3056 31.

1095 3096 1181 3135 huc
1211 3095 1437 3137 cecidisse.
1495 3094 1706 3142 Heinsius
1737 3101 1931 3147 malebat

1034 3153 1263 3250 ggcidt'sse.
1323 3151 1410 3194 Sed
1446 3150 1531 3198 vid.
1564 3164 1660 3200 not.
1693 3157 1748 3200 ad
1772 3158 1859 3203 An.
1884 3161 1928 3210 8,

1095 3276 1367 3320 Germanici
1386 3280 1634 3325 exercitus.
1693 3282 1772 3326 Sic
1792 3285 1929 3330 MSS.

1034 3335 1158 3377 Flor.
1192 3335 1310 3388 (test.
1341 3335 1479 3392 vict.)
1517 3338 1636 3383 Bud.
1669 3340 1772 3385 edd.
1805 3343 1926 3398 Spir-

1034 3390 1300 3436 Rl1en.Ald.
1324 3408 1343 3435 s
1379 3408 1423 3450 q.
1446 3410 1495 3428 -.;
1543 3398 1774 3439 Germani
1789 3413 1927 3440 exer-

1033 3449 1151 3489 citus
1183 3447 1320 3496 MSS.
1401 3451 1506 3496 uelf.
1537 3452 1662 3497 Harl.
1704 3453 1786 3498 les.
1822 3456 1926 3501 edd.

1033 3504 1137 3547 Put.
1169 3505 1238 3549 Μ.
1265 3515 1309 3551 et
1332 3504 1391 3556 V.
1424 3507 1529 3554 Ber.
1562 3509 1666 3554 Ale.
1739 3511 1799 3556 cf.
1828 3519 1926 3558 not.

1032 3563 1087 3605 ad
1109 3560 1220 3606 uisi.
1244 3565 1280 3615 1,
1306 3564 1349 3610 8.
