<?xml version="1.0" encoding="UTF-8"?>
<!DOCTYPE html PUBLIC "-//W3C//DTD XHTML 1.0 Transitional//EN"
    "http://www.w3.org/TR/xhtml1/DTD/xhtml1-transitional.dtd">
<html xmlns="http://www.w3.org/1999/xhtml" xml:lang="en" lang="en">
 <head>
  <title>
</title>
<meta http-equiv="Content-Type" content="text/html;charset=utf-8" />
  <meta name='ocr-system' content='tesseract 3.04.00' />
  <meta name='ocr-capabilities' content='ocr_page ocr_carea ocr_par ocr_line ocrx_word'/>
</head>
<body>
  <div class='ocr_page' id='page_1' title='image "./operarecensuitet03taciuoft/operarecensuitet03taciuoft_0147.png"; bbox 0 0 2138 4030; ppageno 0'>
   <div class='ocr_carea' id='block_1_1' title="bbox 655 204 1961 281">
    <p class='ocr_par' dir='ltr' id='par_1_1' title="bbox 655 204 1961 281">
     <span class='ocr_line' id='line_1_1' title="bbox 655 204 1961 281; baseline 0.001 -3"><span class='ocrx_word' id='word_1_1' title='bbox 655 215 833 279; x_wconf 61' lang='lat' dir='ltr'>Lm}</span> <span class='ocrx_word' id='word_1_2' title='bbox 867 214 962 280; x_wconf 55' lang='lat'>113</span> <span class='ocrx_word' id='word_1_3' title='bbox 1005 204 1139 276; x_wconf 38' lang='lat' dir='ltr'>TJG‘A</span> <span class='ocrx_word' id='word_1_4' title='bbox 1151 215 1217 278; x_wconf 92' lang='lat' dir='ltr'>P.</span> <span class='ocrx_word' id='word_1_5' title='bbox 1253 216 1324 278; x_wconf 75' lang='lat'>3.</span> <span class='ocrx_word' id='word_1_6' title='bbox 1348 218 1406 278; x_wconf 82' lang='lat'>4.</span> <span class='ocrx_word' id='word_1_7' title='bbox 1842 222 1961 281; x_wconf 58' lang='lat'>1³87</span> 
     </span>
    </p>
   </div>
   <div class='ocr_carea' id='block_1_2' title="bbox 195 211 427 298">
    <p class='ocr_par' dir='ltr' id='par_1_2' title="bbox 195 211 427 298">
     <span class='ocr_line' id='line_1_2' title="bbox 195 211 423 255; baseline -0.013 -2"><span class='ocrx_word' id='word_1_8' title='bbox 195 216 320 253; x_wconf 50' lang='lat' dir='ltr'>Aau.</span> <span class='ocrx_word' id='word_1_9' title='bbox 335 211 423 255; x_wconf 68' lang='lat'>823.</span> 
     </span>
     <span class='ocr_line' id='line_1_3' title="bbox 197 259 427 298; baseline -0.009 -1"><span class='ocrx_word' id='word_1_10' title='bbox 197 263 248 297; x_wconf 69' lang='lat' dir='ltr'>A.</span> <span class='ocrx_word' id='word_1_11' title='bbox 271 261 317 298; x_wconf 77' lang='lat' dir='ltr'>c,</span> <span class='ocrx_word' id='word_1_12' title='bbox 355 259 427 295; x_wconf 48' lang='grc' dir='ltr'>ἔνο.</span> 
     </span>
    </p>
   </div>
   <div class='ocr_carea' id='block_1_3' title="bbox 96 343 1974 1358">
    <p class='ocr_par' dir='ltr' id='par_1_3' title="bbox 96 343 1974 1358">
     <span class='ocr_line' id='line_1_4' title="bbox 114 343 1961 427; baseline -0.001 -18"><span class='ocrx_word' id='word_1_13' title='bbox 114 349 492 427; x_wconf 83' lang='lat' dir='ltr'>haruspicum</span> <span class='ocrx_word' id='word_1_14' title='bbox 515 343 757 406; x_wconf 80' lang='lat' dir='ltr'>accitam</span> <span class='ocrx_word' id='word_1_15' title='bbox 783 359 840 404; x_wconf 87' lang='lat' dir='ltr'>et</span> <span class='ocrx_word' id='word_1_16' title='bbox 862 345 1425 405; x_wconf 80' lang='lat' dir='ltr'>CilicemTamiram</span> <span class='ocrx_word' id='word_1_17' title='bbox 1447 345 1713 406; x_wconf 85' lang='lat' dir='ltr'>intulisse</span> <span class='ocrx_word' id='word_1_18' title='bbox 1728 395 1744 419; x_wconf 91' lang='lat'>,</span> <span class='ocrx_word' id='word_1_19' title='bbox 1787 362 1961 427; x_wconf 87' lang='lat' dir='ltr'>atque</span> 
     </span>
     <span class='ocr_line' id='line_1_5' title="bbox 105 430 1969 511; baseline -0.001 -19"><span class='ocrx_word' id='word_1_20' title='bbox 105 430 194 492; x_wconf 81' lang='lat' dir='ltr'>&#39;ita</span> <span class='ocrx_word' id='word_1_21' title='bbox 236 447 507 511; x_wconf 85' lang='lat' dir='ltr'>pactum,</span> <span class='ocrx_word' id='word_1_22' title='bbox 565 446 632 492; x_wconf 89' lang='lat' dir='ltr'>ut</span> <span class='ocrx_word' id='word_1_23' title='bbox 676 433 937 505; x_wconf 50' lang='lat' dir='ltr'>familiae¹</span> <span class='ocrx_word' id='word_1_24' title='bbox 979 433 1284 508; x_wconf 73' lang='lat' dir='ltr'>utriusque</span> <span class='ocrx_word' id='word_1_25' title='bbox 1318 432 1549 506; x_wconf 71' lang='lat' dir='ltr'>⁷posteri</span> <span class='ocrx_word' id='word_1_26' title='bbox 1593 435 1969 492; x_wconf 76' lang='lat' dir='ltr'>caerimoniis</span> 
     </span>
     <span class='ocr_line' id='line_1_6' title="bbox 96 513 1970 597; baseline -0.001 -20"><span class='ocrx_word' id='word_1_27' title='bbox 96 521 524 597; x_wconf 74' lang='lat' dir='ltr'><strong>praesiderent.</strong></span> <span class='ocrx_word' id='word_1_28' title='bbox 608 516 786 587; x_wconf 83' lang='lat' dir='ltr'>Mox,</span> <span class='ocrx_word' id='word_1_29' title='bbox 828 537 903 574; x_wconf 88' lang='lat' dir='ltr'>ne</span> <span class='ocrx_word' id='word_1_30' title='bbox 925 513 1154 573; x_wconf 90' lang='lat' dir='ltr'>honore</span> <span class='ocrx_word' id='word_1_31' title='bbox 1180 517 1348 573; x_wconf 89' lang='lat' dir='ltr'>nullo</span> <span class='ocrx_word' id='word_1_32' title='bbox 1373 517 1599 589; x_wconf 86' lang='lat' dir='ltr'>regium</span> <span class='ocrx_word' id='word_1_33' title='bbox 1627 537 1807 588; x_wconf 85' lang='lat' dir='ltr'>genus</span> <span class='ocrx_word' id='word_1_34' title='bbox 1832 541 1970 594; x_wconf 51' lang='lat' dir='ltr'>per-2</span> 
     </span>
     <span class='ocr_line' id='line_1_7' title="bbox 113 601 1964 679; baseline -0.001 -17"><span class='ocrx_word' id='word_1_35' title='bbox 113 607 375 679; x_wconf 82' lang='lat' dir='ltr'>egrinam</span> <span class='ocrx_word' id='word_1_36' title='bbox 423 605 664 678; x_wconf 81' lang='lat' dir='ltr'>stirpem</span> <span class='ocrx_word' id='word_1_37' title='bbox 715 603 1125 671; x_wconf 76' lang='lat' dir='ltr'>antecelleret,</span> <span class='ocrx_word' id='word_1_38' title='bbox 1211 602 1337 676; x_wconf 87' lang='lat' dir='ltr'>ipsa</span> <span class='ocrx_word' id='word_1_39' title='bbox 1377 616 1606 676; x_wconf 81' lang='lat' dir='ltr'>¹quam-</span> <span class='ocrx_word' id='word_1_40' title='bbox 1641 601 1964 661; x_wconf 85' lang='lat' dir='ltr'>intulerant</span> 
     </span>
     <span class='ocr_line' id='line_1_8' title="bbox 115 677 1971 764; baseline -0.001 -17"><span class='ocrx_word' id='word_1_41' title='bbox 115 692 354 748; x_wconf 80' lang='lat' dir='ltr'>scientia</span> <span class='ocrx_word' id='word_1_42' title='bbox 402 677 662 764; x_wconf 76' lang='lat' dir='ltr'>hospites</span> <span class='ocrx_word' id='word_1_43' title='bbox 712 707 957 744; x_wconf 85' lang='lat' dir='ltr'>cessere:</span> <span class='ocrx_word' id='word_1_44' title='bbox 1035 699 1266 744; x_wconf 88' lang='lat' dir='ltr'>tantum</span> <span class='ocrx_word' id='word_1_45' title='bbox 1316 684 1643 763; x_wconf 76' lang='lat' dir='ltr'>Cinyrades</span> <span class='ocrx_word' id='word_1_46' title='bbox 1695 692 1971 745; x_wconf 84' lang='lat' dir='ltr'>sacerdos.</span> 
     </span>
     <span class='ocr_line' id='line_1_9' title="bbox 116 764 1964 848; baseline -0.002 -16"><span class='ocrx_word' id='word_1_47' title='bbox 116 775 457 834; x_wconf 82' lang='lat' dir='ltr'>consulitur.</span> <span class='ocrx_word' id='word_1_48' title='bbox 542 773 819 842; x_wconf 82' lang='lat' dir='ltr'>Hostiae,</span> <span class='ocrx_word' id='word_1_49' title='bbox 859 784 928 829; x_wconf 90' lang='lat' dir='ltr'>ut</span> <span class='ocrx_word' id='word_1_50' title='bbox 951 772 1198 848; x_wconf 87' lang='lat' dir='ltr'>quisque</span> <span class='ocrx_word' id='word_1_51' title='bbox 1222 771 1414 840; x_wconf 83' lang='lat' dir='ltr'>vovit,</span> <span class='ocrx_word' id='word_1_52' title='bbox 1459 773 1560 826; x_wconf 89' lang='lat' dir='ltr'>sed</span> <span class='ocrx_word' id='word_1_53' title='bbox 1593 764 1782 827; x_wconf 19' lang='lat' dir='ltr'>marles</span> <span class='ocrx_word' id='word_1_54' title='bbox 1815 775 1964 828; x_wconf 76' lang='lat' dir='ltr'>cleli-</span> 
     </span>
     <span class='ocr_line' id='line_1_10' title="bbox 113 854 1963 934; baseline -0.003 -17"><span class='ocrx_word' id='word_1_55' title='bbox 113 873 350 934; x_wconf 82' lang='lat' dir='ltr'>guntur.</span> <span class='ocrx_word' id='word_1_56' title='bbox 437 860 756 916; x_wconf 88' lang='lat' dir='ltr'>certissima</span> <span class='ocrx_word' id='word_1_57' title='bbox 798 858 942 914; x_wconf 88' lang='lat' dir='ltr'>fides</span> <span class='ocrx_word' id='word_1_58' title='bbox 985 854 1312 914; x_wconf 89' lang='lat' dir='ltr'>haedorum</span> <span class='ocrx_word' id='word_1_59' title='bbox 1349 856 1530 914; x_wconf 81' lang='lat' dir='ltr'>fibris,</span> <span class='ocrx_word' id='word_1_60' title='bbox 1618 858 1963 930; x_wconf 85' lang='lat' dir='ltr'>sanguinem</span> 
     </span>
     <span class='ocr_line' id='line_1_11' title="bbox 113 941 1962 1017; baseline -0.003 -15"><span class='ocrx_word' id='word_1_61' title='bbox 113 965 246 1002; x_wconf 88' lang='lat' dir='ltr'>arae</span> <span class='ocrx_word' id='word_1_62' title='bbox 289 945 616 1002; x_wconf 86' lang='lat' dir='ltr'>obfundere</span> <span class='ocrx_word' id='word_1_63' title='bbox 653 944 927 1001; x_wconf 81' lang='lat' dir='ltr'>vetitum:</span> <span class='ocrx_word' id='word_1_64' title='bbox 974 942 1260 1017; x_wconf 63' lang='lat' dir='ltr'>‘precibus</span> <span class='ocrx_word' id='word_1_65' title='bbox 1300 951 1357 996; x_wconf 90' lang='lat' dir='ltr'>et</span> <span class='ocrx_word' id='word_1_66' title='bbox 1393 941 1527 1014; x_wconf 84' lang='lat' dir='ltr'>igne</span> <span class='ocrx_word' id='word_1_67' title='bbox 1568 961 1719 1016; x_wconf 84' lang='lat' dir='ltr'>puro</span> <span class='ocrx_word' id='word_1_68' title='bbox 1750 943 1962 998; x_wconf 85' lang='lat' dir='ltr'>altaria</span> 
     </span>
     <span class='ocr_line' id='line_1_12' title="bbox 111 1025 1965 1102; baseline -0.003 -15"><span class='ocrx_word' id='word_1_69' title='bbox 111 1030 454 1100; x_wconf 77' lang='lat' dir='ltr'>adolentur,</span> <span class='ocrx_word' id='word_1_70' title='bbox 497 1050 605 1085; x_wconf 90' lang='lat' dir='ltr'>nec</span> <span class='ocrx_word' id='word_1_71' title='bbox 641 1029 780 1085; x_wconf 88' lang='lat' dir='ltr'>ullis</span> <span class='ocrx_word' id='word_1_72' title='bbox 816 1028 1107 1085; x_wconf 82' lang='lat' dir='ltr'>imbribus</span> <span class='ocrx_word' id='word_1_73' title='bbox 1143 1046 1480 1102; x_wconf 78' lang='lat' dir='ltr'>quanquam</span> <span class='ocrx_word' id='word_1_74' title='bbox 1517 1025 1582 1080; x_wconf 92' lang='lat' dir='ltr'>in</span> <span class='ocrx_word' id='word_1_75' title='bbox 1608 1038 1809 1100; x_wconf 86' lang='lat' dir='ltr'>aperto</span> <span class='ocrx_word' id='word_1_76' title='bbox 1836 1048 1965 1082; x_wconf 73' lang='lat' dir='ltr'>ma-v</span> 
     </span>
     <span class='ocr_line' id='line_1_13' title="bbox 112 1107 1974 1184; baseline -0.003 -12"><span class='ocrx_word' id='word_1_77' title='bbox 112 1116 373 1175; x_wconf 83' lang='lat' dir='ltr'>descunt.</span> <span class='ocrx_word' id='word_1_78' title='bbox 460 1113 856 1171; x_wconf 85' lang='lat' dir='ltr'>Simulacrum</span> <span class='ocrx_word' id='word_1_79' title='bbox 884 1115 1024 1170; x_wconf 88' lang='lat' dir='ltr'>deae</span> <span class='ocrx_word' id='word_1_80' title='bbox 1050 1131 1174 1168; x_wconf 88' lang='lat' dir='ltr'>non</span> <span class='ocrx_word' id='word_1_81' title='bbox 1209 1111 1394 1184; x_wconf 87' lang='lat' dir='ltr'>effigie</span> <span class='ocrx_word' id='word_1_82' title='bbox 1428 1107 1721 1180; x_wconf 86' lang='lat' dir='ltr'>humana,</span> <span class='ocrx_word' id='word_1_83' title='bbox 1773 1112 1974 1168; x_wconf 86' lang='lat' dir='ltr'>conti—-</span> 
     </span>
     <span class='ocr_line' id='line_1_14' title="bbox 110 1194 1962 1257; baseline -0.002 0"><span class='ocrx_word' id='word_1_84' title='bbox 110 1219 267 1257; x_wconf 92' lang='lat' dir='ltr'>nuus</span> <span class='ocrx_word' id='word_1_85' title='bbox 291 1199 453 1257; x_wconf 89' lang='lat' dir='ltr'>orbis</span> <span class='ocrx_word' id='word_1_86' title='bbox 476 1198 878 1256; x_wconf 87' lang='lat' dir='ltr'>latioreinitio</span> <span class='ocrx_word' id='word_1_87' title='bbox 903 1210 1139 1254; x_wconf 87' lang='lat' dir='ltr'>tenuem</span> <span class='ocrx_word' id='word_1_88' title='bbox 1167 1197 1231 1253; x_wconf 92' lang='lat' dir='ltr'>in</span> <span class='ocrx_word' id='word_1_89' title='bbox 1257 1194 1548 1253; x_wconf 86' lang='lat' dir='ltr'>ambitum</span> <span class='ocrx_word' id='word_1_90' title='bbox 1573 1207 1761 1253; x_wconf 83' lang='lat' dir='ltr'>metae</span> <span class='ocrx_word' id='word_1_91' title='bbox 1785 1199 1962 1253; x_wconf 89' lang='lat' dir='ltr'>modo</span> 
     </span>
     <span class='ocr_line' id='line_1_15' title="bbox 110 1284 1104 1358; baseline -0.001 -17"><span class='ocrx_word' id='word_1_92' title='bbox 110 1304 449 1358; x_wconf 79' lang='lat' dir='ltr'>exsurgenS,</span> <span class='ocrx_word' id='word_1_93' title='bbox 488 1295 543 1340; x_wconf 91' lang='lat' dir='ltr'>et</span> <span class='ocrx_word' id='word_1_94' title='bbox 570 1284 718 1339; x_wconf 90' lang='lat' dir='ltr'>ratio</span> <span class='ocrx_word' id='word_1_95' title='bbox 746 1284 809 1338; x_wconf 93' lang='lat' dir='ltr'>in</span> <span class='ocrx_word' id='word_1_96' title='bbox 836 1284 1104 1341; x_wconf 80' lang='lat' dir='ltr'>obscum.</span> 
     </span>
    </p>
   </div>
   <div class='ocr_carea' id='block_1_4' title="bbox 111 1368 1973 1540">
    <p class='ocr_par' dir='ltr' id='par_1_4' title="bbox 111 1368 1973 1540">
     <span class='ocr_line' id='line_1_16' title="bbox 280 1368 1973 1459; baseline -0.002 -23"><span class='ocrx_word' id='word_1_97' title='bbox 280 1377 385 1438; x_wconf 91' lang='lat' dir='ltr'>IV.</span> <span class='ocrx_word' id='word_1_98' title='bbox 454 1376 628 1443; x_wconf 84' lang='lat' dir='ltr'>Titus</span> <span class='ocrx_word' id='word_1_99' title='bbox 692 1388 946 1452; x_wconf 87' lang='lat' dir='ltr'>spectata</span> <span class='ocrx_word' id='word_1_100' title='bbox 1010 1375 1312 1451; x_wconf 86' lang='lat' dir='ltr'>opulentia</span> <span class='ocrx_word' id='word_1_101' title='bbox 1380 1368 1668 1452; x_wconf 87' lang='lat' dir='ltr'>donisque</span> <span class='ocrx_word' id='word_1_102' title='bbox 1725 1378 1973 1459; x_wconf 20' lang='lat' dir='ltr'>‘regum-,4</span> 
     </span>
     <span class='ocr_line' id='line_1_17' title="bbox 111 1459 1963 1540; baseline -0.002 -20"><span class='ocrx_word' id='word_1_103' title='bbox 111 1483 375 1540; x_wconf 88' lang='lat' dir='ltr'>quaeque</span> <span class='ocrx_word' id='word_1_104' title='bbox 399 1462 512 1518; x_wconf 88' lang='lat' dir='ltr'>alia</span> <span class='ocrx_word' id='word_1_105' title='bbox 535 1462 754 1519; x_wconf 86' lang='lat' dir='ltr'>laetum</span> <span class='ocrx_word' id='word_1_106' title='bbox 775 1462 1224 1539; x_wconf 87' lang='lat' dir='ltr'>antiquitatibus</span> <span class='ocrx_word' id='word_1_107' title='bbox 1253 1459 1619 1517; x_wconf 87' lang='lat' dir='ltr'>Graecorum</span> <span class='ocrx_word' id='word_1_108' title='bbox 1647 1463 1840 1540; x_wconf 35' lang='lat' dir='ltr'>genus·</span> <span class='ocrx_word' id='word_1_109' title='bbox 1869 1461 1963 1517; x_wconf 84' lang='lat' dir='ltr'>i-n-</span> 
     </span>
    </p>
   </div>
   <div class='ocr_carea' id='block_1_5' title="bbox 114 1546 2054 1623">
    <p class='ocr_par' dir='ltr' id='par_1_5' title="bbox 114 1546 2054 1623">
     <span class='ocr_line' id='line_1_18' title="bbox 114 1546 2054 1623; baseline -0.003 -18"><span class='ocrx_word' id='word_1_110' title='bbox 114 1560 303 1609; x_wconf 81' lang='lat' dir='ltr'>certae</span> <span class='ocrx_word' id='word_1_111' title='bbox 338 1548 614 1604; x_wconf 86' lang='lat' dir='ltr'>vetustati</span> <span class='ocrx_word' id='word_1_112' title='bbox 649 1547 919 1620; x_wconf 85' lang='lat' dir='ltr'>adfingit,</span> <span class='ocrx_word' id='word_1_113' title='bbox 963 1549 1036 1603; x_wconf 92' lang='lat' dir='ltr'>de</span> <span class='ocrx_word' id='word_1_114' title='bbox 1066 1547 1439 1619; x_wconf 80' lang='lat' dir='ltr'>navigatione</span> <span class='ocrx_word' id='word_1_115' title='bbox 1464 1546 1724 1621; x_wconf 86' lang='lat' dir='ltr'>primum</span> <span class='ocrx_word' id='word_1_116' title='bbox 1751 1555 1978 1623; x_wconf 60' lang='lat' dir='ltr'>consu-J</span> <span class='ocrx_word' id='word_1_117' title='bbox 2046 1580 2054 1599; x_wconf 67' lang='grc'><strong><em>,</em></strong></span> 
     </span>
    </p>
   </div>
   <div class='ocr_carea' id='block_1_6' title="bbox 112 1629 1968 1794">
    <p class='ocr_par' dir='ltr' id='par_1_6' title="bbox 112 1629 1968 1794">
     <span class='ocr_line' id='line_1_19' title="bbox 112 1629 1968 1708; baseline -0.001 -20"><span class='ocrx_word' id='word_1_118' title='bbox 112 1634 241 1692; x_wconf 87' lang='lat' dir='ltr'>luit.</span> <span class='ocrx_word' id='word_1_119' title='bbox 326 1643 637 1708; x_wconf 90' lang='lat' dir='ltr'>postquam</span> <span class='ocrx_word' id='word_1_120' title='bbox 661 1633 845 1707; x_wconf 84' lang='lat' dir='ltr'>pandi</span> <span class='ocrx_word' id='word_1_121' title='bbox 869 1633 1025 1688; x_wconf 83' lang='lat' dir='ltr'>viam</span> <span class='ocrx_word' id='word_1_122' title='bbox 1062 1643 1118 1688; x_wconf 90' lang='lat' dir='ltr'>et</span> <span class='ocrx_word' id='word_1_123' title='bbox 1147 1629 1307 1687; x_wconf 77' lang='lat' dir='ltr'>mare</span> <span class='ocrx_word' id='word_1_124' title='bbox 1342 1651 1691 1706; x_wconf 87' lang='lat' dir='ltr'>prosperum</span> <span class='ocrx_word' id='word_1_125' title='bbox 1730 1630 1968 1706; x_wconf 85' lang='lat' dir='ltr'>accepi-t,</span> 
     </span>
     <span class='ocr_line' id='line_1_20' title="bbox 114 1710 1962 1794; baseline 0.001 -19"><span class='ocrx_word' id='word_1_126' title='bbox 114 1718 187 1775; x_wconf 89' lang='lat' dir='ltr'>de</span> <span class='ocrx_word' id='word_1_127' title='bbox 221 1737 280 1773; x_wconf 91' lang='lat' dir='ltr'>se</span> <span class='ocrx_word' id='word_1_128' title='bbox 321 1710 427 1794; x_wconf 84' lang='lat' dir='ltr'>per</span> <span class='ocrx_word' id='word_1_129' title='bbox 459 1719 731 1791; x_wconf 83' lang='lat' dir='ltr'>ambages</span> <span class='ocrx_word' id='word_1_130' title='bbox 754 1717 1074 1790; x_wconf 84' lang='lat' dir='ltr'>interrogat</span> <span class='ocrx_word' id='word_1_131' title='bbox 1106 1717 1285 1774; x_wconf 88' lang='lat' dir='ltr'>caesis</span> <span class='ocrx_word' id='word_1_132' title='bbox 1310 1714 1713 1792; x_wconf 86' lang='lat' dir='ltr'>compluribus</span> <span class='ocrx_word' id='word_1_133' title='bbox 1736 1711 1962 1776; x_wconf 88' lang='lat' dir='ltr'>hostiis.</span> 
     </span>
    </p>
   </div>
   <div class='ocr_carea' id='block_1_7' title="bbox 108 1932 1978 2218">
    <p class='ocr_par' dir='ltr' id='par_1_7' title="bbox 108 1932 1978 2218">
     <span class='ocr_line' id='line_1_21' title="bbox 113 1932 1962 1992; baseline -0.001 -16"><span class='ocrx_word' id='word_1_134' title='bbox 113 1933 330 1992; x_wconf 85' lang='lat' dir='ltr'>Lipsium.</span> <span class='ocrx_word' id='word_1_135' title='bbox 362 1962 421 1970; x_wconf 92' lang='lat'>—-</span> <span class='ocrx_word' id='word_1_136' title='bbox 477 1937 676 1977; x_wconf 82' lang='lat' dir='ltr'>accitam</span> <span class='ocrx_word' id='word_1_137' title='bbox 707 1934 842 1978; x_wconf 89' lang='lat' dir='ltr'><strong><em>MSS.</em></strong></span> <span class='ocrx_word' id='word_1_138' title='bbox 876 1934 1001 1977; x_wconf 88' lang='lat' dir='ltr'>Flor.</span> <span class='ocrx_word' id='word_1_139' title='bbox 1133 1938 1186 1973; x_wconf 77' lang='lat' dir='ltr'>ut</span> <span class='ocrx_word' id='word_1_140' title='bbox 1208 1932 1398 1987; x_wconf 80' lang='lat' dir='ltr'>quisque</span> <span class='ocrx_word' id='word_1_141' title='bbox 1421 1933 1568 1984; x_wconf 75' lang='lat' dir='ltr'>vovit,</span> <span class='ocrx_word' id='word_1_142' title='bbox 1597 1936 1699 1976; x_wconf 79' lang='lat' dir='ltr'>sed.</span> <span class='ocrx_word' id='word_1_143' title='bbox 1761 1932 1837 1976; x_wconf 88' lang='lat' dir='ltr'>Sic</span> <span class='ocrx_word' id='word_1_144' title='bbox 1863 1932 1962 1976; x_wconf 84' lang='lat' dir='ltr'>edd.</span> 
     </span>
     <span class='ocr_line' id='line_1_22' title="bbox 112 1988 1961 2056; baseline -0.001 -22"><span class='ocrx_word' id='word_1_145' title='bbox 112 1993 229 2045; x_wconf 85' lang='lat' dir='ltr'>(test.</span> <span class='ocrx_word' id='word_1_146' title='bbox 253 1990 389 2046; x_wconf 81' lang='lat' dir='ltr'>Vict.)</span> <span class='ocrx_word' id='word_1_147' title='bbox 421 1990 575 2034; x_wconf 88' lang='lat' dir='ltr'>Guelf.</span> <span class='ocrx_word' id='word_1_148' title='bbox 608 1991 724 2034; x_wconf 86' lang='lat' dir='ltr'>Bud.</span> <span class='ocrx_word' id='word_1_149' title='bbox 755 1991 858 2035; x_wconf 87' lang='lat' dir='ltr'>edd.</span> <span class='ocrx_word' id='word_1_150' title='bbox 887 1990 1004 2046; x_wconf 86' lang='lat' dir='ltr'>Spir.</span> <span class='ocrx_word' id='word_1_151' title='bbox 1073 1988 1199 2032; x_wconf 88' lang='lat' dir='ltr'>Pich.</span> <span class='ocrx_word' id='word_1_152' title='bbox 1226 1989 1446 2046; x_wconf 75' lang='lat' dir='ltr'>Bernegg.</span> <span class='ocrx_word' id='word_1_153' title='bbox 1477 2005 1575 2056; x_wconf 85' lang='lat' dir='ltr'>sqq.</span> <span class='ocrx_word' id='word_1_154' title='bbox 1634 1990 1748 2032; x_wconf 87' lang='lat' dir='ltr'>Nam</span> <span class='ocrx_word' id='word_1_155' title='bbox 1782 1991 1826 2032; x_wconf 89' lang='lat' dir='ltr'>in</span> <span class='ocrx_word' id='word_1_156' title='bbox 1858 1989 1961 2032; x_wconf 72' lang='lat' dir='ltr'>MS.</span> 
     </span>
     <span class='ocr_line' id='line_1_23' title="bbox 111 2044 1966 2105; baseline -0.001 -15"><span class='ocrx_word' id='word_1_157' title='bbox 111 2049 213 2090; x_wconf 86' lang='lat' dir='ltr'>Put.</span> <span class='ocrx_word' id='word_1_158' title='bbox 255 2049 320 2092; x_wconf 89' lang='lat' dir='ltr'>M.</span> <span class='ocrx_word' id='word_1_159' title='bbox 355 2048 495 2091; x_wconf 77' lang='lat' dir='ltr'>Rhen.</span> <span class='ocrx_word' id='word_1_160' title='bbox 534 2048 630 2105; x_wconf 71' lang='lat' dir='ltr'>sq&#39;q.</span> <span class='ocrx_word' id='word_1_161' title='bbox 676 2076 735 2084; x_wconf 90' lang='lat'>--</span> <span class='ocrx_word' id='word_1_162' title='bbox 799 2050 1004 2090; x_wconf 80' lang='lat' dir='ltr'>accitum</span> <span class='ocrx_word' id='word_1_163' title='bbox 1072 2046 1196 2089; x_wconf 88' lang='lat' dir='ltr'>Flor.</span> <span class='ocrx_word' id='word_1_164' title='bbox 1218 2044 1410 2090; x_wconf 83' lang='lat' dir='ltr'>Pichena</span> <span class='ocrx_word' id='word_1_165' title='bbox 1435 2047 1634 2092; x_wconf 63' lang='lat' dir='ltr'>vidant</span> <span class='ocrx_word' id='word_1_166' title='bbox 1664 2049 1861 2103; x_wconf 79' lang='lat' dir='ltr'>quisque</span> <span class='ocrx_word' id='word_1_167' title='bbox 1882 2063 1966 2089; x_wconf 82' lang='lat' dir='ltr'>vo-</span> 
     </span>
     <span class='ocr_line' id='line_1_24' title="bbox 110 2102 1978 2153; baseline 0.001 -6"><span class='ocrx_word' id='word_1_168' title='bbox 110 2106 213 2149; x_wconf 88' lang='lat' dir='ltr'>MS.</span> <span class='ocrx_word' id='word_1_169' title='bbox 252 2104 389 2150; x_wconf 85' lang='lat' dir='ltr'>Corb.</span> <span class='ocrx_word' id='word_1_170' title='bbox 429 2106 532 2149; x_wconf 87' lang='lat' dir='ltr'>edd.</span> <span class='ocrx_word' id='word_1_171' title='bbox 562 2107 665 2150; x_wconf 75' lang='lat' dir='ltr'>Put.</span> <span class='ocrx_word' id='word_1_172' title='bbox 696 2105 754 2148; x_wconf 90' lang='lat' dir='ltr'>V.</span> <span class='ocrx_word' id='word_1_173' title='bbox 786 2104 999 2151; x_wconf 81' lang='lat' dir='ltr'>Beroald.</span> <span class='ocrx_word' id='word_1_174' title='bbox 1071 2105 1138 2145; x_wconf 80' lang='lat' dir='ltr'>vit</span> <span class='ocrx_word' id='word_1_175' title='bbox 1168 2102 1257 2153; x_wconf 83' lang='lat' dir='ltr'>s&amp;.</span> <span class='ocrx_word' id='word_1_176' title='bbox 1329 2103 1444 2146; x_wconf 88' lang='lat' dir='ltr'>Edd.</span> <span class='ocrx_word' id='word_1_177' title='bbox 1479 2104 1581 2147; x_wconf 65' lang='lat' dir='ltr'>Pul.</span> <span class='ocrx_word' id='word_1_178' title='bbox 1623 2105 1689 2147; x_wconf 90' lang='lat' dir='ltr'>M.</span> <span class='ocrx_word' id='word_1_179' title='bbox 1715 2114 1757 2147; x_wconf 90' lang='lat' dir='ltr'>et</span> <span class='ocrx_word' id='word_1_180' title='bbox 1783 2104 1838 2148; x_wconf 84' lang='lat' dir='ltr'>V.</span> <span class='ocrx_word' id='word_1_181' title='bbox 1862 2106 1978 2148; x_wconf 78' lang='lat' dir='ltr'>Ale..</span> 
     </span>
     <span class='ocr_line' id='line_1_25' title="bbox 108 2160 1977 2218; baseline 0 -13"><span class='ocrx_word' id='word_1_182' title='bbox 108 2162 212 2207; x_wconf 78' lang='lat' dir='ltr'>Alc.</span> <span class='ocrx_word' id='word_1_183' title='bbox 1069 2160 1214 2204; x_wconf 80' lang='lat' dir='ltr'>Rhen.</span> <span class='ocrx_word' id='word_1_184' title='bbox 1239 2175 1336 2218; x_wconf 86' lang='lat' dir='ltr'>sqq.</span> <span class='ocrx_word' id='word_1_185' title='bbox 1373 2176 1479 2204; x_wconf 87' lang='lat' dir='ltr'>cum</span> <span class='ocrx_word' id='word_1_186' title='bbox 1509 2161 1645 2205; x_wconf 88' lang='lat' dir='ltr'><strong>MSS.</strong></span> <span class='ocrx_word' id='word_1_187' title='bbox 1672 2162 1788 2206; x_wconf 83' lang='lat' dir='ltr'>Bud.</span> <span class='ocrx_word' id='word_1_188' title='bbox 1814 2162 1977 2206; x_wconf 73' lang='lat' dir='ltr'>Guelf.</span> 
     </span>
    </p>
   </div>
   <div class='ocr_carea' id='block_1_8' title="bbox 109 2232 1005 2578">
    <p class='ocr_par' dir='ltr' id='par_1_8' title="bbox 109 2232 1005 2578">
     <span class='ocr_line' id='line_1_26' title="bbox 170 2232 996 2277; baseline 0.002 -2"><span class='ocrx_word' id='word_1_189' title='bbox 170 2240 216 2276; x_wconf 79' lang='lat' dir='ltr'>et</span> <span class='ocrx_word' id='word_1_190' title='bbox 230 2233 414 2276; x_wconf 79' lang='lat' dir='ltr'>Cilicem</span> <span class='ocrx_word' id='word_1_191' title='bbox 432 2233 691 2276; x_wconf 80' lang='lat' dir='ltr'>Tamiram.</span> <span class='ocrx_word' id='word_1_192' title='bbox 753 2232 857 2277; x_wconf 91' lang='lat' dir='ltr'>MS.</span> <span class='ocrx_word' id='word_1_193' title='bbox 873 2233 996 2277; x_wconf 75' lang='lat' dir='ltr'>Flor-</span> 
     </span>
     <span class='ocr_line' id='line_1_27' title="bbox 111 2290 1000 2348; baseline 0.001 -16"><span class='ocrx_word' id='word_1_194' title='bbox 111 2290 227 2345; x_wconf 84' lang='lat' dir='ltr'>(test.</span> <span class='ocrx_word' id='word_1_195' title='bbox 252 2290 389 2348; x_wconf 84' lang='lat' dir='ltr'>Viet.)</span> <span class='ocrx_word' id='word_1_196' title='bbox 424 2298 468 2334; x_wconf 80' lang='lat' dir='ltr'>et</span> <span class='ocrx_word' id='word_1_197' title='bbox 489 2291 854 2335; x_wconf 65' lang='lat' dir='ltr'>cilicentamira:</span> <span class='ocrx_word' id='word_1_198' title='bbox 889 2298 1000 2333; x_wconf 82' lang='lat' dir='ltr'>teste</span> 
     </span>
     <span class='ocr_line' id='line_1_28' title="bbox 111 2346 999 2404; baseline -0.001 -13"><span class='ocrx_word' id='word_1_199' title='bbox 111 2348 200 2391; x_wconf 81' lang='lat' dir='ltr'>lac.</span> <span class='ocrx_word' id='word_1_200' title='bbox 213 2346 447 2391; x_wconf 85' lang='lat' dir='ltr'>Gronovio</span> <span class='ocrx_word' id='word_1_201' title='bbox 459 2363 474 2390; x_wconf 91' lang='lat'>.·</span> <span class='ocrx_word' id='word_1_202' title='bbox 501 2355 545 2389; x_wconf 78' lang='lat' dir='ltr'>ec</span> <span class='ocrx_word' id='word_1_203' title='bbox 559 2348 723 2390; x_wconf 69' lang='lat' dir='ltr'>Ca&#39;licen</span> <span class='ocrx_word' id='word_1_204' title='bbox 746 2356 999 2404; x_wconf 71' lang='lat' dir='ltr'>camyram.</span> 
     </span>
     <span class='ocr_line' id='line_1_29' title="bbox 112 2403 1005 2458; baseline 0 -11"><span class='ocrx_word' id='word_1_205' title='bbox 112 2404 217 2448; x_wconf 91' lang='lat' dir='ltr'>MS.</span> <span class='ocrx_word' id='word_1_206' title='bbox 269 2403 417 2449; x_wconf 86' lang='lat' dir='ltr'>Guelf.</span> <span class='ocrx_word' id='word_1_207' title='bbox 469 2421 492 2448; x_wconf 87' lang='lat' dir='ltr'>e</span> <span class='ocrx_word' id='word_1_208' title='bbox 547 2407 756 2448; x_wconf 73' lang='lat' dir='ltr'>cilicenta</span> <span class='ocrx_word' id='word_1_209' title='bbox 805 2407 1005 2458; x_wconf 79' lang='lat' dir='ltr'>miram3</span> 
     </span>
     <span class='ocr_line' id='line_1_30' title="bbox 110 2461 1003 2514; baseline -0.001 -9"><span class='ocrx_word' id='word_1_210' title='bbox 110 2462 212 2505; x_wconf 91' lang='lat' dir='ltr'>MS.</span> <span class='ocrx_word' id='word_1_211' title='bbox 261 2461 375 2505; x_wconf 76' lang='lat' dir='ltr'>Bnd.</span> <span class='ocrx_word' id='word_1_212' title='bbox 423 2471 468 2506; x_wconf 80' lang='lat' dir='ltr'>et</span> <span class='ocrx_word' id='word_1_213' title='bbox 511 2464 768 2505; x_wconf 81' lang='lat' dir='ltr'>cilz&#39;centam</span> <span class='ocrx_word' id='word_1_214' title='bbox 812 2464 1003 2514; x_wconf 84' lang='lat' dir='ltr'>miram,</span> 
     </span>
     <span class='ocr_line' id='line_1_31' title="bbox 109 2516 1003 2578; baseline 0.001 -17"><span class='ocrx_word' id='word_1_215' title='bbox 109 2519 230 2562; x_wconf 83' lang='lat' dir='ltr'>unde</span> <span class='ocrx_word' id='word_1_216' title='bbox 261 2516 501 2564; x_wconf 72' lang='lat' dir='ltr'>Rhenanus</span> <span class='ocrx_word' id='word_1_217' title='bbox 544 2519 780 2578; x_wconf 83' lang='lat' dir='ltr'>exsculpsit</span> <span class='ocrx_word' id='word_1_218' title='bbox 817 2516 1003 2578; x_wconf 74' lang='lat' dir='ltr'>Cilicem</span> 
     </span>
    </p>
   </div>
   <div class='ocr_carea' id='block_1_9' title="bbox 112 2577 1013 2636">
    <p class='ocr_par' dir='ltr' id='par_1_9' title="bbox 112 2577 1013 2636">
     <span class='ocr_line' id='line_1_32' title="bbox 112 2577 1013 2636; baseline 0.002 -18"><span class='ocrx_word' id='word_1_219' title='bbox 112 2577 390 2632; x_wconf 83' lang='lat' dir='ltr'>Tamiram,</span> <span class='ocrx_word' id='word_1_220' title='bbox 453 2584 600 2636; x_wconf 64' lang='lat' dir='ltr'>atque}</span> <span class='ocrx_word' id='word_1_221' title='bbox 633 2577 699 2619; x_wconf 87' lang='lat' dir='ltr'>sic</span> <span class='ocrx_word' id='word_1_222' title='bbox 743 2579 784 2620; x_wconf 88' lang='lat' dir='ltr'>id</span> <span class='ocrx_word' id='word_1_223' title='bbox 834 2580 1013 2621; x_wconf 16' lang='lat' dir='ltr'>nornen.</span> 
     </span>
    </p>
   </div>
   <div class='ocr_carea' id='block_1_10' title="bbox 110 2634 1007 3162">
    <p class='ocr_par' dir='ltr' id='par_1_10' title="bbox 110 2634 1006 3034">
     <span class='ocr_line' id='line_1_33' title="bbox 110 2634 1001 2692; baseline 0 -16"><span class='ocrx_word' id='word_1_224' title='bbox 110 2634 244 2676; x_wconf 82' lang='lat' dir='ltr'>scribi</span> <span class='ocrx_word' id='word_1_225' title='bbox 275 2634 502 2678; x_wconf 89' lang='lat' dir='ltr'>Meursius</span> <span class='ocrx_word' id='word_1_226' title='bbox 534 2634 687 2685; x_wconf 87' lang='lat' dir='ltr'>docuit</span> <span class='ocrx_word' id='word_1_227' title='bbox 720 2652 768 2677; x_wconf 84' lang='lat' dir='ltr'>ex</span> <span class='ocrx_word' id='word_1_228' title='bbox 794 2635 1001 2692; x_wconf 87' lang='lat' dir='ltr'>Hesychii</span> 
     </span>
     <span class='ocr_line' id='line_1_34' title="bbox 114 2687 1004 2750; baseline 0 -16"><span class='ocrx_word' id='word_1_229' title='bbox 114 2687 393 2750; x_wconf 80' lang='grc' dir='ltr'><strong><em>Ταμιράδαι.</em></strong></span> <span class='ocrx_word' id='word_1_230' title='bbox 453 2691 592 2734; x_wconf 85' lang='lat' dir='ltr'>MSS.</span> <span class='ocrx_word' id='word_1_231' title='bbox 614 2691 740 2735; x_wconf 86' lang='lat' dir='ltr'>Harl.</span> <span class='ocrx_word' id='word_1_232' title='bbox 762 2692 894 2736; x_wconf 88' lang='lat' dir='ltr'>Bodl.</span> <span class='ocrx_word' id='word_1_233' title='bbox 922 2693 1004 2734; x_wconf 88' lang='lat' dir='ltr'>les.</span> 
     </span>
     <span class='ocr_line' id='line_1_35' title="bbox 113 2748 1002 2806; baseline 0.002 -15"><span class='ocrx_word' id='word_1_234' title='bbox 113 2748 184 2791; x_wconf 88' lang='lat' dir='ltr'>ed.</span> <span class='ocrx_word' id='word_1_235' title='bbox 208 2748 324 2806; x_wconf 85' lang='lat' dir='ltr'>Spir.</span> <span class='ocrx_word' id='word_1_236' title='bbox 339 2756 393 2791; x_wconf 75' lang='lat' dir='ltr'>,et</span> <span class='ocrx_word' id='word_1_237' title='bbox 411 2749 623 2791; x_wconf 82' lang='lat' dir='ltr'>cilicenta</span> <span class='ocrx_word' id='word_1_238' title='bbox 644 2750 838 2793; x_wconf 77' lang='lat' dir='ltr'>miram.</span> <span class='ocrx_word' id='word_1_239' title='bbox 899 2750 1002 2793; x_wconf 79' lang='lat' dir='ltr'>MS.</span> 
     </span>
     <span class='ocr_line' id='line_1_36' title="bbox 113 2805 1005 2864; baseline 0 -16"><span class='ocrx_word' id='word_1_240' title='bbox 113 2805 223 2864; x_wconf 81' lang='lat' dir='ltr'>Agr.</span> <span class='ocrx_word' id='word_1_241' title='bbox 256 2808 522 2861; x_wconf 46' lang='lat' dir='ltr'>erlinarae</span> <span class='ocrx_word' id='word_1_242' title='bbox 555 2807 830 2850; x_wconf 52' lang='lat' dir='ltr'>certamin-a.</span> <span class='ocrx_word' id='word_1_243' title='bbox 890 2805 1005 2849; x_wconf 90' lang='lat' dir='ltr'>Edd.</span> 
     </span>
     <span class='ocr_line' id='line_1_37' title="bbox 115 2861 1006 2920; baseline 0.001 -15"><span class='ocrx_word' id='word_1_244' title='bbox 115 2863 219 2906; x_wconf 79' lang='lat' dir='ltr'>Put.</span> <span class='ocrx_word' id='word_1_245' title='bbox 240 2864 309 2906; x_wconf 82' lang='grc' dir='ltr'>Μ.</span> <span class='ocrx_word' id='word_1_246' title='bbox 334 2872 377 2906; x_wconf 83' lang='lat' dir='ltr'>et</span> <span class='ocrx_word' id='word_1_247' title='bbox 397 2861 451 2906; x_wconf 83' lang='lat' dir='ltr'>V.</span> <span class='ocrx_word' id='word_1_248' title='bbox 482 2878 507 2905; x_wconf 87' lang='lat' dir='ltr'>e</span> <span class='ocrx_word' id='word_1_249' title='bbox 539 2864 683 2906; x_wconf 69' lang='lat' dir='ltr'>cilicia</span> <span class='ocrx_word' id='word_1_250' title='bbox 709 2871 862 2920; x_wconf 71' lang='lat' dir='ltr'>myrfi.</span> <span class='ocrx_word' id='word_1_251' title='bbox 922 2863 1006 2907; x_wconf 89' lang='lat' dir='ltr'>Ed.</span> 
     </span>
     <span class='ocr_line' id='line_1_38' title="bbox 117 2920 1005 2975; baseline 0.002 -13"><span class='ocrx_word' id='word_1_252' title='bbox 117 2920 220 2962; x_wconf 84' lang='lat' dir='ltr'>Ber.</span> <span class='ocrx_word' id='word_1_253' title='bbox 257 2935 282 2962; x_wconf 86' lang='lat' dir='ltr'>e</span> <span class='ocrx_word' id='word_1_254' title='bbox 315 2921 459 2963; x_wconf 76' lang='lat' dir='ltr'>cilicia</span> <span class='ocrx_word' id='word_1_255' title='bbox 491 2921 723 2975; x_wconf 74' lang='lat' dir='ltr'>Myrram.</span> <span class='ocrx_word' id='word_1_256' title='bbox 781 2921 863 2964; x_wconf 87' lang='lat' dir='ltr'>Ed.</span> <span class='ocrx_word' id='word_1_257' title='bbox 899 2920 1005 2965; x_wconf 87' lang='lat' dir='ltr'>Alc.</span> 
     </span>
     <span class='ocr_line' id='line_1_39' title="bbox 116 2977 553 3034; baseline 0 -15"><span class='ocrx_word' id='word_1_258' title='bbox 116 2991 142 3019; x_wconf 80' lang='lat' dir='ltr'>e</span> <span class='ocrx_word' id='word_1_259' title='bbox 171 2977 328 3020; x_wconf 80' lang='lat' dir='ltr'>Cilicia</span> <span class='ocrx_word' id='word_1_260' title='bbox 351 2978 553 3034; x_wconf 75' lang='lat' dir='ltr'>Myram.</span> 
     </span>
    </p>

    <p class='ocr_par' dir='ltr' id='par_1_11' title="bbox 121 3045 1007 3162">
     <span class='ocr_line' id='line_1_40' title="bbox 178 3045 1007 3095; baseline 0.004 -5"><span class='ocrx_word' id='word_1_261' title='bbox 178 3048 400 3091; x_wconf 78' lang='lat' dir='ltr'>intulisse.</span> <span class='ocrx_word' id='word_1_262' title='bbox 477 3046 553 3090; x_wconf 89' lang='lat' dir='ltr'>Sic</span> <span class='ocrx_word' id='word_1_263' title='bbox 586 3045 684 3090; x_wconf 81' lang='lat' dir='ltr'>MS.</span> <span class='ocrx_word' id='word_1_264' title='bbox 717 3046 870 3092; x_wconf 82' lang='lat' dir='ltr'>Guelf.</span> <span class='ocrx_word' id='word_1_265' title='bbox 903 3048 1007 3095; x_wconf 85' lang='lat' dir='ltr'>edd.</span> 
     </span>
     <span class='ocr_line' id='line_1_41' title="bbox 121 3104 820 3162; baseline -0.003 -13"><span class='ocrx_word' id='word_1_266' title='bbox 121 3121 293 3149; x_wconf 86' lang='lat' dir='ltr'>omnes.</span> <span class='ocrx_word' id='word_1_267' title='bbox 351 3106 560 3148; x_wconf 81' lang='lat' dir='ltr'>attulisse</span> <span class='ocrx_word' id='word_1_268' title='bbox 582 3104 684 3147; x_wconf 91' lang='lat' dir='ltr'>MS.</span> <span class='ocrx_word' id='word_1_269' title='bbox 707 3105 820 3162; x_wconf 79' lang='lat' dir='ltr'>Agr.</span> 
     </span>
    </p>
   </div>
   <div class='ocr_carea' id='block_1_11' title="bbox 178 3174 1006 3233">
    <p class='ocr_par' dir='ltr' id='par_1_12' title="bbox 178 3174 1006 3233">
     <span class='ocr_line' id='line_1_42' title="bbox 178 3174 1006 3233; baseline 0.004 -16"><span class='ocrx_word' id='word_1_270' title='bbox 178 3176 432 3229; x_wconf 78' lang='lat' dir='ltr'>utriusque.</span> <span class='ocrx_word' id='word_1_271' title='bbox 501 3174 584 3218; x_wconf 87' lang='lat' dir='ltr'>Ed.</span> <span class='ocrx_word' id='word_1_272' title='bbox 619 3174 740 3231; x_wconf 85' lang='lat' dir='ltr'>Spir.</span> <span class='ocrx_word' id='word_1_273' title='bbox 782 3178 1006 3233; x_wconf 82' lang='lat' dir='ltr'>utrisque.</span> 
     </span>
    </p>
   </div>
   <div class='ocr_carea' id='block_1_12' title="bbox 23 3231 1004 3289">
    <p class='ocr_par' dir='ltr' id='par_1_13' title="bbox 23 3231 1004 3289">
     <span class='ocr_line' id='line_1_43' title="bbox 23 3231 1004 3289; baseline 0.003 -14"><span class='ocrx_word' id='word_1_274' title='bbox 23 3278 28 3289; x_wconf 33' lang='grc' dir='ltr'>ι</span> <span class='ocrx_word' id='word_1_275' title='bbox 118 3231 284 3276; x_wconf 85' lang='lat' dir='ltr'>Eadem</span> <span class='ocrx_word' id='word_1_276' title='bbox 313 3247 417 3274; x_wconf 85' lang='lat' dir='ltr'>mox</span> <span class='ocrx_word' id='word_1_277' title='bbox 439 3247 543 3275; x_wconf 85' lang='lat' dir='ltr'>cum</span> <span class='ocrx_word' id='word_1_278' title='bbox 571 3232 670 3277; x_wconf 89' lang='lat' dir='ltr'>MS.</span> <span class='ocrx_word' id='word_1_279' title='bbox 699 3232 854 3278; x_wconf 81' lang='lat' dir='ltr'>Guelf.</span> <span class='ocrx_word' id='word_1_280' title='bbox 877 3235 1004 3278; x_wconf 82' lang='lat' dir='ltr'>intu-</span> 
     </span>
    </p>
   </div>
   <div class='ocr_carea' id='block_1_13' title="bbox 115 3289 646 3348">
    <p class='ocr_par' dir='ltr' id='par_1_14' title="bbox 115 3289 646 3348">
     <span class='ocr_line' id='line_1_44' title="bbox 115 3289 646 3348; baseline 0 -15"><span class='ocrx_word' id='word_1_281' title='bbox 115 3292 239 3333; x_wconf 80' lang='lat' dir='ltr'>lerat</span> <span class='ocrx_word' id='word_1_282' title='bbox 261 3305 343 3348; x_wconf 85' lang='lat' dir='ltr'>pro</span> <span class='ocrx_word' id='word_1_283' title='bbox 369 3289 607 3331; x_wconf 81' lang='lat' dir='ltr'>intuleran</span> <span class='ocrx_word' id='word_1_284' title='bbox 613 3298 646 3333; x_wconf 83' lang='lat' dir='ltr'>t.</span> 
     </span>
    </p>
   </div>
   <div class='ocr_carea' id='block_1_14' title="bbox 122 3359 1011 3475">
    <p class='ocr_par' dir='ltr' id='par_1_15' title="bbox 122 3359 1011 3475">
     <span class='ocr_line' id='line_1_45' title="bbox 179 3359 1011 3417; baseline 0.004 -15"><span class='ocrx_word' id='word_1_285' title='bbox 179 3359 445 3415; x_wconf 77' lang='lat' dir='ltr'>Cinyrades.</span> <span class='ocrx_word' id='word_1_286' title='bbox 506 3359 589 3404; x_wconf 85' lang='lat' dir='ltr'>Ed.</span> <span class='ocrx_word' id='word_1_287' title='bbox 617 3359 738 3417; x_wconf 81' lang='lat' dir='ltr'>Spir.</span> <span class='ocrx_word' id='word_1_288' title='bbox 769 3362 1011 3407; x_wconf 61' lang='lat' dir='ltr'>cinit-ades.</span> 
     </span>
     <span class='ocr_line' id='line_1_46' title="bbox 122 3415 1011 3475; baseline 0.004 -17"><span class='ocrx_word' id='word_1_289' title='bbox 122 3415 236 3459; x_wconf 85' lang='lat' dir='ltr'>Edd.</span> <span class='ocrx_word' id='word_1_290' title='bbox 273 3416 381 3464; x_wconf 82' lang='lat' dir='ltr'>Pnt.</span> <span class='ocrx_word' id='word_1_291' title='bbox 426 3433 526 3475; x_wconf 89' lang='lat' dir='ltr'>sqq.</span> <span class='ocrx_word' id='word_1_292' title='bbox 574 3431 678 3460; x_wconf 81' lang='lat' dir='ltr'>eum</span> <span class='ocrx_word' id='word_1_293' title='bbox 725 3417 825 3466; x_wconf 81' lang='lat' dir='ltr'>MS.</span> <span class='ocrx_word' id='word_1_294' title='bbox 858 3417 1011 3463; x_wconf 66' lang='lat' dir='ltr'>Gu‘elf.</span> 
     </span>
    </p>
   </div>
   <div class='ocr_carea' id='block_1_15' title="bbox 125 3473 1029 3532">
    <p class='ocr_par' dir='ltr' id='par_1_16' title="bbox 125 3473 1029 3532">
     <span class='ocr_line' id='line_1_47' title="bbox 125 3473 1029 3532; baseline 0.007 -17"><span class='ocrx_word' id='word_1_295' title='bbox 125 3473 398 3518; x_wconf 69' lang='lat' dir='ltr'>CinaradeS.</span> <span class='ocrx_word' id='word_1_296' title='bbox 444 3474 502 3519; x_wconf 86' lang='lat' dir='ltr'>cf.</span> <span class='ocrx_word' id='word_1_297' title='bbox 524 3483 622 3520; x_wconf 85' lang='lat' dir='ltr'>not.</span> <span class='ocrx_word' id='word_1_298' title='bbox 651 3491 782 3532; x_wconf 84' lang='lat' dir='ltr'>supra</span> <span class='ocrx_word' id='word_1_299' title='bbox 802 3478 884 3521; x_wconf 89' lang='lat' dir='ltr'>sub</span> <span class='ocrx_word' id='word_1_300' title='bbox 906 3492 1029 3525; x_wconf 16' lang='lat' dir='ltr'>voc..</span> 
     </span>
    </p>
   </div>
   <div class='ocr_carea' id='block_1_16' title="bbox 126 3529 305 3585">
    <p class='ocr_par' dir='ltr' id='par_1_17' title="bbox 126 3529 305 3585">
     <span class='ocr_line' id='line_1_48' title="bbox 126 3529 305 3585; baseline -0.011 -12"><span class='ocrx_word' id='word_1_301' title='bbox 126 3529 305 3585; x_wconf 76' lang='lat' dir='ltr'>Cinyra.</span> 
     </span>
    </p>
   </div>
   <div class='ocr_carea' id='block_1_17' title="bbox 1071 2218 1980 3582">
    <p class='ocr_par' dir='ltr' id='par_1_18' title="bbox 1071 2218 1980 2504">
     <span class='ocr_line' id='line_1_49' title="bbox 1071 2218 1966 2278; baseline 0.001 -17"><span class='ocrx_word' id='word_1_302' title='bbox 1071 2220 1112 2274; x_wconf 86' lang='lat' dir='ltr'>(a</span> <span class='ocrx_word' id='word_1_303' title='bbox 1138 2220 1332 2262; x_wconf 85' lang='lat' dir='ltr'>secunda</span> <span class='ocrx_word' id='word_1_304' title='bbox 1357 2221 1511 2274; x_wconf 86' lang='lat' dir='ltr'>manu)</span> <span class='ocrx_word' id='word_1_305' title='bbox 1541 2218 1725 2278; x_wconf 83' lang='lat' dir='ltr'>aliisque</span> <span class='ocrx_word' id='word_1_306' title='bbox 1758 2227 1812 2261; x_wconf 83' lang='lat' dir='ltr'>ut</span> <span class='ocrx_word' id='word_1_307' title='bbox 1829 2220 1966 2276; x_wconf 50' lang='lat' dir='ltr'>*quis-</span> 
     </span>
     <span class='ocr_line' id='line_1_50' title="bbox 1073 2275 1964 2335; baseline 0.006 -19"><span class='ocrx_word' id='word_1_308' title='bbox 1073 2290 1157 2332; x_wconf 85' lang='lat' dir='ltr'>que</span> <span class='ocrx_word' id='word_1_309' title='bbox 1176 2276 1387 2334; x_wconf 53' lang='lat' dir='ltr'>vovisset.</span> <span class='ocrx_word' id='word_1_310' title='bbox 1447 2275 1551 2319; x_wconf 89' lang='lat' dir='ltr'>MS.</span> <span class='ocrx_word' id='word_1_311' title='bbox 1575 2275 1726 2319; x_wconf 85' lang='lat' dir='ltr'>Guelf.</span> <span class='ocrx_word' id='word_1_312' title='bbox 1757 2278 1798 2332; x_wconf 87' lang='lat' dir='ltr'>(a</span> <span class='ocrx_word' id='word_1_313' title='bbox 1821 2278 1964 2335; x_wconf 84' lang='lat' dir='ltr'>prima</span> 
     </span>
     <span class='ocr_line' id='line_1_51' title="bbox 1071 2332 1980 2390; baseline 0.001 -15"><span class='ocrx_word' id='word_1_314' title='bbox 1071 2335 1227 2389; x_wconf 84' lang='lat' dir='ltr'>manu)</span> <span class='ocrx_word' id='word_1_315' title='bbox 1266 2334 1369 2376; x_wconf 86' lang='lat' dir='ltr'>edd.</span> <span class='ocrx_word' id='word_1_316' title='bbox 1404 2332 1524 2390; x_wconf 84' lang='lat' dir='ltr'>Spir.</span> <span class='ocrx_word' id='word_1_317' title='bbox 1558 2334 1771 2377; x_wconf 75' lang='lat' dir='ltr'>Beroald.</span> <span class='ocrx_word' id='word_1_318' title='bbox 1807 2335 1980 2376; x_wconf 54' lang='grc' dir='ltr'>πονῶ--</span> 
     </span>
     <span class='ocr_line' id='line_1_52' title="bbox 1072 2390 1966 2445; baseline 0.002 -12"><span class='ocrx_word' id='word_1_319' title='bbox 1072 2397 1158 2433; x_wconf 77' lang='lat' dir='ltr'>set.</span> <span class='ocrx_word' id='word_1_320' title='bbox 1221 2390 1271 2432; x_wconf 82' lang='lat' dir='ltr'>ld</span> <span class='ocrx_word' id='word_1_321' title='bbox 1292 2390 1524 2433; x_wconf 83' lang='lat' dir='ltr'>Victorius</span> <span class='ocrx_word' id='word_1_322' title='bbox 1544 2407 1636 2445; x_wconf 76' lang='lat' dir='ltr'>non</span> <span class='ocrx_word' id='word_1_323' title='bbox 1660 2407 1683 2433; x_wconf 87' lang='lat' dir='ltr'>e</span> <span class='ocrx_word' id='word_1_324' title='bbox 1711 2391 1807 2435; x_wconf 89' lang='lat' dir='ltr'>MS.</span> <span class='ocrx_word' id='word_1_325' title='bbox 1822 2391 1966 2443; x_wconf 73' lang='lat' dir='ltr'>Flor„</span> 
     </span>
     <span class='ocr_line' id='line_1_53' title="bbox 1073 2447 1879 2504; baseline -0.001 -13"><span class='ocrx_word' id='word_1_326' title='bbox 1073 2447 1151 2491; x_wconf 88' lang='lat' dir='ltr'>sed</span> <span class='ocrx_word' id='word_1_327' title='bbox 1176 2463 1224 2489; x_wconf 78' lang='lat' dir='ltr'>ex</span> <span class='ocrx_word' id='word_1_328' title='bbox 1249 2447 1428 2504; x_wconf 84' lang='lat' dir='ltr'>ingenio</span> <span class='ocrx_word' id='word_1_329' title='bbox 1453 2449 1644 2490; x_wconf 82' lang='lat' dir='ltr'>correxit</span> <span class='ocrx_word' id='word_1_330' title='bbox 1669 2451 1879 2491; x_wconf 72' lang='lat' dir='ltr'>vovisset.</span> 
     </span>
    </p>

    <p class='ocr_par' dir='ltr' id='par_1_19' title="bbox 1073 2504 1970 2789">
     <span class='ocr_line' id='line_1_54' title="bbox 1130 2504 1967 2563; baseline 0.004 -17"><span class='ocrx_word' id='word_1_331' title='bbox 1130 2507 1405 2546; x_wconf 76' lang='lat' dir='ltr'>haedorum.</span> <span class='ocrx_word' id='word_1_332' title='bbox 1451 2504 1529 2548; x_wconf 84' lang='lat' dir='ltr'>Sic</span> <span class='ocrx_word' id='word_1_333' title='bbox 1549 2505 1778 2561; x_wconf 72' lang='lat' dir='ltr'>edd.Lips.</span> <span class='ocrx_word' id='word_1_334' title='bbox 1799 2521 1895 2563; x_wconf 88' lang='lat' dir='ltr'>sqq.</span> <span class='ocrx_word' id='word_1_335' title='bbox 1910 2527 1967 2540; x_wconf 57' lang='lat' dir='ltr'>-a</span> 
     </span>
     <span class='ocr_line' id='line_1_55' title="bbox 1073 2561 1967 2621; baseline 0.001 -16"><span class='ocrx_word' id='word_1_336' title='bbox 1073 2565 1304 2605; x_wconf 68' lang='lat' dir='ltr'>hederam</span> <span class='ocrx_word' id='word_1_337' title='bbox 1326 2561 1595 2606; x_wconf 82' lang='lat' dir='ltr'>MS.Guelf.</span> <span class='ocrx_word' id='word_1_338' title='bbox 1619 2563 1719 2604; x_wconf 83' lang='lat' dir='ltr'>edd.</span> <span class='ocrx_word' id='word_1_339' title='bbox 1743 2562 1846 2604; x_wconf 82' lang='lat' dir='ltr'>Put.</span> <span class='ocrx_word' id='word_1_340' title='bbox 1870 2578 1967 2621; x_wconf 85' lang='lat' dir='ltr'>sqq.</span> 
     </span>
     <span class='ocr_line' id='line_1_56' title="bbox 1074 2617 1970 2679; baseline 0.001 -17"><span class='ocrx_word' id='word_1_341' title='bbox 1074 2619 1127 2662; x_wconf 85' lang='lat' dir='ltr'>ad</span> <span class='ocrx_word' id='word_1_342' title='bbox 1144 2617 1356 2675; x_wconf 84' lang='lat' dir='ltr'>Lipsium.</span> <span class='ocrx_word' id='word_1_343' title='bbox 1380 2642 1437 2652; x_wconf 87' lang='lat'>-</span> <span class='ocrx_word' id='word_1_344' title='bbox 1470 2621 1732 2661; x_wconf 80' lang='lat' dir='ltr'>haeredum</span> <span class='ocrx_word' id='word_1_345' title='bbox 1754 2621 1822 2662; x_wconf 89' lang='lat' dir='ltr'>ed.</span> <span class='ocrx_word' id='word_1_346' title='bbox 1838 2620 1970 2679; x_wconf 65' lang='lat' dir='ltr'>Spin,</span> 
     </span>
     <span class='ocr_line' id='line_1_57' title="bbox 1074 2673 1967 2738; baseline 0.001 -18"><span class='ocrx_word' id='word_1_347' title='bbox 1074 2676 1199 2720; x_wconf 87' lang='lat' dir='ltr'>nulla</span> <span class='ocrx_word' id='word_1_348' title='bbox 1223 2676 1514 2719; x_wconf 83' lang='lat' dir='ltr'>distinctione</span> <span class='ocrx_word' id='word_1_349' title='bbox 1540 2676 1685 2734; x_wconf 82' lang='lat' dir='ltr'>posita</span> <span class='ocrx_word' id='word_1_350' title='bbox 1700 2673 1819 2738; x_wconf 38' lang='lat' dir='ltr'>..ame</span> <span class='ocrx_word' id='word_1_351' title='bbox 1847 2693 1967 2726; x_wconf 68' lang='lat' dir='ltr'>‘san-</span> 
     </span>
     <span class='ocr_line' id='line_1_58' title="bbox 1074 2737 1738 2789; baseline 0.002 -13"><span class='ocrx_word' id='word_1_352' title='bbox 1074 2737 1278 2789; x_wconf 76' lang='lat' dir='ltr'>guinem.</span> <span class='ocrx_word' id='word_1_353' title='bbox 1736 2781 1738 2784; x_wconf 52' lang='grc'>,</span> 
     </span>
    </p>

    <p class='ocr_par' dir='ltr' id='par_1_20' title="bbox 1077 2789 1973 3235">
     <span class='ocr_line' id='line_1_59' title="bbox 1137 2789 1968 2846; baseline 0.006 -15"><span class='ocrx_word' id='word_1_354' title='bbox 1137 2791 1404 2846; x_wconf 81' lang='lat' dir='ltr'>obfundere.</span> <span class='ocrx_word' id='word_1_355' title='bbox 1463 2789 1539 2833; x_wconf 84' lang='lat' dir='ltr'>Sic</span> <span class='ocrx_word' id='word_1_356' title='bbox 1562 2789 1661 2833; x_wconf 87' lang='lat' dir='ltr'>MS.</span> <span class='ocrx_word' id='word_1_357' title='bbox 1685 2789 1838 2835; x_wconf 85' lang='lat' dir='ltr'>Guelf.</span> <span class='ocrx_word' id='word_1_358' title='bbox 1866 2793 1968 2837; x_wconf 88' lang='lat' dir='ltr'>edd.</span> 
     </span>
     <span class='ocr_line' id='line_1_60' title="bbox 1077 2845 1972 2906; baseline 0.002 -16"><span class='ocrx_word' id='word_1_359' title='bbox 1077 2847 1196 2906; x_wconf 84' lang='lat' dir='ltr'>Spir.</span> <span class='ocrx_word' id='word_1_360' title='bbox 1231 2847 1334 2889; x_wconf 86' lang='lat' dir='ltr'>Put.</span> <span class='ocrx_word' id='word_1_361' title='bbox 1367 2845 1435 2889; x_wconf 89' lang='grc' dir='ltr'>Μ.</span> <span class='ocrx_word' id='word_1_362' title='bbox 1467 2853 1510 2888; x_wconf 88' lang='lat' dir='ltr'>et</span> <span class='ocrx_word' id='word_1_363' title='bbox 1535 2846 1588 2889; x_wconf 92' lang='lat' dir='ltr'>V.</span> <span class='ocrx_word' id='word_1_364' title='bbox 1614 2847 1716 2898; x_wconf 67' lang='lat' dir='ltr'>Ber.</span> <span class='ocrx_word' id='word_1_365' title='bbox 1748 2850 1869 2902; x_wconf 88' lang='lat' dir='ltr'>(cum</span> <span class='ocrx_word' id='word_1_366' title='bbox 1906 2849 1972 2893; x_wconf 87' lang='lat' dir='ltr'>si·-</span> 
     </span>
     <span class='ocr_line' id='line_1_61' title="bbox 1079 2901 1969 2962; baseline 0.002 -14"><span class='ocrx_word' id='word_1_367' title='bbox 1079 2905 1187 2948; x_wconf 85' lang='lat' dir='ltr'>lent.</span> <span class='ocrx_word' id='word_1_368' title='bbox 1204 2904 1346 2956; x_wconf 82' lang='lat' dir='ltr'>vict.)</span> <span class='ocrx_word' id='word_1_369' title='bbox 1364 2901 1464 2948; x_wconf 88' lang='lat' dir='ltr'>Alc.</span> <span class='ocrx_word' id='word_1_370' title='bbox 1479 2929 1534 2938; x_wconf 89' lang='lat'>—</span> <span class='ocrx_word' id='word_1_371' title='bbox 1557 2905 1658 2948; x_wconf 91' lang='lat' dir='ltr'>MS.</span> <span class='ocrx_word' id='word_1_372' title='bbox 1673 2905 1788 2949; x_wconf 86' lang='lat' dir='ltr'>Bud.</span> <span class='ocrx_word' id='word_1_373' title='bbox 1816 2907 1969 2962; x_wconf 78' lang='lat' dir='ltr'>effun-</span> 
     </span>
     <span class='ocr_line' id='line_1_62' title="bbox 1077 2959 1970 3019; baseline 0.003 -14"><span class='ocrx_word' id='word_1_374' title='bbox 1077 2967 1198 3006; x_wconf 83' lang='lat' dir='ltr'>dere.</span> <span class='ocrx_word' id='word_1_375' title='bbox 1219 2990 1276 2997; x_wconf 91' lang='lat'><em>-</em></span> <span class='ocrx_word' id='word_1_376' title='bbox 1308 2960 1422 3003; x_wconf 90' lang='lat' dir='ltr'>Edd.</span> <span class='ocrx_word' id='word_1_377' title='bbox 1438 2959 1580 3006; x_wconf 88' lang='lat' dir='ltr'>Rhen.</span> <span class='ocrx_word' id='word_1_378' title='bbox 1595 2978 1692 3019; x_wconf 91' lang='lat' dir='ltr'>sqq.</span> <span class='ocrx_word' id='word_1_379' title='bbox 1718 2965 1970 3018; x_wconf 81' lang='lat' dir='ltr'>offundere.</span> 
     </span>
     <span class='ocr_line' id='line_1_63' title="bbox 1077 3018 1970 3089; baseline 0.004 -28"><span class='ocrx_word' id='word_1_380' title='bbox 1077 3021 1187 3062; x_wconf 79' lang='lat' dir='ltr'>Mox</span> <span class='ocrx_word' id='word_1_381' title='bbox 1212 3018 1312 3060; x_wconf 86' lang='lat' dir='ltr'>edd.</span> <span class='ocrx_word' id='word_1_382' title='bbox 1329 3018 1550 3077; x_wconf 81' lang='lat' dir='ltr'>Bernegg.</span> <span class='ocrx_word' id='word_1_383' title='bbox 1574 3029 1615 3061; x_wconf 84' lang='lat' dir='ltr'>et</span> <span class='ocrx_word' id='word_1_384' title='bbox 1630 3019 1970 3089; x_wconf 78' lang='lat' dir='ltr'>Gronoviprum</span> 
     </span>
     <span class='ocr_line' id='line_1_64' title="bbox 1078 3075 1973 3136; baseline 0.003 -17"><span class='ocrx_word' id='word_1_385' title='bbox 1078 3078 1242 3133; x_wconf 74' lang='lat'>(1672.)</span> <span class='ocrx_word' id='word_1_386' title='bbox 1270 3075 1419 3117; x_wconf 75' lang='lat' dir='ltr'>altari</span> <span class='ocrx_word' id='word_1_387' title='bbox 1435 3090 1517 3132; x_wconf 85' lang='lat' dir='ltr'>pro</span> <span class='ocrx_word' id='word_1_388' title='bbox 1539 3078 1739 3126; x_wconf 81' lang='lat' dir='ltr'>altaria,</span> <span class='ocrx_word' id='word_1_389' title='bbox 1770 3079 1877 3122; x_wconf 69' lang='lat' dir='ltr'>vitio</span> <span class='ocrx_word' id='word_1_390' title='bbox 1898 3090 1973 3136; x_wconf 73' lang='lat' dir='ltr'>ty-</span> 
     </span>
     <span class='ocr_line' id='line_1_65' title="bbox 1077 3131 1971 3235; baseline 0.007 -61"><span class='ocrx_word' id='word_1_391' title='bbox 1077 3149 1205 3235; x_wconf 58' lang='grc' dir='ltr'>ἓοὲικ</span> <span class='ocrx_word' id='word_1_392' title='bbox 1231 3155 1313 3232; x_wconf 52' lang='lat' dir='ltr'>J!</span> <span class='ocrx_word' id='word_1_393' title='bbox 1341 3131 1432 3230; x_wconf 59' lang='lat' dir='ltr'>Ptro</span> <span class='ocrx_word' id='word_1_394' title='bbox 1456 3137 1706 3177; x_wconf 82' lang='lat' dir='ltr'>adolentur</span> <span class='ocrx_word' id='word_1_395' title='bbox 1728 3135 1829 3180; x_wconf 90' lang='lat' dir='ltr'>MS.</span> <span class='ocrx_word' id='word_1_396' title='bbox 1851 3137 1971 3187; x_wconf 83' lang='lat' dir='ltr'>Bud.</span> 
     </span>
    </p>

    <p class='ocr_par' dir='ltr' id='par_1_21' title="bbox 1111 3203 1465 3235">
     <span class='ocr_line' id='line_1_66' title="bbox 1111 3203 1465 3235; baseline 0.006 -4"><span class='ocrx_word' id='word_1_397' title='bbox 1111 3209 1133 3235; x_wconf 79' lang='lat' dir='ltr'>a</span> <span class='ocrx_word' id='word_1_398' title='bbox 1179 3205 1228 3231; x_wconf 83' lang='lat' dir='ltr'>re</span> <span class='ocrx_word' id='word_1_399' title='bbox 1257 3206 1290 3231; x_wconf 66' lang='grc' dir='ltr'>4ο</span> <span class='ocrx_word' id='word_1_400' title='bbox 1314 3203 1370 3231; x_wconf 84' lang='lat' dir='ltr'>en</span> <span class='ocrx_word' id='word_1_401' title='bbox 1392 3204 1465 3233; x_wconf 84' lang='lat' dir='ltr'>ur.</span> 
     </span>
    </p>

    <p class='ocr_par' dir='ltr' id='par_1_22' title="bbox 1083 3248 1970 3349">
     <span class='ocr_line' id='line_1_67' title="bbox 1137 3248 1970 3307; baseline 0.001 -17"><span class='ocrx_word' id='word_1_402' title='bbox 1137 3249 1364 3290; x_wconf 79' lang='lat' dir='ltr'>ambitum</span> <span class='ocrx_word' id='word_1_403' title='bbox 1385 3256 1556 3293; x_wconf 83' lang='lat' dir='ltr'>metae.</span> <span class='ocrx_word' id='word_1_404' title='bbox 1616 3248 1702 3294; x_wconf 88' lang='lat' dir='ltr'>Ed.</span> <span class='ocrx_word' id='word_1_405' title='bbox 1716 3250 1836 3307; x_wconf 85' lang='lat' dir='ltr'>Spir.</span> <span class='ocrx_word' id='word_1_406' title='bbox 1863 3266 1970 3293; x_wconf 79' lang='lat' dir='ltr'>am-</span> 
     </span>
     <span class='ocr_line' id='line_1_68' title="bbox 1083 3309 1340 3349; baseline -0.008 -1"><span class='ocrx_word' id='word_1_407' title='bbox 1083 3309 1175 3349; x_wconf 76' lang='lat' dir='ltr'>bitu</span> <span class='ocrx_word' id='word_1_408' title='bbox 1197 3313 1340 3346; x_wconf 80' lang='lat' dir='ltr'>meta.</span> 
     </span>
    </p>

    <p class='ocr_par' dir='ltr' id='par_1_23' title="bbox 1082 3362 1974 3582">
     <span class='ocr_line' id='line_1_69' title="bbox 1143 3362 1971 3415; baseline 0.002 -9"><span class='ocrx_word' id='word_1_409' title='bbox 1143 3362 1255 3406; x_wconf 78' lang='lat' dir='ltr'>CAP.</span> <span class='ocrx_word' id='word_1_410' title='bbox 1279 3362 1321 3404; x_wconf 84' lang='lat'>4.</span> <span class='ocrx_word' id='word_1_411' title='bbox 1360 3364 1688 3415; x_wconf 76' lang='lat' dir='ltr'>compluribus.</span> <span class='ocrx_word' id='word_1_412' title='bbox 1748 3363 1823 3405; x_wconf 86' lang='lat' dir='ltr'>Sic</span> <span class='ocrx_word' id='word_1_413' title='bbox 1836 3365 1971 3408; x_wconf 87' lang='lat' dir='ltr'>MSS.</span> 
     </span>
     <span class='ocr_line' id='line_1_70' title="bbox 1084 3419 1972 3476; baseline 0.001 -13"><span class='ocrx_word' id='word_1_414' title='bbox 1084 3419 1214 3463; x_wconf 76' lang='lat' dir='ltr'>Flor.</span> <span class='ocrx_word' id='word_1_415' title='bbox 1241 3419 1354 3474; x_wconf 75' lang='lat' dir='ltr'>(test,</span> <span class='ocrx_word' id='word_1_416' title='bbox 1375 3419 1509 3476; x_wconf 66' lang='lat' dir='ltr'>Vici.)</span> <span class='ocrx_word' id='word_1_417' title='bbox 1533 3419 1683 3464; x_wconf 83' lang='lat' dir='ltr'>Guelf.</span> <span class='ocrx_word' id='word_1_418' title='bbox 1699 3422 1815 3464; x_wconf 88' lang='lat' dir='ltr'>Bud.</span> <span class='ocrx_word' id='word_1_419' title='bbox 1835 3420 1972 3465; x_wconf 81' lang='lat' dir='ltr'>Corb.</span> 
     </span>
     <span class='ocr_line' id='line_1_71' title="bbox 1084 3476 1970 3534; baseline 0.005 -15"><span class='ocrx_word' id='word_1_420' title='bbox 1084 3476 1320 3534; x_wconf 80' lang='lat' dir='ltr'>cdd.Spir.</span> <span class='ocrx_word' id='word_1_421' title='bbox 1347 3476 1609 3521; x_wconf 84' lang='lat' dir='ltr'>Rhen.Ald.</span> <span class='ocrx_word' id='word_1_422' title='bbox 1632 3494 1652 3520; x_wconf 88' lang='lat' dir='ltr'>s</span> <span class='ocrx_word' id='word_1_423' title='bbox 1718 3509 1729 3521; x_wconf 94' lang='lat'>.</span> <span class='ocrx_word' id='word_1_424' title='bbox 1761 3501 1816 3509; x_wconf 89' lang='lat'>—</span> <span class='ocrx_word' id='word_1_425' title='bbox 1872 3481 1970 3532; x_wconf 73' lang='lat' dir='ltr'>plu·</span> 
     </span>
     <span class='ocr_line' id='line_1_72' title="bbox 1082 3534 1974 3582; baseline 0.003 -7"><span class='ocrx_word' id='word_1_426' title='bbox 1082 3536 1210 3578; x_wconf 75' lang='lat' dir='ltr'>ribus</span> <span class='ocrx_word' id='word_1_427' title='bbox 1243 3535 1343 3581; x_wconf 83' lang='lat' dir='ltr'>edd.</span> <span class='ocrx_word' id='word_1_428' title='bbox 1377 3534 1479 3577; x_wconf 71' lang='lat' dir='ltr'>put.</span> <span class='ocrx_word' id='word_1_429' title='bbox 1510 3534 1576 3581; x_wconf 86' lang='lat' dir='ltr'>M.</span> <span class='ocrx_word' id='word_1_430' title='bbox 1607 3543 1651 3578; x_wconf 74' lang='lat' dir='ltr'>ct</span> <span class='ocrx_word' id='word_1_431' title='bbox 1714 3566 1725 3581; x_wconf 87' lang='lat'>.</span> <span class='ocrx_word' id='word_1_432' title='bbox 1744 3535 1847 3582; x_wconf 61' lang='lat' dir='ltr'>Ber.</span> <span class='ocrx_word' id='word_1_433' title='bbox 1871 3536 1974 3580; x_wconf 73' lang='lat' dir='ltr'>Ale.</span> 
     </span>
    </p>
   </div>
  </div>
 </body>
</html>
