<?xml version="1.0" encoding="UTF-8"?>
<!DOCTYPE html PUBLIC "-//W3C//DTD XHTML 1.0 Transitional//EN"
    "http://www.w3.org/TR/xhtml1/DTD/xhtml1-transitional.dtd">
<html xmlns="http://www.w3.org/1999/xhtml" xml:lang="en" lang="en">
 <head>
  <title>
</title>
<meta http-equiv="Content-Type" content="text/html;charset=utf-8" />
  <meta name='ocr-system' content='tesseract 3.04.00' />
  <meta name='ocr-capabilities' content='ocr_page ocr_carea ocr_par ocr_line ocrx_word'/>
</head>
<body>
  <div class='ocr_page' id='page_1' title='image "./operarecensuitet03taciuoft/operarecensuitet03taciuoft_0200.png"; bbox 0 0 2138 4030; ppageno 0'>
   <div class='ocr_carea' id='block_1_1' title="bbox 214 228 1987 336">
    <p class='ocr_par' dir='ltr' id='par_1_1' title="bbox 214 228 1987 336">
     <span class='ocr_line' id='line_1_1' title="bbox 214 228 1987 336; baseline -0.003 -21"><span class='ocrx_word' id='word_1_1' title='bbox 214 256 340 315; x_wconf 75' lang='lat'><strong>190</strong></span> <span class='ocrx_word' id='word_1_2' title='bbox 727 246 1530 329; x_wconf 65' lang='lat' dir='ltr'><strong>snts‘romAnuM</strong></span> <span class='ocrx_word' id='word_1_3' title='bbox 1755 228 1987 336; x_wconf 41' lang='grc' dir='ltr'><strong>ἓξὲξ</strong></span> 
     </span>
    </p>
   </div>
   <div class='ocr_carea' id='block_1_2' title="bbox 209 381 2076 1743">
    <p class='ocr_par' dir='ltr' id='par_1_2' title="bbox 209 381 2076 1743">
     <span class='ocr_line' id='line_1_2' title="bbox 210 381 2072 464; baseline 0 -19"><span class='ocrx_word' id='word_1_4' title='bbox 210 389 520 456; x_wconf 60' lang='lat' dir='ltr'><strong>nubantur,</strong></span> <span class='ocrx_word' id='word_1_5' title='bbox 583 388 943 445; x_wconf 85' lang='lat' dir='ltr'><strong>atrocissima</strong></span> <span class='ocrx_word' id='word_1_6' title='bbox 990 387 1057 442; x_wconf 86' lang='lat' dir='ltr'><strong>in</strong></span> <span class='ocrx_word' id='word_1_7' title='bbox 1099 381 1460 458; x_wconf 84' lang='lat' dir='ltr'><strong>Verginium</strong></span> <span class='ocrx_word' id='word_1_8' title='bbox 1500 383 1596 456; x_wconf 68' lang='lat' dir='ltr'><strong>vi,</strong></span> <span class='ocrx_word' id='word_1_9' title='bbox 1643 389 2072 464; x_wconf 42' lang='lat' dir='ltr'><strong>quemdum</strong></span> 
     </span>
     <span class='ocr_line' id='line_1_3' title="bbox 211 469 2072 546; baseline 0.002 -16"><span class='ocrx_word' id='word_1_10' title='bbox 211 474 390 530; x_wconf 90' lang='lat' dir='ltr'><strong>domo</strong></span> <span class='ocrx_word' id='word_1_11' title='bbox 442 471 813 533; x_wconf 81' lang='lat' dir='ltr'><strong>obsidebant.</strong></span> <span class='ocrx_word' id='word_1_12' title='bbox 898 469 1206 546; x_wconf 81' lang='lat' dir='ltr'><strong>increpitis</strong></span> <span class='ocrx_word' id='word_1_13' title='bbox 1248 470 1558 527; x_wconf 77' lang='lat' dir='ltr'><strong>seditionis</strong></span> <span class='ocrx_word' id='word_1_14' title='bbox 1597 474 1940 539; x_wconf 63' lang='lat' dir='ltr'><strong>auctmdhus</strong></span> <span class='ocrx_word' id='word_1_15' title='bbox 1962 493 2072 533; x_wconf 61' lang='lat' dir='ltr'><strong>‘re-</strong></span> 
     </span>
     <span class='ocr_line' id='line_1_4' title="bbox 209 554 2070 633; baseline 0.002 -18"><span class='ocrx_word' id='word_1_16' title='bbox 209 576 438 633; x_wconf 81' lang='lat' dir='ltr'>gressus</span> <span class='ocrx_word' id='word_1_17' title='bbox 481 559 709 615; x_wconf 85' lang='lat' dir='ltr'><strong>vacavit</strong></span> <span class='ocrx_word' id='word_1_18' title='bbox 742 556 1090 614; x_wconf 86' lang='lat' dir='ltr'><strong>abeuntium</strong></span> <span class='ocrx_word' id='word_1_19' title='bbox 1121 554 1452 631; x_wconf 78' lang='lat' dir='ltr'><strong>adloquiiS‚</strong></span> <span class='ocrx_word' id='word_1_20' title='bbox 1505 556 1702 614; x_wconf 38' lang='lat' dir='ltr'><strong>donec*</strong></span> <span class='ocrx_word' id='word_1_21' title='bbox 1732 578 1940 617; x_wconf 80' lang='lat' dir='ltr'><strong>omnes</strong></span> <span class='ocrx_word' id='word_1_22' title='bbox 1971 561 2070 618; x_wconf 72' lang='lat' dir='ltr'><strong>in·-</strong></span> 
     </span>
     <span class='ocr_line' id='line_1_5' title="bbox 213 638 2072 718; baseline 0.001 -17"><span class='ocrx_word' id='word_1_23' title='bbox 213 643 422 702; x_wconf 81' lang='lat' dir='ltr'><strong>violati</strong></span> <span class='ocrx_word' id='word_1_24' title='bbox 466 644 932 718; x_wconf 80' lang='lat' dir='ltr'><strong>digrederentur.</strong></span> <span class='ocrx_word' id='word_1_25' title='bbox 1030 638 1486 715; x_wconf 86' lang='lat' dir='ltr'><strong>Vesperascente</strong></span> <span class='ocrx_word' id='word_1_26' title='bbox 1525 641 1622 698; x_wconf 91' lang='lat' dir='ltr'><strong>die</strong></span> <span class='ocrx_word' id='word_1_27' title='bbox 1659 642 1833 699; x_wconf 57' lang='lat' dir='ltr'><strong>sitim‘</strong></span> <span class='ocrx_word' id='word_1_28' title='bbox 1855 641 2072 704; x_wconf 81' lang='lat' dir='ltr'><strong>haustu</strong></span> 
     </span>
     <span class='ocr_line' id='line_1_6' title="bbox 213 725 2073 806; baseline 0.001 -19"><span class='ocrx_word' id='word_1_29' title='bbox 213 729 439 805; x_wconf 80' lang='lat' dir='ltr'><strong>gelidae</strong></span> <span class='ocrx_word' id='word_1_30' title='bbox 474 748 660 806; x_wconf 85' lang='lat' dir='ltr'><strong>aquae</strong></span> <span class='ocrx_word' id='word_1_31' title='bbox 687 725 929 786; x_wconf 86' lang='lat' dir='ltr'><strong>sedavit.</strong></span> <span class='ocrx_word' id='word_1_32' title='bbox 1017 725 1388 782; x_wconf 80' lang='lat' dir='ltr'><strong>tumadlatis</strong></span> <span class='ocrx_word' id='word_1_33' title='bbox 1422 726 1783 800; x_wconf 83' lang='lat' dir='ltr'><strong>pugionibus</strong></span> <span class='ocrx_word' id='word_1_34' title='bbox 1820 730 2073 802; x_wconf 78' lang='lat' dir='ltr'><strong>dnobus,</strong></span> 
     </span>
     <span class='ocr_line' id='line_1_7' title="bbox 213 807 2074 890; baseline 0.001 -18"><span class='ocrx_word' id='word_1_35' title='bbox 213 822 350 873; x_wconf 89' lang='lat' dir='ltr'><strong>c&#39;um</strong></span> <span class='ocrx_word' id='word_1_36' title='bbox 374 826 689 890; x_wconf 88' lang='lat' dir='ltr'><strong>utrumque</strong></span> <span class='ocrx_word' id='word_1_37' title='bbox 712 821 1129 888; x_wconf 85' lang='lat' dir='ltr'><strong>pertentasset,</strong></span> <span class='ocrx_word' id='word_1_38' title='bbox 1168 807 1419 868; x_wconf 84' lang='lat' dir='ltr'><strong>alterum</strong></span> <span class='ocrx_word' id='word_1_39' title='bbox 1449 811 1626 887; x_wconf 89' lang='lat' dir='ltr'><strong>capiti</strong></span> <span class='ocrx_word' id='word_1_40' title='bbox 1651 814 1936 876; x_wconf 83' lang='lat' dir='ltr'><strong>subdidit.</strong></span> <span class='ocrx_word' id='word_1_41' title='bbox 1999 827 2074 874; x_wconf 77' lang='lat' dir='ltr'><strong>‘et</strong></span> 
     </span>
     <span class='ocr_line' id='line_1_8' title="bbox 214 895 2073 978; baseline 0 -20"><span class='ocrx_word' id='word_1_42' title='bbox 214 901 515 976; x_wconf 80' lang='lat' dir='ltr'><strong>explorato</strong></span> <span class='ocrx_word' id='word_1_43' title='bbox 544 900 662 955; x_wconf 86' lang='lat' dir='ltr'><strong>iam</strong></span> <span class='ocrx_word' id='word_1_44' title='bbox 688 899 983 973; x_wconf 72' lang='lat' dir='ltr'><strong>profectos</strong></span> <span class='ocrx_word' id='word_1_45' title='bbox 1005 895 1226 952; x_wconf 84' lang='lat' dir='ltr'><strong>amicos</strong></span> <span class='ocrx_word' id='word_1_46' title='bbox 1243 940 1262 966; x_wconf 86' lang='lat'>‚</span> <span class='ocrx_word' id='word_1_47' title='bbox 1304 906 1538 953; x_wconf 88' lang='lat' dir='ltr'><strong>noctem</strong></span> <span class='ocrx_word' id='word_1_48' title='bbox 1564 897 1850 974; x_wconf 82' lang='lat' dir='ltr'><strong>quietam,</strong></span> <span class='ocrx_word' id='word_1_49' title='bbox 1889 912 2073 978; x_wconf 84' lang='lat' dir='ltr'><strong>utque</strong></span> 
     </span>
     <span class='ocr_line' id='line_1_9' title="bbox 214 981 2069 1057; baseline -0.002 -11"><span class='ocrx_word' id='word_1_50' title='bbox 214 987 590 1052; x_wconf 79' lang='lat' dir='ltr'><strong>adfirmatur,</strong></span> <span class='ocrx_word' id='word_1_51' title='bbox 634 1002 759 1038; x_wconf 92' lang='lat' dir='ltr'><strong>non</strong></span> <span class='ocrx_word' id='word_1_52' title='bbox 797 983 1132 1039; x_wconf 87' lang='lat' dir='ltr'><strong>insomnem</strong></span> <span class='ocrx_word' id='word_1_53' title='bbox 1165 981 1298 1054; x_wconf 88' lang='lat' dir='ltr'><strong>egit.</strong></span> <span class='ocrx_word' id='word_1_54' title='bbox 1383 981 1514 1038; x_wconf 91' lang='lat' dir='ltr'><strong>luce</strong></span> <span class='ocrx_word' id='word_1_55' title='bbox 1537 982 1731 1057; x_wconf 88' lang='lat' dir='ltr'><strong>prima</strong></span> <span class='ocrx_word' id='word_1_56' title='bbox 1755 984 1822 1040; x_wconf 92' lang='lat' dir='ltr'><strong>in</strong></span> <span class='ocrx_word' id='word_1_57' title='bbox 1843 986 2069 1043; x_wconf 83' lang='lat' dir='ltr'><strong>ferrum</strong></span> 
     </span>
     <span class='ocr_line' id='line_1_10' title="bbox 212 1066 2071 1148; baseline 0.001 -20"><span class='ocrx_word' id='word_1_58' title='bbox 212 1083 447 1148; x_wconf 86' lang='lat' dir='ltr'><strong>pectore</strong></span> <span class='ocrx_word' id='word_1_59' title='bbox 480 1068 769 1126; x_wconf 86' lang='lat' dir='ltr'><strong>incubuit.</strong></span> <span class='ocrx_word' id='word_1_60' title='bbox 856 1069 932 1125; x_wconf 87' lang='lat' dir='ltr'><strong>ad</strong></span> <span class='ocrx_word' id='word_1_61' title='bbox 963 1066 1244 1140; x_wconf 77' lang='lat' dir='ltr'><strong>gemitum</strong></span> <span class='ocrx_word' id='word_1_62' title='bbox 1262 1066 1576 1124; x_wconf 87' lang='lat' dir='ltr'><strong>morientis</strong></span> <span class='ocrx_word' id='word_1_63' title='bbox 1596 1067 1846 1141; x_wconf 88' lang='lat' dir='ltr'><strong>ingressi</strong></span> <span class='ocrx_word' id='word_1_64' title='bbox 1871 1071 2071 1129; x_wconf 87' lang='lat' dir='ltr'><strong>liberti</strong></span> 
     </span>
     <span class='ocr_line' id='line_1_11' title="bbox 214 1151 2074 1231; baseline -0.001 -17"><span class='ocrx_word' id='word_1_65' title='bbox 214 1156 484 1231; x_wconf 87' lang='lat' dir='ltr'><strong>servique</strong></span> <span class='ocrx_word' id='word_1_66' title='bbox 530 1164 587 1209; x_wconf 89' lang='lat' dir='ltr'><strong>et</strong></span> <span class='ocrx_word' id='word_1_67' title='bbox 623 1151 854 1209; x_wconf 90' lang='lat' dir='ltr'><strong>Plotius</strong></span> <span class='ocrx_word' id='word_1_68' title='bbox 896 1151 1137 1209; x_wconf 86' lang='lat' dir='ltr'><strong>Firmus</strong></span> <span class='ocrx_word' id='word_1_69' title='bbox 1184 1151 1467 1227; x_wconf 87' lang='lat' dir='ltr'><strong>praetorii</strong></span> <span class='ocrx_word' id='word_1_70' title='bbox 1512 1155 1838 1226; x_wconf 82' lang='lat' dir='ltr'><strong>praefectus</strong></span> <span class='ocrx_word' id='word_1_71' title='bbox 1883 1177 2074 1214; x_wconf 90' lang='lat' dir='ltr'><strong>unum</strong></span> 
     </span>
     <span class='ocr_line' id='line_1_12' title="bbox 214 1236 2073 1299; baseline -0.001 0"><span class='ocrx_word' id='word_1_72' title='bbox 214 1242 434 1299; x_wconf 87' lang='lat' dir='ltr'><strong>vulnus</strong></span> <span class='ocrx_word' id='word_1_73' title='bbox 487 1240 786 1297; x_wconf 85' lang='lat' dir='ltr'><strong>invenere.</strong></span> <span class='ocrx_word' id='word_1_74' title='bbox 893 1236 1099 1294; x_wconf 85' lang='lat' dir='ltr'><strong>Funus</strong></span> <span class='ocrx_word' id='word_1_75' title='bbox 1151 1248 1530 1296; x_wconf 81' lang='lat' dir='ltr'><strong>maturatum.</strong></span> <span class='ocrx_word' id='word_1_76' title='bbox 1628 1239 1979 1297; x_wconf 60' lang='lat' dir='ltr'><strong>ambitiosi-s*</strong></span> <span class='ocrx_word' id='word_1_77' title='bbox 2009 1241 2073 1298; x_wconf 86' lang='lat' dir='ltr'><strong>id</strong></span> 
     </span>
     <span class='ocr_line' id='line_1_13' title="bbox 213 1323 2076 1403; baseline 0.001 -20"><span class='ocrx_word' id='word_1_78' title='bbox 213 1325 487 1403; x_wconf 88' lang='lat' dir='ltr'><strong>precibus</strong></span> <span class='ocrx_word' id='word_1_79' title='bbox 518 1323 793 1398; x_wconf 81' lang='lat' dir='ltr'><strong>petierat,</strong></span> <span class='ocrx_word' id='word_1_80' title='bbox 846 1343 922 1379; x_wconf 90' lang='lat' dir='ltr'><strong>ne</strong></span> <span class='ocrx_word' id='word_1_81' title='bbox 957 1333 1362 1397; x_wconf 82' lang='lat' dir='ltr'><strong>amputaretur</strong></span> <span class='ocrx_word' id='word_1_82' title='bbox 1400 1333 1576 1397; x_wconf 84' lang='lat' dir='ltr'><strong>caput</strong></span> <span class='ocrx_word' id='word_1_83' title='bbox 1609 1323 1872 1382; x_wconf 89' lang='lat' dir='ltr'><strong>ludibrio</strong></span> <span class='ocrx_word' id='word_1_84' title='bbox 1911 1327 2076 1385; x_wconf 87' lang='lat' dir='ltr'><strong>futu-</strong></span> 
     </span>
     <span class='ocr_line' id='line_1_14' title="bbox 212 1402 2075 1483; baseline 0 -14"><span class='ocrx_word' id='word_1_85' title='bbox 212 1432 367 1470; x_wconf 88' lang='lat' dir='ltr'><strong>rum.</strong></span> <span class='ocrx_word' id='word_1_86' title='bbox 456 1410 643 1466; x_wconf 86' lang='lat' dir='ltr'><strong>tulere</strong></span> <span class='ocrx_word' id='word_1_87' title='bbox 673 1428 883 1483; x_wconf 92' lang='lat' dir='ltr'><strong>corpus</strong></span> <span class='ocrx_word' id='word_1_88' title='bbox 905 1407 1230 1483; x_wconf 83' lang='lat' dir='ltr'><strong>praetoriae</strong></span> <span class='ocrx_word' id='word_1_89' title='bbox 1258 1402 1528 1464; x_wconf 88' lang='lat' dir='ltr'><strong>cohortes</strong></span> <span class='ocrx_word' id='word_1_90' title='bbox 1555 1428 1688 1464; x_wconf 92' lang='lat' dir='ltr'><strong>cum</strong></span> <span class='ocrx_word' id='word_1_91' title='bbox 1714 1409 1991 1468; x_wconf 86' lang='lat' dir='ltr'><strong>laudibus</strong></span> <span class='ocrx_word' id='word_1_92' title='bbox 2017 1423 2075 1470; x_wconf 85' lang='lat' dir='ltr'><strong>et</strong></span> 
     </span>
     <span class='ocr_line' id='line_1_15' title="bbox 213 1491 2074 1572; baseline -0.001 -18"><span class='ocrx_word' id='word_1_93' title='bbox 213 1495 475 1555; x_wconf 85' lang='lat' dir='ltr'><strong>lacrimis</strong></span> <span class='ocrx_word' id='word_1_94' title='bbox 513 1494 732 1551; x_wconf 89' lang='lat' dir='ltr'><strong>vulnus</strong></span> <span class='ocrx_word' id='word_1_95' title='bbox 770 1513 1099 1570; x_wconf 88' lang='lat' dir='ltr'><strong>manusque</strong></span> <span class='ocrx_word' id='word_1_96' title='bbox 1147 1491 1272 1551; x_wconf 87' lang='lat' dir='ltr'><strong>eius</strong></span> <span class='ocrx_word' id='word_1_97' title='bbox 1325 1492 1745 1555; x_wconf 85' lang='lat' dir='ltr'><strong>exosculantes.</strong></span> <span class='ocrx_word' id='word_1_98' title='bbox 1830 1497 2074 1572; x_wconf 85' lang='lat' dir='ltr'><strong>quidam</strong></span> 
     </span>
     <span class='ocr_line' id='line_1_16' title="bbox 211 1579 2075 1658; baseline 0.001 -20"><span class='ocrx_word' id='word_1_99' title='bbox 211 1581 470 1638; x_wconf 90' lang='lat' dir='ltr'><strong>militum</strong></span> <span class='ocrx_word' id='word_1_100' title='bbox 499 1580 662 1636; x_wconf 84' lang='lat' dir='ltr'><strong>iuxta</strong></span> <span class='ocrx_word' id='word_1_101' title='bbox 684 1597 894 1651; x_wconf 87' lang='lat' dir='ltr'><strong>rogum</strong></span> <span class='ocrx_word' id='word_1_102' title='bbox 919 1579 1260 1636; x_wconf 83' lang='lat' dir='ltr'><strong>interfecere</strong></span> <span class='ocrx_word' id='word_1_103' title='bbox 1287 1597 1376 1646; x_wconf 83' lang='lat' dir='ltr'><strong>se,</strong></span> <span class='ocrx_word' id='word_1_104' title='bbox 1420 1597 1545 1634; x_wconf 92' lang='lat' dir='ltr'><strong>non</strong></span> <span class='ocrx_word' id='word_1_105' title='bbox 1576 1599 1730 1636; x_wconf 85' lang='lat' dir='ltr'><strong>noxa</strong></span> <span class='ocrx_word' id='word_1_106' title='bbox 1769 1600 1960 1658; x_wconf 89' lang='lat' dir='ltr'><strong>neque</strong></span> <span class='ocrx_word' id='word_1_107' title='bbox 1994 1583 2075 1640; x_wconf 85' lang='lat' dir='ltr'><strong>ob</strong></span> 
     </span>
     <span class='ocr_line' id='line_1_17' title="bbox 212 1663 2076 1743; baseline 0.001 -19"><span class='ocrx_word' id='word_1_108' title='bbox 212 1678 467 1736; x_wconf 89' lang='lat' dir='ltr'><strong>metum,</strong></span> <span class='ocrx_word' id='word_1_109' title='bbox 507 1667 609 1722; x_wconf 92' lang='lat' dir='ltr'><strong>sed</strong></span> <span class='ocrx_word' id='word_1_110' title='bbox 635 1664 1028 1721; x_wconf 85' lang='lat' dir='ltr'><strong>aemulatione</strong></span> <span class='ocrx_word' id='word_1_111' title='bbox 1056 1663 1283 1720; x_wconf 87' lang='lat' dir='ltr'><strong>decoris</strong></span> <span class='ocrx_word' id='word_1_112' title='bbox 1309 1673 1366 1719; x_wconf 88' lang='lat' dir='ltr'><strong>et</strong></span> <span class='ocrx_word' id='word_1_113' title='bbox 1389 1663 1627 1722; x_wconf 85' lang='lat' dir='ltr'><strong>caritate</strong></span> <span class='ocrx_word' id='word_1_114' title='bbox 1650 1665 1953 1743; x_wconf 90' lang='lat' dir='ltr'><strong>principis.</strong></span> <span class='ocrx_word' id='word_1_115' title='bbox 2009 1689 2076 1726; x_wconf 88' lang='lat' dir='ltr'><strong>ac</strong></span> 
     </span>
    </p>
   </div>
   <div class='ocr_carea' id='block_1_3' title="bbox 211 1866 1113 2036">
    <p class='ocr_par' dir='ltr' id='par_1_3' title="bbox 211 1866 1113 2036">
     <span class='ocr_line' id='line_1_18' title="bbox 276 1866 1113 1927; baseline -0.011 -10"><span class='ocrx_word' id='word_1_116' title='bbox 276 1872 567 1927; x_wconf 80' lang='lat' dir='ltr'><strong>Verginium.</strong></span> <span class='ocrx_word' id='word_1_117' title='bbox 628 1866 734 1913; x_wconf 87' lang='lat' dir='ltr'><strong>MS.</strong></span> <span class='ocrx_word' id='word_1_118' title='bbox 765 1866 918 1911; x_wconf 86' lang='lat' dir='ltr'><strong>Guelf.</strong></span> <span class='ocrx_word' id='word_1_119' title='bbox 954 1867 1113 1922; x_wconf 75' lang='lat' dir='ltr'><strong>Virgi-</strong></span> 
     </span>
     <span class='ocr_line' id='line_1_19' title="bbox 212 1925 1112 1983; baseline -0.01 -6"><span class='ocrx_word' id='word_1_120' title='bbox 212 1933 361 1977; x_wconf 79' lang='lat' dir='ltr'><strong>nium.</strong></span> <span class='ocrx_word' id='word_1_121' title='bbox 419 1928 545 1971; x_wconf 88' lang='lat' dir='ltr'><strong>Idem</strong></span> <span class='ocrx_word' id='word_1_122' title='bbox 569 1925 684 1970; x_wconf 81' lang='lat' dir='ltr'><strong>liber</strong></span> <span class='ocrx_word' id='word_1_123' title='bbox 702 1926 1006 1970; x_wconf 75' lang='lat' dir='ltr'><strong>seditionibus</strong></span> <span class='ocrx_word' id='word_1_124' title='bbox 1027 1940 1112 1983; x_wconf 89' lang='lat' dir='ltr'><strong>pro</strong></span> 
     </span>
     <span class='ocr_line' id='line_1_20' title="bbox 211 1986 471 2036; baseline -0.027 0"><span class='ocrx_word' id='word_1_125' title='bbox 211 1986 471 2036; x_wconf 77' lang='lat' dir='ltr'><strong>seditionis.</strong></span> 
     </span>
    </p>
   </div>
   <div class='ocr_carea' id='block_1_4' title="bbox 211 2065 1113 2239">
    <p class='ocr_par' dir='ltr' id='par_1_4' title="bbox 211 2065 1113 2239">
     <span class='ocr_line' id='line_1_21' title="bbox 271 2065 1113 2129; baseline -0.01 -14"><span class='ocrx_word' id='word_1_126' title='bbox 271 2070 521 2129; x_wconf 58' lang='lat' dir='ltr'><strong>adloquii&amp;</strong></span> <span class='ocrx_word' id='word_1_127' title='bbox 592 2068 669 2111; x_wconf 82' lang='lat' dir='ltr'><strong>Sic</strong></span> <span class='ocrx_word' id='word_1_128' title='bbox 712 2066 811 2109; x_wconf 85' lang='lat' dir='ltr'><strong>MS.</strong></span> <span class='ocrx_word' id='word_1_129' title='bbox 846 2065 975 2109; x_wconf 68' lang='lat' dir='ltr'><strong>Flor.</strong></span> <span class='ocrx_word' id='word_1_130' title='bbox 1002 2071 1113 2108; x_wconf 81' lang='lat' dir='ltr'><strong>teste</strong></span> 
     </span>
     <span class='ocr_line' id='line_1_22' title="bbox 212 2124 1113 2181; baseline -0.01 -8"><span class='ocrx_word' id='word_1_131' title='bbox 212 2131 433 2175; x_wconf 84' lang='lat' dir='ltr'><strong>Victorio.</strong></span> <span class='ocrx_word' id='word_1_132' title='bbox 462 2151 521 2163; x_wconf 84' lang='lat'><strong>--</strong></span> <span class='ocrx_word' id='word_1_133' title='bbox 551 2125 771 2181; x_wconf 81' lang='lat' dir='ltr'><strong>alloquiis</strong></span> <span class='ocrx_word' id='word_1_134' title='bbox 795 2124 898 2167; x_wconf 83' lang='lat' dir='ltr'><strong>edd.</strong></span> <span class='ocrx_word' id='word_1_135' title='bbox 923 2132 1031 2170; x_wconf 78' lang='lat' dir='ltr'><strong>vett.</strong></span> <span class='ocrx_word' id='word_1_136' title='bbox 1056 2146 1113 2154; x_wconf 89' lang='lat'><strong>—</strong></span> 
     </span>
     <span class='ocr_line' id='line_1_23' title="bbox 211 2184 772 2239; baseline -0.023 -3"><span class='ocrx_word' id='word_1_137' title='bbox 211 2190 316 2235; x_wconf 87' lang='lat' dir='ltr'><strong>MS.</strong></span> <span class='ocrx_word' id='word_1_138' title='bbox 335 2185 487 2231; x_wconf 81' lang='lat' dir='ltr'><strong>Guelf.</strong></span> <span class='ocrx_word' id='word_1_139' title='bbox 521 2184 772 2239; x_wconf 84' lang='lat' dir='ltr'><strong>colloquiis.</strong></span> 
     </span>
    </p>
   </div>
   <div class='ocr_carea' id='block_1_5' title="bbox 208 2265 1115 2555">
    <p class='ocr_par' dir='ltr' id='par_1_5' title="bbox 208 2265 1115 2555">
     <span class='ocr_line' id='line_1_24' title="bbox 269 2265 1112 2331; baseline -0.013 -14"><span class='ocrx_word' id='word_1_140' title='bbox 269 2275 642 2326; x_wconf 71' lang='lat' dir='ltr'><strong>vesperascente.</strong></span> <span class='ocrx_word' id='word_1_141' title='bbox 702 2265 802 2310; x_wconf 88' lang='lat' dir='ltr'><strong>MS.</strong></span> <span class='ocrx_word' id='word_1_142' title='bbox 827 2266 1010 2331; x_wconf 74' lang='lat' dir='ltr'><strong>Fames.</strong></span> <span class='ocrx_word' id='word_1_143' title='bbox 1034 2280 1112 2307; x_wconf 85' lang='lat' dir='ltr'><strong>ve-</strong></span> 
     </span>
     <span class='ocr_line' id='line_1_25' title="bbox 213 2322 1113 2388; baseline -0.013 -11"><span class='ocrx_word' id='word_1_144' title='bbox 213 2336 464 2388; x_wconf 83' lang='lat' dir='ltr'><strong>sperante,</strong></span> <span class='ocrx_word' id='word_1_145' title='bbox 497 2342 581 2385; x_wconf 86' lang='lat' dir='ltr'><strong>pro</strong></span> <span class='ocrx_word' id='word_1_146' title='bbox 601 2341 687 2383; x_wconf 79' lang='lat' dir='ltr'><strong>qua</strong></span> <span class='ocrx_word' id='word_1_147' title='bbox 707 2324 927 2381; x_wconf 83' lang='lat' dir='ltr'><strong>scriptura</strong></span> <span class='ocrx_word' id='word_1_148' title='bbox 941 2322 989 2364; x_wconf 90' lang='lat' dir='ltr'><strong>L1</strong></span> <span class='ocrx_word' id='word_1_149' title='bbox 1023 2323 1113 2365; x_wconf 81' lang='lat' dir='ltr'><strong>sius</strong></span> 
     </span>
     <span class='ocr_line' id='line_1_26' title="bbox 212 2379 1115 2442; baseline -0.016 -7"><span class='ocrx_word' id='word_1_150' title='bbox 212 2387 361 2436; x_wconf 79' lang='lat' dir='ltr'><strong>attulit</strong></span> <span class='ocrx_word' id='word_1_151' title='bbox 408 2385 662 2442; x_wconf 84' lang='lat' dir='ltr'><strong>exemplum</strong></span> <span class='ocrx_word' id='word_1_152' title='bbox 701 2380 761 2424; x_wconf 88' lang='lat' dir='ltr'><strong>A.</strong></span> <span class='ocrx_word' id='word_1_153' title='bbox 803 2379 924 2424; x_wconf 87' lang='lat' dir='ltr'><strong>Gell.</strong></span> <span class='ocrx_word' id='word_1_154' title='bbox 969 2381 992 2422; x_wconf 88' lang='grc'>1</span> <span class='ocrx_word' id='word_1_155' title='bbox 1023 2414 1037 2432; x_wconf 89' lang='grc'>,</span> <span class='ocrx_word' id='word_1_156' title='bbox 1072 2380 1115 2422; x_wconf 90' lang='grc'><strong>8.</strong></span> 
     </span>
     <span class='ocr_line' id='line_1_27' title="bbox 212 2437 1111 2496; baseline -0.013 -4"><span class='ocrx_word' id='word_1_157' title='bbox 212 2448 296 2492; x_wconf 79' lang='lat' dir='ltr'><strong>ubi</strong></span> <span class='ocrx_word' id='word_1_158' title='bbox 323 2448 422 2493; x_wconf 81' lang='lat' dir='ltr'><strong>iam</strong></span> <span class='ocrx_word' id='word_1_159' title='bbox 455 2446 800 2496; x_wconf 76' lang='lat' dir='ltr'><strong>vesperaverat.</strong></span> <span class='ocrx_word' id='word_1_160' title='bbox 863 2437 951 2482; x_wconf 88' lang='lat' dir='ltr'><strong>Sed</strong></span> <span class='ocrx_word' id='word_1_161' title='bbox 975 2437 1111 2482; x_wconf 84' lang='lat' dir='ltr'><strong>ceteri</strong></span> 
     </span>
     <span class='ocr_line' id='line_1_28' title="bbox 208 2494 965 2555; baseline -0.016 -4"><span class='ocrx_word' id='word_1_162' title='bbox 208 2504 312 2552; x_wconf 83' lang='lat' dir='ltr'><strong>libri</strong></span> <span class='ocrx_word' id='word_1_163' title='bbox 339 2498 630 2547; x_wconf 83' lang='lat' dir='ltr'><strong>consentiunt</strong></span> <span class='ocrx_word' id='word_1_164' title='bbox 649 2497 696 2540; x_wconf 89' lang='lat' dir='ltr'><strong>in</strong></span> <span class='ocrx_word' id='word_1_165' title='bbox 721 2494 965 2555; x_wconf 81' lang='lat' dir='ltr'><strong>vulgatum.</strong></span> 
     </span>
    </p>
   </div>
   <div class='ocr_carea' id='block_1_6' title="bbox 210 2578 1115 3528">
    <p class='ocr_par' dir='ltr' id='par_1_6' title="bbox 210 2578 1113 3445">
     <span class='ocr_line' id='line_1_29' title="bbox 270 2578 1112 2632; baseline -0.011 -1"><span class='ocrx_word' id='word_1_166' title='bbox 270 2587 462 2632; x_wconf 77' lang='lat' dir='ltr'><strong>duobus.</strong></span> <span class='ocrx_word' id='word_1_167' title='bbox 533 2582 610 2626; x_wconf 82' lang='lat' dir='ltr'><strong>Sic</strong></span> <span class='ocrx_word' id='word_1_168' title='bbox 647 2579 782 2625; x_wconf 85' lang='lat' dir='ltr'><strong>codd.</strong></span> <span class='ocrx_word' id='word_1_169' title='bbox 817 2578 955 2622; x_wconf 89' lang='lat' dir='ltr'><strong>MSS.</strong></span> <span class='ocrx_word' id='word_1_170' title='bbox 988 2579 1112 2623; x_wconf 88' lang='lat' dir='ltr'><strong>Flor.</strong></span> 
     </span>
     <span class='ocr_line' id='line_1_30' title="bbox 212 2636 1113 2707; baseline -0.018 -14"><span class='ocrx_word' id='word_1_171' title='bbox 212 2651 334 2707; x_wconf 83' lang='lat' dir='ltr'><strong>(test.</strong></span> <span class='ocrx_word' id='word_1_172' title='bbox 373 2639 610 2690; x_wconf 79' lang='lat' dir='ltr'><strong>Ernestio,</strong></span> <span class='ocrx_word' id='word_1_173' title='bbox 659 2653 754 2681; x_wconf 88' lang='lat' dir='ltr'><strong>non</strong></span> <span class='ocrx_word' id='word_1_174' title='bbox 794 2636 984 2682; x_wconf 84' lang='lat' dir='ltr'><strong>invenio</strong></span> <span class='ocrx_word' id='word_1_175' title='bbox 1027 2652 1113 2693; x_wconf 82' lang='lat' dir='ltr'><strong>qua</strong></span> 
     </span>
     <span class='ocr_line' id='line_1_31' title="bbox 213 2693 1111 2756; baseline -0.014 -6"><span class='ocrx_word' id='word_1_176' title='bbox 213 2701 493 2756; x_wconf 79' lang='lat' dir='ltr'><strong>auctoritate)</strong></span> <span class='ocrx_word' id='word_1_177' title='bbox 540 2695 693 2740; x_wconf 86' lang='lat' dir='ltr'><strong>Guelf.</strong></span> <span class='ocrx_word' id='word_1_178' title='bbox 746 2693 937 2752; x_wconf 85' lang='lat' dir='ltr'><strong>aliique,</strong></span> <span class='ocrx_word' id='word_1_179' title='bbox 1006 2694 1111 2738; x_wconf 89' lang='lat' dir='ltr'><strong>edd.</strong></span> 
     </span>
     <span class='ocr_line' id='line_1_32' title="bbox 210 2751 1111 2807; baseline -0.014 0"><span class='ocrx_word' id='word_1_180' title='bbox 210 2765 316 2807; x_wconf 81' lang='lat' dir='ltr'><strong>Put.</strong></span> <span class='ocrx_word' id='word_1_181' title='bbox 342 2759 411 2801; x_wconf 90' lang='lat' dir='ltr'><strong>M.</strong></span> <span class='ocrx_word' id='word_1_182' title='bbox 436 2764 480 2799; x_wconf 88' lang='lat' dir='ltr'><strong>et</strong></span> <span class='ocrx_word' id='word_1_183' title='bbox 502 2754 558 2797; x_wconf 91' lang='lat' dir='ltr'><strong>V.</strong></span> <span class='ocrx_word' id='word_1_184' title='bbox 579 2751 791 2796; x_wconf 84' lang='lat' dir='ltr'><strong>Beroald.</strong></span> <span class='ocrx_word' id='word_1_185' title='bbox 819 2753 941 2807; x_wconf 84' lang='lat' dir='ltr'><strong>(eum</strong></span> <span class='ocrx_word' id='word_1_186' title='bbox 964 2751 1111 2795; x_wconf 81' lang='lat' dir='ltr'><strong>silent.</strong></span> 
     </span>
     <span class='ocr_line' id='line_1_33' title="bbox 212 2809 1110 2873; baseline -0.013 -11"><span class='ocrx_word' id='word_1_187' title='bbox 212 2819 356 2873; x_wconf 82' lang='lat' dir='ltr'><strong>vict.)</strong></span> <span class='ocrx_word' id='word_1_188' title='bbox 382 2815 483 2858; x_wconf 82' lang='lat' dir='ltr'><strong>Alc.</strong></span> <span class='ocrx_word' id='word_1_189' title='bbox 509 2811 687 2869; x_wconf 80' lang='lat' dir='ltr'><strong>Micyll.</strong></span> <span class='ocrx_word' id='word_1_190' title='bbox 715 2809 840 2853; x_wconf 88' lang='grc'><strong>1557.</strong></span> <span class='ocrx_word' id='word_1_191' title='bbox 871 2818 915 2853; x_wconf 84' lang='lat' dir='ltr'><strong>et</strong></span> <span class='ocrx_word' id='word_1_192' title='bbox 948 2809 1110 2853; x_wconf 88' lang='lat' dir='ltr'><strong>deinde</strong></span> 
     </span>
     <span class='ocr_line' id='line_1_34' title="bbox 211 2867 1110 2927; baseline -0.016 -6"><span class='ocrx_word' id='word_1_193' title='bbox 211 2875 340 2922; x_wconf 82' lang='lat' dir='ltr'><strong>Pieh.</strong></span> <span class='ocrx_word' id='word_1_194' title='bbox 357 2872 538 2916; x_wconf 83' lang='lat' dir='ltr'><strong>Gruter.</strong></span> <span class='ocrx_word' id='word_1_195' title='bbox 560 2884 657 2927; x_wconf 87' lang='lat' dir='ltr'><strong>sqq.</strong></span> <span class='ocrx_word' id='word_1_196' title='bbox 718 2867 772 2910; x_wconf 80' lang='lat' dir='ltr'><strong>Et</strong></span> <span class='ocrx_word' id='word_1_197' title='bbox 797 2867 993 2911; x_wconf 85' lang='lat' dir='ltr'><strong>Pichena</strong></span> <span class='ocrx_word' id='word_1_198' title='bbox 1015 2867 1110 2924; x_wconf 88' lang='lat' dir='ltr'><strong>qui·</strong></span> 
     </span>
     <span class='ocr_line' id='line_1_35' title="bbox 214 2924 1112 2989; baseline -0.013 -11"><span class='ocrx_word' id='word_1_199' title='bbox 214 2935 319 2978; x_wconf 84' lang='lat' dir='ltr'><strong>dem</strong></span> <span class='ocrx_word' id='word_1_200' title='bbox 338 2928 576 2989; x_wconf 76' lang='lat' dir='ltr'><strong>profitetur</strong></span> <span class='ocrx_word' id='word_1_201' title='bbox 597 2943 643 2970; x_wconf 89' lang='lat' dir='ltr'><strong>se</strong></span> <span class='ocrx_word' id='word_1_202' title='bbox 665 2928 848 2968; x_wconf 82' lang='lat' dir='ltr'><strong>duobus</strong></span> <span class='ocrx_word' id='word_1_203' title='bbox 869 2940 919 2966; x_wconf 82' lang='lat' dir='ltr'><strong>ex</strong></span> <span class='ocrx_word' id='word_1_204' title='bbox 941 2924 1009 2967; x_wconf 87' lang='lat' dir='ltr'><strong>ed.</strong></span> <span class='ocrx_word' id='word_1_205' title='bbox 1029 2924 1112 2966; x_wconf 87' lang='lat' dir='ltr'><strong>Ve-</strong></span> 
     </span>
     <span class='ocr_line' id='line_1_36' title="bbox 214 2981 1112 3039; baseline -0.016 -3"><span class='ocrx_word' id='word_1_206' title='bbox 214 2999 307 3037; x_wconf 83' lang='lat' dir='ltr'><strong>net.</strong></span> <span class='ocrx_word' id='word_1_207' title='bbox 344 2984 609 3031; x_wconf 85' lang='lat' dir='ltr'><strong>restituisse:</strong></span> <span class='ocrx_word' id='word_1_208' title='bbox 652 2984 705 3026; x_wconf 85' lang='lat' dir='ltr'><strong>de</strong></span> <span class='ocrx_word' id='word_1_209' title='bbox 737 2981 838 3025; x_wconf 87' lang='lat' dir='ltr'><strong>MS.</strong></span> <span class='ocrx_word' id='word_1_210' title='bbox 862 2982 984 3025; x_wconf 85' lang='lat' dir='ltr'><strong>Flor.</strong></span> <span class='ocrx_word' id='word_1_211' title='bbox 1018 2982 1112 3039; x_wconf 87' lang='lat' dir='ltr'><strong>ipse</strong></span> 
     </span>
     <span class='ocr_line' id='line_1_37' title="bbox 211 3038 1113 3093; baseline -0.016 0"><span class='ocrx_word' id='word_1_212' title='bbox 211 3056 344 3093; x_wconf 79' lang='lat' dir='ltr'><strong>tacet.</strong></span> <span class='ocrx_word' id='word_1_213' title='bbox 405 3042 647 3086; x_wconf 77' lang='lat' dir='ltr'><strong>omittitur</strong></span> <span class='ocrx_word' id='word_1_214' title='bbox 679 3041 723 3083; x_wconf 87' lang='lat' dir='ltr'><strong>id</strong></span> <span class='ocrx_word' id='word_1_215' title='bbox 756 3040 1030 3085; x_wconf 82' lang='lat' dir='ltr'><strong>vocabulum</strong></span> <span class='ocrx_word' id='word_1_216' title='bbox 1064 3038 1113 3080; x_wconf 86' lang='lat' dir='ltr'><strong>in</strong></span> 
     </span>
     <span class='ocr_line' id='line_1_38' title="bbox 212 3095 1111 3157; baseline -0.014 -6"><span class='ocrx_word' id='word_1_217' title='bbox 212 3104 352 3151; x_wconf 89' lang='lat' dir='ltr'><strong>MSS.</strong></span> <span class='ocrx_word' id='word_1_218' title='bbox 385 3100 504 3143; x_wconf 84' lang='lat' dir='ltr'><strong>Bud.</strong></span> <span class='ocrx_word' id='word_1_219' title='bbox 543 3099 652 3157; x_wconf 79' lang='lat' dir='ltr'><strong>Reg.</strong></span> <span class='ocrx_word' id='word_1_220' title='bbox 687 3098 824 3142; x_wconf 89' lang='lat' dir='ltr'><strong>Corb.</strong></span> <span class='ocrx_word' id='word_1_221' title='bbox 860 3095 960 3139; x_wconf 88' lang='lat' dir='ltr'><strong>edd.</strong></span> <span class='ocrx_word' id='word_1_222' title='bbox 993 3095 1111 3154; x_wconf 87' lang='lat' dir='ltr'><strong>Spir.</strong></span> 
     </span>
     <span class='ocr_line' id='line_1_39' title="bbox 213 3153 1111 3213; baseline -0.016 -5"><span class='ocrx_word' id='word_1_223' title='bbox 213 3163 358 3208; x_wconf 84' lang='lat' dir='ltr'><strong>Rhen.</strong></span> <span class='ocrx_word' id='word_1_224' title='bbox 393 3156 496 3203; x_wconf 85' lang='lat' dir='ltr'><strong>Ald.</strong></span> <span class='ocrx_word' id='word_1_225' title='bbox 528 3155 650 3213; x_wconf 84' lang='lat' dir='ltr'><strong>Lips.</strong></span> <span class='ocrx_word' id='word_1_226' title='bbox 709 3154 895 3198; x_wconf 85' lang='lat' dir='ltr'><strong>Numeri</strong></span> <span class='ocrx_word' id='word_1_227' title='bbox 932 3153 1111 3211; x_wconf 78' lang='lat' dir='ltr'><strong>signum</strong></span> 
     </span>
     <span class='ocr_line' id='line_1_40' title="bbox 213 3209 1111 3274; baseline -0.017 -8"><span class='ocrx_word' id='word_1_228' title='bbox 213 3218 347 3266; x_wconf 83' lang='lat' dir='ltr'><strong>facile</strong></span> <span class='ocrx_word' id='word_1_229' title='bbox 388 3214 535 3274; x_wconf 84' lang='lat' dir='ltr'><strong>potuit</strong></span> <span class='ocrx_word' id='word_1_230' title='bbox 575 3212 800 3256; x_wconf 78' lang='lat' dir='ltr'><strong>excidere:</strong></span> <span class='ocrx_word' id='word_1_231' title='bbox 855 3209 1111 3254; x_wconf 79' lang='lat' dir='ltr'><strong>necessario</strong></span> 
     </span>
     <span class='ocr_line' id='line_1_41' title="bbox 214 3267 1109 3330; baseline -0.017 -7"><span class='ocrx_word' id='word_1_232' title='bbox 214 3286 362 3323; x_wconf 75' lang='lat' dir='ltr'><strong>autem</strong></span> <span class='ocrx_word' id='word_1_233' title='bbox 386 3271 620 3330; x_wconf 79' lang='lat' dir='ltr'><strong>reponitur</strong></span> <span class='ocrx_word' id='word_1_234' title='bbox 642 3277 683 3311; x_wconf 87' lang='lat' dir='ltr'><strong>et</strong></span> <span class='ocrx_word' id='word_1_235' title='bbox 708 3271 764 3311; x_wconf 90' lang='lat' dir='ltr'><strong>ob</strong></span> <span class='ocrx_word' id='word_1_236' title='bbox 798 3267 1109 3311; x_wconf 82' lang='lat' dir='ltr'><strong>testimonium</strong></span> 
     </span>
     <span class='ocr_line' id='line_1_42' title="bbox 212 3325 1112 3385; baseline -0.017 -5"><span class='ocrx_word' id='word_1_237' title='bbox 212 3331 475 3381; x_wconf 79' lang='lat' dir='ltr'><strong>Plutarchi,</strong></span> <span class='ocrx_word' id='word_1_238' title='bbox 538 3336 580 3371; x_wconf 89' lang='lat' dir='ltr'><strong>et</strong></span> <span class='ocrx_word' id='word_1_239' title='bbox 619 3325 720 3385; x_wconf 85' lang='lat' dir='ltr'><strong>quia</strong></span> <span class='ocrx_word' id='word_1_240' title='bbox 765 3343 867 3379; x_wconf 82' lang='lat' dir='ltr'><strong>mox</strong></span> <span class='ocrx_word' id='word_1_241' title='bbox 907 3325 1112 3385; x_wconf 86' lang='lat' dir='ltr'><strong>sequitur</strong></span> 
     </span>
     <span class='ocr_line' id='line_1_43' title="bbox 216 3401 478 3445; baseline -0.031 -7"><span class='ocrx_word' id='word_1_242' title='bbox 216 3401 478 3445; x_wconf 80' lang='lat' dir='ltr'><strong>utrumque.</strong></span> 
     </span>
    </p>

    <p class='ocr_par' dir='ltr' id='par_1_7' title="bbox 263 3465 1115 3528">
     <span class='ocr_line' id='line_1_44' title="bbox 263 3465 1115 3528; baseline -0.015 -9"><span class='ocrx_word' id='word_1_243' title='bbox 263 3484 535 3528; x_wconf 47' lang='lat' dir='ltr'><strong>‘utrumquem</strong></span> <span class='ocrx_word' id='word_1_244' title='bbox 595 3467 671 3511; x_wconf 88' lang='lat' dir='ltr'><strong>Sic</strong></span> <span class='ocrx_word' id='word_1_245' title='bbox 694 3465 968 3508; x_wconf 65' lang='lat' dir='ltr'><strong>MSSAElor.</strong></span> <span class='ocrx_word' id='word_1_246' title='bbox 997 3468 1115 3519; x_wconf 84' lang='lat' dir='ltr'><strong>(test.</strong></span> 
     </span>
    </p>
   </div>
   <div class='ocr_carea' id='block_1_7' title="bbox 216 3523 1115 3644">
    <p class='ocr_par' dir='ltr' id='par_1_8' title="bbox 216 3523 1115 3644">
     <span class='ocr_line' id='line_1_45' title="bbox 216 3523 1115 3581; baseline -0.016 -2"><span class='ocrx_word' id='word_1_247' title='bbox 216 3534 364 3581; x_wconf 67' lang='lat' dir='ltr'><strong>Pich.)</strong></span> <span class='ocrx_word' id='word_1_248' title='bbox 396 3527 549 3574; x_wconf 81' lang='lat' dir='ltr'><strong>Guelf.</strong></span> <span class='ocrx_word' id='word_1_249' title='bbox 585 3526 685 3568; x_wconf 85' lang='lat' dir='ltr'><strong>edd.</strong></span> <span class='ocrx_word' id='word_1_250' title='bbox 709 3523 825 3579; x_wconf 78' lang='lat' dir='ltr'><strong>Spir.</strong></span> <span class='ocrx_word' id='word_1_251' title='bbox 852 3523 952 3566; x_wconf 77' lang='lat' dir='ltr'><strong>Put.</strong></span> <span class='ocrx_word' id='word_1_252' title='bbox 976 3523 1043 3565; x_wconf 85' lang='lat' dir='ltr'><strong>M.</strong></span> <span class='ocrx_word' id='word_1_253' title='bbox 1073 3531 1115 3565; x_wconf 86' lang='lat' dir='ltr'><strong>et</strong></span> 
     </span>
     <span class='ocr_line' id='line_1_46' title="bbox 218 3578 1111 3644; baseline -0.016 -7"><span class='ocrx_word' id='word_1_254' title='bbox 218 3587 276 3637; x_wconf 82' lang='lat' dir='ltr'><strong>V.</strong></span> <span class='ocrx_word' id='word_1_255' title='bbox 300 3591 400 3636; x_wconf 87' lang='lat' dir='ltr'><strong>Ber.</strong></span> <span class='ocrx_word' id='word_1_256' title='bbox 423 3588 546 3644; x_wconf 80' lang='lat' dir='ltr'><strong>(eum</strong></span> <span class='ocrx_word' id='word_1_257' title='bbox 567 3583 714 3628; x_wconf 79' lang='lat' dir='ltr'><strong>silent.</strong></span> <span class='ocrx_word' id='word_1_258' title='bbox 733 3578 868 3636; x_wconf 70' lang='lat' dir='ltr'><strong>Vi&#39;ct.)</strong></span> <span class='ocrx_word' id='word_1_259' title='bbox 894 3581 992 3625; x_wconf 82' lang='lat' dir='ltr'><strong>Ale.</strong></span> <span class='ocrx_word' id='word_1_260' title='bbox 1007 3579 1111 3623; x_wconf 74' lang='grc' dir='ltr'><strong>ΑΜ.</strong></span> 
     </span>
    </p>
   </div>
   <div class='ocr_carea' id='block_1_8' title="bbox 1186 1864 2078 1930">
    <p class='ocr_par' dir='ltr' id='par_1_9' title="bbox 1186 1864 2078 1930">
     <span class='ocr_line' id='line_1_47' title="bbox 1186 1864 2078 1930; baseline 0.008 -21"><span class='ocrx_word' id='word_1_261' title='bbox 1186 1864 1363 1924; x_wconf 68' lang='grc' dir='ltr'><strong>ΜῖογΙΙ.</strong></span> <span class='ocrx_word' id='word_1_262' title='bbox 1397 1866 1446 1910; x_wconf 89' lang='lat' dir='ltr'><strong>Li</strong></span> <span class='ocrx_word' id='word_1_263' title='bbox 1481 1883 1515 1912; x_wconf 89' lang='lat' dir='ltr'><strong>s.</strong></span> <span class='ocrx_word' id='word_1_264' title='bbox 1549 1866 1675 1912; x_wconf 79' lang='lat' dir='ltr'><strong>Pich.</strong></span> <span class='ocrx_word' id='word_1_265' title='bbox 1713 1865 1846 1914; x_wconf 73' lang='lat' dir='ltr'><strong>Grut.</strong></span> <span class='ocrx_word' id='word_1_266' title='bbox 1882 1887 1933 1930; x_wconf 84' lang='lat' dir='ltr'><strong>sq</strong></span> <span class='ocrx_word' id='word_1_267' title='bbox 1967 1903 1983 1915; x_wconf 92' lang='lat'><strong>.</strong></span> <span class='ocrx_word' id='word_1_268' title='bbox 2022 1895 2078 1908; x_wconf 75' lang='lat'><strong>‹-</strong></span> 
     </span>
    </p>
   </div>
   <div class='ocr_carea' id='block_1_9' title="bbox 1186 1919 2080 2024">
    <p class='ocr_par' dir='ltr' id='par_1_10' title="bbox 1186 1919 2080 2024">
     <span class='ocr_line' id='line_1_48' title="bbox 1186 1919 2080 2024; baseline 0.012 -59"><span class='ocrx_word' id='word_1_269' title='bbox 1186 1926 1398 2024; x_wconf 57' lang='grc' dir='ltr'><strong>ἱιὲἓιέῑιμιε</strong></span> <span class='ocrx_word' id='word_1_270' title='bbox 1463 1923 1641 1970; x_wconf 88' lang='lat' dir='ltr'><strong>S.Bud.</strong></span> <span class='ocrx_word' id='word_1_271' title='bbox 1667 1919 1836 1972; x_wconf 79' lang='lat' dir='ltr'><strong>etinde</strong></span> <span class='ocrx_word' id='word_1_272' title='bbox 1856 1928 1926 1974; x_wconf 87' lang='lat' dir='ltr'><strong>ed.</strong></span> <span class='ocrx_word' id='word_1_273' title='bbox 2010 1947 2080 1975; x_wconf 82' lang='lat' dir='ltr'><strong>en.</strong></span> 
     </span>
    </p>
   </div>
   <div class='ocr_carea' id='block_1_10' title="bbox 1185 2064 2082 2247">
    <p class='ocr_par' dir='ltr' id='par_1_11' title="bbox 1185 2064 2082 2247">
     <span class='ocr_line' id='line_1_49' title="bbox 1237 2064 2079 2120; baseline 0.014 -13"><span class='ocrx_word' id='word_1_274' title='bbox 1237 2073 1572 2119; x_wconf 70' lang='lat' dir='ltr'><strong>pertentas-set.</strong></span> <span class='ocrx_word' id='word_1_275' title='bbox 1654 2066 1732 2113; x_wconf 83' lang='lat' dir='ltr'><strong>Sic</strong></span> <span class='ocrx_word' id='word_1_276' title='bbox 1772 2064 1911 2116; x_wconf 88' lang='lat' dir='ltr'><strong>MSS.</strong></span> <span class='ocrx_word' id='word_1_277' title='bbox 1938 2071 1989 2116; x_wconf 66' lang='grc' dir='ltr'><strong>Ἐ</strong></span> <span class='ocrx_word' id='word_1_278' title='bbox 1990 2074 2079 2120; x_wconf 84' lang='lat' dir='ltr'><strong>lor.</strong></span> 
     </span>
     <span class='ocr_line' id='line_1_50' title="bbox 1186 2121 2079 2187; baseline 0.015 -23"><span class='ocrx_word' id='word_1_279' title='bbox 1186 2124 1305 2175; x_wconf 85' lang='lat' dir='ltr'><strong>(test.</strong></span> <span class='ocrx_word' id='word_1_280' title='bbox 1331 2123 1484 2175; x_wconf 89' lang='lat' dir='ltr'><strong>Pich.)</strong></span> <span class='ocrx_word' id='word_1_281' title='bbox 1519 2121 1671 2168; x_wconf 87' lang='lat' dir='ltr'><strong>Guelf.</strong></span> <span class='ocrx_word' id='word_1_282' title='bbox 1705 2125 1806 2171; x_wconf 88' lang='lat' dir='ltr'><strong>edd.</strong></span> <span class='ocrx_word' id='word_1_283' title='bbox 1829 2127 1948 2187; x_wconf 86' lang='lat' dir='ltr'><strong>Spir.</strong></span> <span class='ocrx_word' id='word_1_284' title='bbox 1973 2131 2079 2177; x_wconf 74' lang='lat' dir='ltr'><strong>Put.</strong></span> 
     </span>
     <span class='ocr_line' id='line_1_51' title="bbox 1185 2178 2082 2247; baseline 0.016 -25"><span class='ocrx_word' id='word_1_285' title='bbox 1185 2178 1254 2223; x_wconf 90' lang='lat' dir='ltr'><strong>M.</strong></span> <span class='ocrx_word' id='word_1_286' title='bbox 1278 2188 1320 2222; x_wconf 90' lang='lat' dir='ltr'><strong>et</strong></span> <span class='ocrx_word' id='word_1_287' title='bbox 1335 2181 1390 2223; x_wconf 89' lang='lat' dir='ltr'><strong>V.</strong></span> <span class='ocrx_word' id='word_1_288' title='bbox 1404 2180 1614 2224; x_wconf 88' lang='lat' dir='ltr'><strong>Beroald.</strong></span> <span class='ocrx_word' id='word_1_289' title='bbox 1638 2183 1762 2237; x_wconf 82' lang='lat' dir='ltr'><strong>(cum</strong></span> <span class='ocrx_word' id='word_1_290' title='bbox 1776 2185 1923 2232; x_wconf 77' lang='lat' dir='ltr'><strong>silent.</strong></span> <span class='ocrx_word' id='word_1_291' title='bbox 1943 2187 2082 2247; x_wconf 76' lang='lat' dir='ltr'><strong>vict.)</strong></span> 
     </span>
    </p>
   </div>
   <div class='ocr_carea' id='block_1_11' title="bbox 1181 2237 2082 2475">
    <p class='ocr_par' dir='ltr' id='par_1_12' title="bbox 1181 2237 2082 2475">
     <span class='ocr_line' id='line_1_52' title="bbox 1185 2237 2082 2300; baseline 0.013 -21"><span class='ocrx_word' id='word_1_292' title='bbox 1185 2239 1287 2281; x_wconf 85' lang='lat' dir='ltr'><strong>Alc.</strong></span> <span class='ocrx_word' id='word_1_293' title='bbox 1309 2237 1414 2281; x_wconf 85' lang='lat' dir='ltr'><strong>Ald.</strong></span> <span class='ocrx_word' id='word_1_294' title='bbox 1432 2237 1562 2281; x_wconf 83' lang='lat' dir='ltr'><strong>Pieh.</strong></span> <span class='ocrx_word' id='word_1_295' title='bbox 1585 2237 1716 2283; x_wconf 83' lang='lat' dir='ltr'><strong>Grut.</strong></span> <span class='ocrx_word' id='word_1_296' title='bbox 1740 2257 1839 2300; x_wconf 86' lang='lat' dir='ltr'><strong>sqq.</strong></span> <span class='ocrx_word' id='word_1_297' title='bbox 1868 2272 1927 2280; x_wconf 94' lang='lat'><strong>—</strong></span> <span class='ocrx_word' id='word_1_298' title='bbox 1968 2254 2082 2292; x_wconf 82' lang='lat' dir='ltr'><strong>tem·</strong></span> 
     </span>
     <span class='ocr_line' id='line_1_53' title="bbox 1181 2295 2081 2350; baseline 0.017 -15"><span class='ocrx_word' id='word_1_299' title='bbox 1181 2303 1362 2349; x_wconf 61' lang='lat' dir='ltr'><strong>ptos-set</strong></span> <span class='ocrx_word' id='word_1_300' title='bbox 1383 2295 1484 2340; x_wconf 88' lang='lat' dir='ltr'><strong>MS.</strong></span> <span class='ocrx_word' id='word_1_301' title='bbox 1512 2295 1629 2340; x_wconf 88' lang='lat' dir='ltr'><strong>Bud.</strong></span> <span class='ocrx_word' id='word_1_302' title='bbox 1654 2306 1696 2340; x_wconf 85' lang='lat' dir='ltr'><strong>et</strong></span> <span class='ocrx_word' id='word_1_303' title='bbox 1719 2297 1824 2342; x_wconf 87' lang='lat' dir='ltr'><strong>inde</strong></span> <span class='ocrx_word' id='word_1_304' title='bbox 1850 2310 2081 2350; x_wconf 73' lang='lat' dir='ltr'><strong>tentas-see</strong></span> 
     </span>
     <span class='ocr_line' id='line_1_54' title="bbox 1185 2351 2078 2420; baseline 0.015 -26"><span class='ocrx_word' id='word_1_305' title='bbox 1185 2351 1288 2395; x_wconf 85' lang='lat' dir='ltr'><strong>edd.</strong></span> <span class='ocrx_word' id='word_1_306' title='bbox 1320 2352 1464 2396; x_wconf 90' lang='lat' dir='ltr'><strong>Rhen.</strong></span> <span class='ocrx_word' id='word_1_307' title='bbox 1496 2353 1677 2412; x_wconf 82' lang='lat' dir='ltr'><strong>Micyll.</strong></span> <span class='ocrx_word' id='word_1_308' title='bbox 1715 2364 1757 2399; x_wconf 82' lang='lat' dir='ltr'><strong>et</strong></span> <span class='ocrx_word' id='word_1_309' title='bbox 1785 2357 1922 2417; x_wconf 76' lang='lat' dir='ltr'><strong>Lipsii</strong></span> <span class='ocrx_word' id='word_1_310' title='bbox 1951 2362 2078 2420; x_wconf 84' lang='lat' dir='ltr'><strong>prio-</strong></span> 
     </span>
     <span class='ocr_line' id='line_1_55' title="bbox 1184 2412 2079 2475; baseline 0.025 -30"><span class='ocrx_word' id='word_1_311' title='bbox 1184 2426 1270 2456; x_wconf 73' lang='lat' dir='ltr'><strong>res,</strong></span> <span class='ocrx_word' id='word_1_312' title='bbox 1285 2438 1345 2447; x_wconf 88' lang='lat'><strong>.....</strong></span> <span class='ocrx_word' id='word_1_313' title='bbox 1369 2417 1723 2466; x_wconf 67' lang='lat' dir='ltr'><strong>praetentas-set</strong></span> <span class='ocrx_word' id='word_1_314' title='bbox 1738 2414 1809 2459; x_wconf 88' lang='lat' dir='ltr'><strong>ed.</strong></span> <span class='ocrx_word' id='word_1_315' title='bbox 1820 2412 1940 2475; x_wconf 58' lang='lat'><strong>1492.</strong></span> <span class='ocrx_word' id='word_1_316' title='bbox 1953 2421 2079 2468; x_wconf 86' lang='lat'><strong>1607.</strong></span> 
     </span>
    </p>
   </div>
   <div class='ocr_carea' id='block_1_12' title="bbox 1182 2494 2134 2839">
    <p class='ocr_par' dir='ltr' id='par_1_13' title="bbox 1182 2494 2134 2839">
     <span class='ocr_line' id='line_1_56' title="bbox 1242 2494 2078 2559; baseline 0.017 -23"><span class='ocrx_word' id='word_1_317' title='bbox 1242 2494 1459 2538; x_wconf 82' lang='lat' dir='ltr'><strong>subdidit.</strong></span> <span class='ocrx_word' id='word_1_318' title='bbox 1522 2494 1599 2540; x_wconf 80' lang='lat' dir='ltr'><strong>Sic</strong></span> <span class='ocrx_word' id='word_1_319' title='bbox 1631 2495 1765 2542; x_wconf 87' lang='lat' dir='ltr'><strong>MSS.</strong></span> <span class='ocrx_word' id='word_1_320' title='bbox 1799 2498 1921 2545; x_wconf 81' lang='lat' dir='ltr'><strong>Flor.</strong></span> <span class='ocrx_word' id='word_1_321' title='bbox 1959 2507 2078 2559; x_wconf 79' lang='lat' dir='ltr'><strong>(test.</strong></span> 
     </span>
     <span class='ocr_line' id='line_1_57' title="bbox 1186 2550 2134 2614; baseline 0.008 -20"><span class='ocrx_word' id='word_1_322' title='bbox 1186 2551 1331 2608; x_wconf 81' lang='lat' dir='ltr'><strong>Pich.)</strong></span> <span class='ocrx_word' id='word_1_323' title='bbox 1358 2550 1510 2595; x_wconf 80' lang='lat' dir='ltr'><strong>Guelf.</strong></span> <span class='ocrx_word' id='word_1_324' title='bbox 1546 2553 1646 2596; x_wconf 87' lang='lat' dir='ltr'><strong>edd.</strong></span> <span class='ocrx_word' id='word_1_325' title='bbox 1676 2555 1792 2614; x_wconf 86' lang='lat' dir='ltr'><strong>Spir.</strong></span> <span class='ocrx_word' id='word_1_326' title='bbox 1820 2557 1921 2602; x_wconf 84' lang='lat' dir='ltr'><strong>Put.</strong></span> <span class='ocrx_word' id='word_1_327' title='bbox 1946 2560 2014 2607; x_wconf 60' lang='grc' dir='ltr'><strong>ΕΙ.</strong></span> <span class='ocrx_word' id='word_1_328' title='bbox 2036 2571 2134 2609; x_wconf 22' lang='lat' dir='ltr'><strong>etz-w:</strong></span> 
     </span>
     <span class='ocr_line' id='line_1_58' title="bbox 1188 2609 2131 2675; baseline 0.012 -25"><span class='ocrx_word' id='word_1_329' title='bbox 1188 2610 1246 2653; x_wconf 93' lang='lat' dir='ltr'><strong>V.</strong></span> <span class='ocrx_word' id='word_1_330' title='bbox 1269 2609 1479 2653; x_wconf 85' lang='lat' dir='ltr'><strong>Beroald.</strong></span> <span class='ocrx_word' id='word_1_331' title='bbox 1503 2610 1626 2663; x_wconf 79' lang='lat' dir='ltr'><strong>(cum</strong></span> <span class='ocrx_word' id='word_1_332' title='bbox 1650 2612 1799 2658; x_wconf 80' lang='lat' dir='ltr'><strong>silent.</strong></span> <span class='ocrx_word' id='word_1_333' title='bbox 1816 2613 1953 2675; x_wconf 84' lang='lat' dir='ltr'><strong>Vict.)</strong></span> <span class='ocrx_word' id='word_1_334' title='bbox 1975 2619 2077 2667; x_wconf 80' lang='lat' dir='ltr'><strong>Alc,</strong></span> <span class='ocrx_word' id='word_1_335' title='bbox 2123 2609 2131 2622; x_wconf 27' lang='grc' dir='ltr'><strong>Ἴ</strong></span> 
     </span>
     <span class='ocr_line' id='line_1_59' title="bbox 1184 2666 2081 2734; baseline 0.008 -25"><span class='ocrx_word' id='word_1_336' title='bbox 1184 2677 1230 2712; x_wconf 85' lang='lat' dir='ltr'><strong>et</strong></span> <span class='ocrx_word' id='word_1_337' title='bbox 1269 2667 1428 2710; x_wconf 87' lang='lat' dir='ltr'><strong>deinde</strong></span> <span class='ocrx_word' id='word_1_338' title='bbox 1466 2666 1592 2710; x_wconf 82' lang='lat' dir='ltr'><strong>Pich.</strong></span> <span class='ocrx_word' id='word_1_339' title='bbox 1626 2668 1843 2732; x_wconf 83' lang='lat' dir='ltr'><strong>Bernegg.</strong></span> <span class='ocrx_word' id='word_1_340' title='bbox 1884 2691 1935 2734; x_wconf 82' lang='lat' dir='ltr'><strong>sq</strong></span> <span class='ocrx_word' id='word_1_341' title='bbox 1969 2709 1980 2721; x_wconf 92' lang='lat'><strong>.</strong></span> <span class='ocrx_word' id='word_1_342' title='bbox 2023 2706 2081 2716; x_wconf 83' lang='grc'><strong>-.</strong></span> 
     </span>
     <span class='ocr_line' id='line_1_60' title="bbox 1182 2725 2078 2781; baseline 0.016 -13"><span class='ocrx_word' id='word_1_343' title='bbox 1182 2726 1337 2768; x_wconf 77' lang='lat' dir='ltr'><strong>subdit</strong></span> <span class='ocrx_word' id='word_1_344' title='bbox 1359 2725 1460 2767; x_wconf 87' lang='lat' dir='ltr'><strong>MS.</strong></span> <span class='ocrx_word' id='word_1_345' title='bbox 1485 2725 1600 2767; x_wconf 89' lang='lat' dir='ltr'><strong>Bud.</strong></span> <span class='ocrx_word' id='word_1_346' title='bbox 1625 2735 1668 2769; x_wconf 84' lang='lat' dir='ltr'><strong>et</strong></span> <span class='ocrx_word' id='word_1_347' title='bbox 1688 2727 1794 2772; x_wconf 84' lang='lat' dir='ltr'><strong>inde</strong></span> <span class='ocrx_word' id='word_1_348' title='bbox 1818 2732 1920 2778; x_wconf 88' lang='lat' dir='ltr'><strong>edd.</strong></span> <span class='ocrx_word' id='word_1_349' title='bbox 2005 2751 2078 2781; x_wconf 86' lang='lat' dir='ltr'><strong>en.</strong></span> 
     </span>
     <span class='ocr_line' id='line_1_61' title="bbox 1183 2780 1963 2839; baseline 0.006 -12"><span class='ocrx_word' id='word_1_350' title='bbox 1183 2782 1282 2827; x_wconf 86' lang='lat' dir='ltr'><strong>Ald.</strong></span> <span class='ocrx_word' id='word_1_351' title='bbox 1306 2780 1483 2839; x_wconf 83' lang='lat' dir='ltr'><strong>Micyll.</strong></span> <span class='ocrx_word' id='word_1_352' title='bbox 1502 2782 1621 2839; x_wconf 80' lang='lat' dir='ltr'><strong>Lips.</strong></span> <span class='ocrx_word' id='word_1_353' title='bbox 1642 2782 1776 2830; x_wconf 76' lang='lat' dir='ltr'><strong>Grut.</strong></span> <span class='ocrx_word' id='word_1_354' title='bbox 1950 2810 1963 2822; x_wconf 81' lang='grc'><strong>·-</strong></span> 
     </span>
    </p>
   </div>
   <div class='ocr_carea' id='block_1_13' title="bbox 1181 2862 2080 3050">
    <p class='ocr_par' dir='ltr' id='par_1_14' title="bbox 1181 2862 2080 3050">
     <span class='ocr_line' id='line_1_62' title="bbox 1239 2862 2077 2943; baseline 0.018 -37"><span class='ocrx_word' id='word_1_355' title='bbox 1239 2867 1435 2908; x_wconf 83' lang='lat' dir='ltr'><strong>ludibrio</strong></span> <span class='ocrx_word' id='word_1_356' title='bbox 1460 2864 1713 2921; x_wconf 33' lang='lat' dir='ltr'><strong>futurum..</strong></span> <span class='ocrx_word' id='word_1_357' title='bbox 1779 2862 1822 2915; x_wconf 88' lang='lat' dir='ltr'>A</span> <span class='ocrx_word' id='word_1_358' title='bbox 1857 2868 2077 2943; x_wconf 34' lang='lat' dir='ltr'><strong>wls-*³05⁸-</strong></span> 
     </span>
     <span class='ocr_line' id='line_1_63' title="bbox 1181 2922 2080 2998; baseline 0.016 -32"><span class='ocrx_word' id='word_1_359' title='bbox 1181 2923 1293 2966; x_wconf 83' lang='lat' dir='ltr'><strong>haee</strong></span> <span class='ocrx_word' id='word_1_360' title='bbox 1314 2922 1491 2966; x_wconf 83' lang='lat' dir='ltr'><strong>absunt.</strong></span> <span class='ocrx_word' id='word_1_361' title='bbox 1533 2923 1634 2970; x_wconf 88' lang='lat' dir='ltr'><strong>MS.</strong></span> <span class='ocrx_word' id='word_1_362' title='bbox 1649 2925 1800 2972; x_wconf 79' lang='lat' dir='ltr'><strong>Guelf.</strong></span> <span class='ocrx_word' id='word_1_363' title='bbox 1823 2926 1957 2998; x_wconf 52' lang='lat' dir='ltr'><strong>qufflp</strong></span> <span class='ocrx_word' id='word_1_364' title='bbox 1979 2942 2080 2980; x_wconf 74' lang='lat' dir='ltr'><strong>ame</strong></span> 
     </span>
     <span class='ocr_line' id='line_1_64' title="bbox 1839 3005 1936 3050; baseline 0.041 -21"><span class='ocrx_word' id='word_1_365' title='bbox 1839 3007 1857 3037; x_wconf 57' lang='grc' dir='ltr'><strong>Γ·</strong></span> <span class='ocrx_word' id='word_1_366' title='bbox 1876 3005 1936 3050; x_wconf 46' lang='lat' dir='ltr'><strong>&#39;&#39;⁴st</strong></span> 
     </span>
    </p>
   </div>
   <div class='ocr_carea' id='block_1_14' title="bbox 1183 2987 1692 3037">
    <p class='ocr_par' dir='ltr' id='par_1_15' title="bbox 1183 2987 1692 3037">
     <span class='ocr_line' id='line_1_65' title="bbox 1183 2987 1692 3037; baseline 0.008 -14"><span class='ocrx_word' id='word_1_367' title='bbox 1183 2988 1348 3035; x_wconf 81' lang='lat' dir='ltr'><strong>ampul</strong></span> <span class='ocrx_word' id='word_1_368' title='bbox 1354 2989 1510 3023; x_wconf 76' lang='lat' dir='ltr'><strong>eretur</strong></span> <span class='ocrx_word' id='word_1_369' title='bbox 1530 2987 1692 3037; x_wconf 83' lang='lat' dir='ltr'><strong>capud.</strong></span> 
     </span>
    </p>
   </div>
   <div class='ocr_carea' id='block_1_15' title="bbox 1184 3067 2082 3189">
    <p class='ocr_par' dir='ltr' id='par_1_16' title="bbox 1184 3067 2082 3189">
     <span class='ocr_line' id='line_1_66' title="bbox 1238 3067 2082 3122; baseline 0.018 -14"><span class='ocrx_word' id='word_1_370' title='bbox 1238 3079 1502 3121; x_wconf 81' lang='lat' dir='ltr'><strong>manusque</strong></span> <span class='ocrx_word' id='word_1_371' title='bbox 1545 3067 1662 3110; x_wconf 80' lang='lat' dir='ltr'><strong>eius.</strong></span> <span class='ocrx_word' id='word_1_372' title='bbox 1754 3067 1938 3119; x_wconf 76' lang='lat' dir='ltr'><strong>Vocula&#39;</strong></span> <span class='ocrx_word' id='word_1_373' title='bbox 1981 3078 2082 3122; x_wconf 74' lang='lat' dir='ltr'><strong>eius</strong></span> 
     </span>
     <span class='ocr_line' id='line_1_67' title="bbox 1184 3122 1858 3189; baseline 0.01 -24"><span class='ocrx_word' id='word_1_374' title='bbox 1184 3139 1277 3166; x_wconf 88' lang='lat' dir='ltr'><strong>non</strong></span> <span class='ocrx_word' id='word_1_375' title='bbox 1305 3124 1529 3181; x_wconf 85' lang='lat' dir='ltr'><strong>reperitur</strong></span> <span class='ocrx_word' id='word_1_376' title='bbox 1548 3123 1595 3166; x_wconf 85' lang='lat' dir='ltr'><strong>in</strong></span> <span class='ocrx_word' id='word_1_377' title='bbox 1618 3122 1720 3173; x_wconf 81' lang='lat' dir='ltr'><strong>MS.</strong></span> <span class='ocrx_word' id='word_1_378' title='bbox 1743 3128 1858 3189; x_wconf 66' lang='lat' dir='ltr'><strong>Agr.</strong></span> 
     </span>
    </p>
   </div>
   <div class='ocr_carea' id='block_1_16' title="bbox 1172 3205 2078 3321">
    <p class='ocr_par' dir='ltr' id='par_1_17' title="bbox 1172 3205 2078 3321">
     <span class='ocr_line' id='line_1_68' title="bbox 1172 3205 2078 3321; baseline 0.018 -76"><span class='ocrx_word' id='word_1_379' title='bbox 1172 3266 1216 3321; x_wconf 73' lang='lat' dir='ltr'><em>f</em></span> <span class='ocrx_word' id='word_1_380' title='bbox 1239 3205 1516 3260; x_wconf 81' lang='lat' dir='ltr'><strong>interfecere</strong></span> <span class='ocrx_word' id='word_1_381' title='bbox 1540 3222 1608 3252; x_wconf 83' lang='lat' dir='ltr'><strong>se.</strong></span> <span class='ocrx_word' id='word_1_382' title='bbox 1669 3208 1754 3256; x_wconf 86' lang='lat' dir='ltr'><strong>Ed.</strong></span> <span class='ocrx_word' id='word_1_383' title='bbox 1772 3209 1894 3272; x_wconf 80' lang='lat' dir='ltr'><strong>Spir.</strong></span> <span class='ocrx_word' id='word_1_384' title='bbox 1921 3217 2078 3260; x_wconf 54' lang='lat' dir='ltr'><strong>intel*-</strong></span> 
     </span>
     <span class='ocr_line' id='line_1_69' title="bbox 1201 3278 1408 3306; baseline 0.005 -1"><span class='ocrx_word' id='word_1_385' title='bbox 1201 3279 1321 3306; x_wconf 72' lang='lat' dir='ltr'><strong>zcere</strong></span> <span class='ocrx_word' id='word_1_386' title='bbox 1342 3278 1408 3306; x_wconf 88' lang='lat' dir='ltr'><strong>se.</strong></span> 
     </span>
    </p>
   </div>
   <div class='ocr_carea' id='block_1_17' title="bbox 1185 3354 2076 3621">
    <p class='ocr_par' dir='ltr' id='par_1_18' title="bbox 1185 3354 2076 3621">
     <span class='ocr_line' id='line_1_70' title="bbox 1241 3354 2076 3405; baseline 0.02 -18"><span class='ocrx_word' id='word_1_387' title='bbox 1241 3361 1338 3388; x_wconf 83' lang='lat' dir='ltr'><strong>non</strong></span> <span class='ocrx_word' id='word_1_388' title='bbox 1360 3362 1494 3389; x_wconf 79' lang='lat' dir='ltr'><strong>noxa</strong></span> <span class='ocrx_word' id='word_1_389' title='bbox 1511 3363 1662 3405; x_wconf 80' lang='lat' dir='ltr'><strong>neque</strong></span> <span class='ocrx_word' id='word_1_390' title='bbox 1686 3354 1743 3394; x_wconf 84' lang='lat' dir='ltr'><strong>ob</strong></span> <span class='ocrx_word' id='word_1_391' title='bbox 1762 3362 1956 3400; x_wconf 78' lang='lat' dir='ltr'><strong>metum.</strong></span> <span class='ocrx_word' id='word_1_392' title='bbox 1997 3359 2076 3403; x_wconf 83' lang='lat' dir='ltr'><strong>Est</strong></span> 
     </span>
     <span class='ocr_line' id='line_1_71' title="bbox 1186 3403 2076 3469; baseline 0.015 -22"><span class='ocrx_word' id='word_1_393' title='bbox 1186 3403 1235 3447; x_wconf 74' lang='grc' dir='ltr'><strong>ἓν</strong></span> <span class='ocrx_word' id='word_1_394' title='bbox 1267 3403 1343 3447; x_wconf 73' lang='grc' dir='ltr'><strong>διὰ</strong></span> <span class='ocrx_word' id='word_1_395' title='bbox 1379 3405 1513 3449; x_wconf 71' lang='grc' dir='ltr'>δυοῖν</span> <span class='ocrx_word' id='word_1_396' title='bbox 1545 3406 1586 3450; x_wconf 89' lang='lat' dir='ltr'><strong>h.</strong></span> <span class='ocrx_word' id='word_1_397' title='bbox 1614 3423 1772 3453; x_wconf 82' lang='lat' dir='ltr'><strong>e.·n0n</strong></span> <span class='ocrx_word' id='word_1_398' title='bbox 1792 3406 1913 3469; x_wconf 62' lang='lat' dir='ltr'><strong>quod</strong></span> <span class='ocrx_word' id='word_1_399' title='bbox 1935 3428 2076 3461; x_wconf 76' lang='lat' dir='ltr'><strong>noxae</strong></span> 
     </span>
     <span class='ocr_line' id='line_1_72' title="bbox 1185 3461 2075 3521; baseline 0.016 -18"><span class='ocrx_word' id='word_1_400' title='bbox 1185 3461 1280 3507; x_wconf 87' lang='lat' dir='ltr'><strong>sive</strong></span> <span class='ocrx_word' id='word_1_401' title='bbox 1321 3463 1476 3521; x_wconf 82' lang='lat' dir='ltr'><strong>culpae</strong></span> <span class='ocrx_word' id='word_1_402' title='bbox 1515 3463 1730 3509; x_wconf 81' lang='lat' dir='ltr'><strong>admissae</strong></span> <span class='ocrx_word' id='word_1_403' title='bbox 1755 3465 1811 3511; x_wconf 55' lang='lat' dir='ltr'><strong>«in</strong></span> <span class='ocrx_word' id='word_1_404' title='bbox 1836 3463 2075 3518; x_wconf 68' lang='lat' dir='ltr'><strong>‘Vitellium</strong></span> 
     </span>
     <span class='ocr_line' id='line_1_73' title="bbox 1185 3519 2074 3586; baseline 0.013 -24"><span class='ocrx_word' id='word_1_405' title='bbox 1185 3519 1268 3586; x_wconf 71' lang='lat' dir='ltr'><strong>sibi</strong></span> <span class='ocrx_word' id='word_1_406' title='bbox 1292 3519 1463 3563; x_wconf 86' lang='lat' dir='ltr'><strong>conscii</strong></span> <span class='ocrx_word' id='word_1_407' title='bbox 1496 3521 1541 3565; x_wconf 88' lang='lat' dir='ltr'><strong>in</strong></span> <span class='ocrx_word' id='word_1_408' title='bbox 1573 3531 1694 3566; x_wconf 85' lang='lat' dir='ltr'><strong>metu</strong></span> <span class='ocrx_word' id='word_1_409' title='bbox 1724 3522 1900 3572; x_wconf 67' lang='lat' dir='ltr'><strong>futurae</strong></span> <span class='ocrx_word' id='word_1_410' title='bbox 1930 3528 2074 3574; x_wconf 85' lang='lat' dir='ltr'><strong>ultio—</strong></span> 
     </span>
     <span class='ocr_line' id='line_1_74' title="bbox 1186 3586 1437 3621; baseline 0.008 -2"><span class='ocrx_word' id='word_1_411' title='bbox 1186 3594 1254 3620; x_wconf 86' lang='lat' dir='ltr'><strong>ms</strong></span> <span class='ocrx_word' id='word_1_412' title='bbox 1279 3586 1437 3621; x_wconf 87' lang='lat' dir='ltr'><strong>essent.</strong></span> 
     </span>
    </p>
   </div>
  </div>
 </body>
</html>
