2138 4030
37 2267 44 2270 ·
106 2249 360 2293 mendaciis
405 2248 591 2302 magnis
635 2246 731 2289 sine
774 2261 997 2303 praeposx·

185 241 240 319 ff·
259 239 312 317 ε
330 238 414 316 ⁸33-

613 236 802 319 ΜΒ.
838 237 884 298 1.
954 235 1149 297 CAP.
1185 237 1285 298 34.
1319 242 1423 300 35.
1870 244 1950 304 55

105 375 178 435 T.
204 373 421 439 Vinio,
476 390 577 426 seu
613 368 752 444 quia
790 377 912 423 erat
949 386 1050 423 seu
1087 366 1228 442 quia
1266 367 1400 423 irati
1432 369 1513 440 ita
1541 373 1844 443 volebant,
1895 386 1952 430 et

100 458 330 516 facilius
355 458 428 512 de
455 455 594 511 odio
625 452 901 511 creditur.
988 449 1104 506 Vix
1128 453 1272 508 dum
1298 471 1524 524 egressu
1546 453 1761 514 Pisone
1798 459 1953 522 oeci..

18 609 27 615 χ
102 564 235 600 sum
267 543 332 598 in
369 541 570 598 castris
607 533 913 608 Othonem
953 555 1132 609 vagus
1167 537 1424 611 primum
1461 549 1517 594 et
1555 540 1809 599 incertus
1850 564 1957 605 ruf

102 649 256 685 mor:
309 647 476 693 m0X,
529 635 595 681 ut
620 624 683 702 in
706 622 935 695 magnis
960 622 1315 690 mendaciis,
1365 622 1700 680 interfuisse
1734 647 1792 683 se
1821 629 1955 704 qui.

103 716 237 770 dam
262 723 320 769 et
337 710 556 775 ,vidisse
582 708 971 765 adfirmabant
999 707 1236 763 credula
1264 708 1419 763 fama
1447 708 1602 765 inter
1636 714 1954 783 gaudentes

102 809 161 855 et
182 797 525 854 incuriosos,
600 793 775 850 multi
804 793 1247 848 arbitrabantur
1272 794 1663 868 compositum
1689 807 1957 853 auctum-

103 903 216 958 que
239 901 538 939 rumorem
562 879 761 935 mixtis
787 877 902 933 iam
926 872 1319 946 OthonianiS,
1364 878 1468 954 qui
1492 880 1567 934 ad
1592 882 1954 938 evocandum

106 967 362 1025 Galbam
385 967 536 1022 laeta
563 965 710 1020 falso
739 962 1130 1036 vulgaverint.

268 1058 520 1118 XXXV.
561 1058 722 1115 Tum
742 1077 882 1113 vero
912 1076 1035 1112 non
1064 1057 1320 1131 populus
1344 1068 1574 1116 tantum
1601 1071 1658 1117 et
1688 1061 1956 1136 imperita

103 1148 269 1223 plebs
295 1150 359 1201 in
383 1145 624 1220 plausus
649 1154 706 1200 et
730 1141 1044 1198 immodica
1067 1142 1288 1210 studia,
1340 1145 1443 1199 sed
1477 1146 1742 1221 equitum
1778 1148 1961 1221 pleri-

105 1253 219 1310 que
246 1236 310 1288 ac
341 1242 677 1287 senatorum
699 1227 890 1303 posito
915 1237 1077 1282 metu
1103 1226 1325 1283 incauti
1353 1231 1615 1287 refractis
1639 1231 1851 1306 palatii
1869 1234 1962 1288 fo-

106 1319 271 1374 ribus
308 1334 479 1372 ruere
515 1314 675 1370 intus
699 1333 764 1369 ac
791 1331 850 1368 se
878 1309 1105 1368 Galbae
1132 1323 1423 1370 ostentare
1447 1328 1817 1391 praereptam
1849 1318 1961 1374 sihi

106 1402 753 1485 ultionequuerentes:
796 1397 1211 1470 ignavissimus
1236 1399 1483 1474 quisque
1517 1412 1602 1470 et,
1643 1413 1711 1458 ut
1736 1405 1962 1463 resldo..

105 1487 255 1555 cuit,
309 1485 374 1540 in
401 1484 662 1560 periculo
687 1502 813 1539 non
839 1501 1090 1539 ausurus
1118 1482 1292 1537 nimii
1327 1484 1553 1554 vei-MS,
1608 1486 1843 1560 linguae
1876 1489 1962 1545 fe-

100 1572 279 1629 rocis:
309 1583 501 1634 *nemo
528 1570 760 1626 scireet
785 1588 988 1624 omnes
1011 1568 1350 1637 adfirmare,
1397 1571 1583 1627 donec
1607 1571 1808 1647 inopia
1837 1574 1961 1630 veri

1127 1791 1240 1835 CAP.
1259 1789 1330 1835 35.
1364 1748 1650 1835 immodica.N
1692 1793 1794 1837 MS.
1812 1791 1959 1837 Guels.

108 1795 162 1838 ad
201 1798 238 1846 1,
269 1793 337 1837 13.
419 1792 519 1836 MS.
554 1789 708 1835 Guelf.
754 1790 825 1835 hie
868 1790 999 1833 habet

106 1855 275 1909 hycleo.
1068 1848 1168 1913 edd.
1202 1848 1320 1906 Spir.
1358 1849 1462 1892 Put.
1495 1849 1598 1892 Ber.
1650 1851 1775 1906 (cum
1818 1850 1962 1894 silent.

163 1933 368 1980 enasci.
431 1933 485 1978 Τ.
509 1933 663 1976 Vinio.
723 1926 847 1974 Libri
882 1937 982 1973 vett.
1070 1904 1211 1970 V¹‘?²·)
1254 1906 1358 1950 Alc·
1398 1909 1446 1950 5¹¹
1486 1909 1689 1950 modica.
1759 1909 1959 1954 Alteram

105 2001 154 2036 ut
177 2009 326 2052 supra·
897 2016 899 2018 ¹
987 1962 1000 1980 '
1069 1971 1338 2043 ‘cmk'ufram
1359 1963 1524 2007 habent
1549 1965 1811 2034 edd.Rhen.
1834 1982 1931 2024 sqq.
1997 2003 1999 2005 ,

160 2078 241 2106 seu
260 2058 367 2119 quia
387 2068 505 2104 erat.
565 2058 647 2101 Ed.
675 2057 796 2116 Spir.
822 2071 903 2102 seu
925 2058 1005 2113 qui
1068 2028 1536 2122 ’,53γῖῑῖιίοέἔῖἑῆ
1557 2022 1660 2122 ἓξὲξ
1672 2022 1966 2125 δῐὲἶδεθέιὲἷ

108 2129 226 2164 eruc.

1071 2137 1157 2176 bae
1170 2152 1185 2186 ‚-
1215 2134 1377 2179 deinde
1398 2144 1642 2198 querentes
1664 2155 1748 2198 pro
1770 2154 1965 2194 queren-

1071 2199 1163 2240 tes,
1193 2191 1366 2250 vulgari
1393 2193 1512 2239 viti0.

163 2193 213 2235 in
237 2191 420 2244 magnis
443 2188 711 2231 naendaciis.
774 2186 857 2230 Ed.
882 2186 998 2245 Spir.

968 2244 977 2253 “
1126 2252 1450 2304 ignavissimus
1478 2254 1666 2308 quisque
1697 2262 1784 2298 etc.
1844 2253 1963 2297 Bek-

104 2307 169 2350 iio
206 2324 240 2351 e.
422 2346 423 2349 ,

164 2323 499 2434 Zdfirmabant.
586 2372 663 2416 Sic
717 2371 820 2415 MS.
872 2371 994 2414 Flor.

107 2443 217 2479 teste
242 2433 385 2486 Viet.;
413 2430 718 2488 affirmabant
747 2428 852 2472 edd.
874 2429 994 2486 Spir.

106 2491 317 2535 Beroald.
350 2490 452 2534 Alc.
484 2504 580 2546 sqq.
624 2516 683 2524 --
749 2486 999 2543 affirmant

105 2550 207 2593 MS.
231 2548 381 2592 Guelf.
409 2556 451 2591 et
473 2546 574 2590 edd.
594 2544 698 2588 Put.
722 2545 791 2587 M.
818 2551 862 2586 et
883 2542 940 2586 V.

167 2622 355 2664 credula
364 2619 528 2675 fama.
587 2614 758 2674 Accipe
779 2615 834 2658 de
858 2613 998 2657 homi-

109 2678 242 2722 nibus
284 2674 644 2736 dispergentibus
689 2687 789 2715 rem
833 2680 1000 2715 temere

109 2735 338 2780 creditam.
408 2733 498 2778 Alii
527 2730 786 2782 adfirmant,
829 2730 900 2772 alii
935 2737 998 2772 te—

110 2807 233 2836 mere
266 2792 455 2835 credunt
484 2797 525 2833 et
552 2788 826 2846 dispergunt.
880 2786 1003 2830 Haec

112 2858 176 2894 est
222 2849 400 2893 credula
439 2846 574 2890 fama.
642 2844 700 2888 ef.
736 2845 824 2888 An.
856 2846 898 2895 4,
936 2846 1003 2886 11.

109 2907 314 2950 atrocior
340 2918 525 2958 semper
542 2903 688 2960 fama
710 2917 825 2956 erga
850 2902 1002 2944 domi-

111 2966 325 3008 nantium
361 2964 525 3005 exitus.
586 2961 695 3016 Agr.
729 2975 769 3003 c.
799 2959 843 3003 9.
875 2961 1005 3001 haud

111 3036 294 3078 semper
322 3027 453 3063 errat
473 3019 644 3076 sumu,
675 3018 930 3073 aliquando
961 3023 1006 3058 et

117 3081 262 3134 elegit.
443 3093 445 3096 ’

173 3157 219 3194 et
241 3146 518 3192 incuriosos.
579 3147 682 3192 MS.
699 3145 836 3191 Corb.
868 3154 911 3189 ec
935 3162 1004 3189 cu-

115 3210 275 3254 riosos.
341 3205 452 3248 Mox
481 3205 553 3249 ed.
582 3205 699 3264 Spir.
737 3207 890 3248 multa
922 3220 1004 3263 pro

63 3308 65 3310 .
116 3267 267 3310 multi.

177 3333 479 3388 vulgaverint.
564 3331 641 3374 Sic.
682 3312 820 3376 cedd.
868 3331 1003 3374 MSS.

117 3390 268 3436 Guelf.
292 3389 406 3435 Bud.
425 3389 588 3446 aliique
602 3422 614 3440 ,
645 3387 877 3447 edd.Spir.
899 3389 1003 3431 Put.

26 3468 36 3476 ·
99 3448 190 3495 ..NL
211 3456 253 3491 et
270 3447 329 3490 V.
352 3446 497 3490 Rhea.
529 3461 646 3503 sqq..
667 3471 723 3480 —
782 3449 1003 3501 vulgave-

116 3513 229 3609 rAalnt
261 3504 367 3552 edd.
399 3504 504 3547 Ber.
537 3505 659 3557 (cum
689 3502 836 3550 silent.
871 3502 1007 3561 Viet.)

102 3576 120 3608 ,⁸
159 3579 221 3608 «ο.
757 3600 759 3603 .

1071 2307 1204 2351 kerus
1250 2323 1353 2350 cum
1398 2307 1582 2353 Heinsio
1625 2319 1667 2354 et
1714 2315 1961 2355 secundum

1069 2365 1203 2408 MSS.
1218 2364 1371 2409 Guelf.
1383 2365 1508 2410 Harl.
1525 2367 1607 2410 les.
1634 2369 1832 2426 ed.Spi1·.
1855 2369 1965 2413 haee

1070 2422 1306 2479 coniungit
1339 2439 1444 2467 eum
1477 2434 1744 2481 querentes,
1791 2426 1964 2483 virgula

1874 2482 1963 2527 Sed

1760 2555 1963 2584 (IUSUI'US

1068 2481 1212 2538 posita
1269 2489 1371 2524 ante
1426 2483 1774 2536 ignavissimus.

1069 2537 1235 2582 verba:
1277 2537 1616 2590 ignavissimus
1638 2572 1649 2582 .
1669 2571 1683 2585 .
1697 2573 1730 2586 .-

1070 2610 1240 2638 novum
1260 2594 1461 2638 efficiunt
1482 2595 1758 2650 sulriectum3
1779 2613 1963 2656 sequen·
1990 2625 1995 2630 ·

1069 2653 1154 2695 tia:
1194 2652 1332 2694 nimii
1355 2654 1506 2695 verbis
1531 2662 1616 2697 etc.
1646 2663 1752 2698 sunt
1773 2655 1818 2698 in
1843 2671 1963 2713 prae-

1071 2709 1252 2774 dicatis,
1305 2709 1534 2754 intellecto
1581 2713 1722 2758 verbo
1762 2713 1961 2757 substau-

1073 2775 1180 2810 two.

1132 2823 1272 2865 nimii
1293 2824 1460 2869 verbis.
1519 2824 1597 2868 Sic
1615 2826 1717 2870 edd.
1736 2826 1840 2871 Put.
1858 2827 1962 2871 Ber.

1076 2890 1138 2936 (c.
1159 2881 1306 2924 silent.
1333 2880 1469 2935 Vict.)
1495 2882 1593 2926 Alc.
1618 2883 1759 2928 Rhea.
1780 2901 1877 2941 sqq.
1903 2913 1965 2922 --

1073 2940 1231 2981 nimiis
1263 2939 1412 2981 verbis
1442 2939 1578 2983 MSS.
1595 2940 1703 2999 Reg.
1729 2941 1883 2986 Guelf.
1919 2946 1965 2999 (a

1074 3012 1163 3040 sec.
1189 2995 1346 3046 manu)
1373 2995 1444 3041 ed.
1468 2996 1587 3054 Spir.
2031 3035 2039 3045 ,

1132 3055 1316 3107 linguae
1330 3051 1525 3109 ferocis.
1583 3055 1660 3098 Sic
1681 3055 1818 3101 MSS.
1841 3057 1964 3102 Harl.

1075 3110 1208 3155 Bodl.
1235 3112 1318 3153 les.
1345 3109 1454 3170 Reg.
1483 3112 1585 3155 edd.
1609 3112 1712 3158 Put.
1736 3114 1806 3158 M.
1829 3123 1871 3158 et
1895 3116 1951 3158 V.

1076 3167 1286 3210 Beroald.
1332 3168 1456 3223 (cum
1498 3169 1646 3213 silent.
1697 3170 1825 3228 Viet.)
1865 3172 1964 3216 Ale.

1075 3223 1218 3290 Rh'en.
1243 3223 1351 3269 Ald.
1381 3251 1440 3260 —
1483 3226 1662 3282 ferocis
1683 3229 1871 3284 linguae
1896 3230 1968 3274 ed.

1077 3282 1195 3338 Splr.
1255 3305 1311 3316 —
1398 3285 1565 3339 linguis
1617 3285 1805 3342 feroces
1862 3287 1967 3330 MS.

1077 3338 1230 3382 Guelf.
1279 3367 1338 3376 --
1407 3341 1602 3396 linguae
1629 3341 1817 3399 feroces
1863 3344 1963 3387 edd.

1075 3395 1195 3495 LiXs.
1218 3412 1316 3456 sqq.
1348 3398 1403 3442 ad
1422 3397 1546 3442 hunc
1571 3399 1703 3443 diem.
1763 3400 1850 3444 Sed
1875 3417 1967 3444 nou

1076 3469 1119 3495 vi
1153 3469 1204 3496 eo
1248 3455 1356 3512 quid
1392 3455 1607 3512 impediat
1638 3467 1827 3501 veterem
1860 3459 1965 3502 scri-

1111 3518 1272 3555 turam.
1305 3535 1364 3549 -
1423 3514 1533 3558 Mox
1557 3529 1638 3570 pro
1659 3523 1843 3569 sumpto
1866 3517 1963 3559 edd.

1119 3575 1185 3613 ut.
1209 3570 1276 3615 Μ.
1298 3577 1341 3614 et
1363 3569 1417 3613 V.
1440 3570 1593 3614 ferunt
1617 3585 1823 3626 supreco.
