2138 4030
224 198 352 288 5'06
801 224 1513 346 nlsrofflARuM
1589 314 1595 322 ⁸
1777 272 1895 313 Μ,

214 362 432 431 duceS,
475 359 729 418 totidem
747 359 1050 417 exercitu&
1107 367 1364 416 extrema
1388 360 1445 418 et
1470 361 1751 420 latissima
1781 359 2087 424 moenium

225 444 422 515 Simo,
490 465 668 523 quem
711 457 770 506 et
806 443 1154 516 Bargioram
1195 445 1514 516 vocabant,
1581 449 1837 506 medi-am
1873 453 2084 510 urbem

225 529 510 600 IoanneS,
542 531 854 607 templum
893 525 1212 586 Eleazarus
1262 529 1614 592 firmaverat.
1699 535 2083 614 multitudine

223 627 282 673 et
311 616 491 673 armis
522 613 774 672 Ioannes
800 635 866 671 ac
896 613 1061 670 Simo
1079 660 1095 684 ‚
1134 610 1450 672 Eleazarus
1479 616 1609 674 loco
1639 619 1923 692 pollebat.
1980 621 2083 679 sed

222 700 480 777 proelia,
536 702 741 771 doluS‚
796 699 1071 755 incendia
1101 699 1257 755 inter
1280 699 1466 774 ipSOS‚
1516 713 1571 759 et
1598 719 1810 777 magna
1838 706 1929 763 vis
1951 707 2084 764 fru-

221 786 409 843 menti
433 787 723 845 ambusta.
803 781 952 840 Mox
980 782 1265 851 IoanneS,
1321 785 1516 841 missis
1555 807 1661 862 per
1697 791 1950 864 speciem
1986 812 2082 848 sa-

222 871 527 928 crificandi
559 871 664 947 qui
690 866 1039 926 Eleazarum
1079 880 1460 946 'manumque'
1481 871 1605 928 eius
1644 874 2084 946 obtruncarent,

221 957 444 1032 templo
481 957 725 1031 potitur.
807 954 890 1010 ita
934 955 999 1009 in
1039 955 1186 1010 duas
1229 955 1516 1012 factiones
1555 957 1759 1016 civitas
1800 962 2084 1031 discessit,

223 1043 410 1099 donec
438 1039 976 1117 propinquantibus
1000 1037 1291 1124 Romanis
1332 1041 1556 1098 bellum
1595 1054 1902 1103 externum
1937 1068 2081 1105 con-

224 1127 489 1184 cordiam
521 1137 773 1201 pareret.
939 1127 941 1131 ’
1745 1132 1751 1137 ’

340 1239 342 1241 >
392 1209 561 1267 XIII.
604 1209 944 1267 Evenerant
982 1209 1288 1283 prodigia,
1341 1212 1490 1287 quae
1518 1208 1712 1290 neque
1737 1210 1947 1273 hostiis
1975 1236 2083 1273 ne-

168 1316 169 1319 *
220 1316 336 1374 que
360 1296 514 1373 yotis
537 1296 700 1372 piare
721 1297 808 1352 fas
832 1291 1012 1352 habet
1038 1314 1176 1368 gens
1206 1297 1610 1371 superstitioni
1641 1300 1928 1372 obnoxia,
1984 1322 2081 1358 re-

218 1377 543 1455 ligionibus
584 1383 846 1438 adversa.
932 1381 1092 1436 visae
1129 1401 1235 1455 per
1270 1382 1502 1438 coelum
1529 1404 1878 1442 concurrere
1906 1387 2079 1457 acies,

218 1467 530 1525 rutilantia
573 1488 736 1524 arma
777 1477 835 1522 et
875 1466 1071 1522 subito
1116 1467 1369 1523 nubium
1407 1468 1543 1540 igne
1576 1471 1886 1528 conlucere
1932 1483 2083 1530 tem-

218 1553 410 1629 plum.
498 1572 770 1629 expassae
812 1562 1052 1626 repente
1094 1552 1328 1608 delubri
1366 1552 1522 1608 fores
1559 1565 1616 1610 et
1652 1556 1852 1613 audita
1890 1558 2083 1614 maior

218 1634 483 1696 humana
524 1659 670 1708 vox,
725 1638 999 1694 excedere
1028 1638 1198 1692 deos:
1257 1637 1435 1693 simul
1463 1638 1670 1711 ingens
1690 1652 1889 1698 motus
1914 1662 2082 1699 exce-

219 1710 506 1784 dentium.
605 1721 776 1797 Quae
817 1722 991 1800 pauci
1030 1722 1093 1777 in
1133 1733 1358 1779 metum
1398 1719 1739 1783 trahebant:
1809 1727 2082 1803 pluribus

1942 277 2003 319 ⁷1.

275 1946 432 1996 Simo,
471 1958 610 2001 quem
644 1950 689 1986 et
711 1943 1000 1998 Bargioram
1037 1951 1122 1986 etc.

221 2005 308 2049 Ed.
341 2002 460 2060 Spir.
495 2003 659 2045 Simo.-
712 2004 921 2043 mediam
956 2003 1121 2043 urbem

218 2063 426 2106 Ioannes
454 2067 654 2116 quemet
676 2061 1007 2114 barbagz‘oram
1034 2074 1119 2099 υο-

1183 1957 1354 1986 zarus.
1425 1942 1593 1987 Eadem
1630 1961 1733 1988 mox
1765 1955 1868 1990 aute
1902 1962 2086 2002 magna

1193 2000 1377 2058 negligit
1399 2008 1444 2042 et
1466 2003 1698 2060 pergitque
1713 2019 1890 2059 magna
1907 2008 1972 2048 vis
1982 2006 2083 2060 fre-

1193 2062 1368 2100 mentia
1391 2061 1540 2103 busca.
1600 2061 1776 2103 Deinde
1810 2065 1979 2106 missus
2002 2079 2086 2122 pro

218 2121 403 2165 cubant.
450 2119 627 2170 teplum
650 2123 703 2157 at
721 2114 936 2159 Lazarus
953 2117 1120 2170 firma-

218 2183 378 2220 verat.
407 2225 411 2232 ι
438 2174 555 2217 Edd.
572 2172 673 2215 Pm.
701 2189 801 2230 sqq.
824 2176 995 2228 Syma.-
1025 2188 1115 2214 me-

219 2236 357 2278 diam
406 2235 568 2275 urbem
608 2230 854 2273 Iohannes
901 2247 1036 2287 quem
1075 2237 1121 2272 et

217 2290 570 2344 Barbogiorom
590 2290 815 2331 vocabant
829 2306 844 2334 .·
872 2288 1120 2342 Templum

217 2351 481 2393 Eleazarus
491 2346 800 2403 firmaverat.
861 2346 924 2388 Ita
951 2353 993 2388 et
1016 2344 1119 2387 MS.

221 2405 376 2454 Guelf.
401 2414 442 2448 et
464 2406 536 2448 ed.
563 2402 780 2445 Beroald.
815 2413 919 2446 cum
941 2401 1119 2446 silentio

219 2463 442 2514 Victorii,
471 2461 554 2505 nisi
577 2460 698 2519 quod
722 2458 949 2503 Victorius
971 2477 994 2502 e
1016 2459 1123 2502 cod.

219 2523 347 2567 Flor.
387 2519 533 2564 adfert
580 2520 868 2581 Algazarus‘.
947 2517 1122 2575 Lipsius

220 2578 470 2625 secundum
497 2591 756 2620 sermonem
787 2575 1036 2618 Hebraeum
1079 2583 1122 2616 et

222 2635 468 2680 Vertranio
501 2634 716 2677 suadente
743 2649 824 2689 pro
849 2634 1124 2686 Barbngio-

220 2711 330 2740 ram
351 2694 499 2751 posuit
523 2691 805 2741 Bargioram
829 2689 873 2732 h.
888 2707 927 2733 e.
956 2689 1122 2732 Giorae

223 2754 384 2797 filium.
418 2749 478 2792 cf.
501 2747 676 2805 loseph.
701 2747 753 2789 Β.
785 2749 818 2791 Ι.
841 2749 885 2796 2,
907 2748 979 2790 23.
1012 2749 1053 2795 4,
1077 2746 1121 2788 7.

151 2794 156 2809 ᾗ
223 2810 312 2854 Sed
342 2807 666 2852 ibidemSimo
693 2803 860 2848 Giorae
889 2806 1008 2848 filius
1041 2819 1121 2845 vo-

225 2876 377 2913 catur:
409 2881 546 2922 quare
559 2863 803 2906 Salinerius
827 2864 961 2907 verba
985 2872 1124 2905 trans-

223 2923 434 2984 ponenda
465 2930 596 2979 atque
627 2921 839 2978 legenda,
889 2921 953 2962 uti
988 2919 1123 2962 hodie

226 2983 435 3031 eduntur,
447 2978 634 3023 censuit.
659 2977 1123 3036 Oberlinus,Ryckio‚

225 3037 464 3086 Broterio,
506 3035 794 3080 Lallemando
821 3035 1124 3086 suadentibus,

227 3095 434 3141 Salinerii
484 3093 846 3136 emendationem
894 3101 1122 3135 exsecutus

229 3163 309 3200 est.
402 3151 635 3211 Bipontini
700 3151 828 3193 uncis
884 3149 1126 3192 includunt

228 3212 386 3256 verba:
443 3223 580 3265 quem
615 3215 661 3249 et
693 3207 751 3250 B.
782 3214 974 3258 vocant,
1023 3215 1127 3249 tan·-

228 3284 364 3329 quam
393 3283 417 3310 a
447 3267 692 3325 glossatore
725 3264 887 3308 addita.
949 3262 1126 3307 Verum

230 3324 382 3387 potuit
405 3324 589 3368 Tacitus
622 3322 736 3364 haud
761 3322 894 3364 dubie
920 3322 1130 3372 scribere,

263 3399 344 3427 uae
386 3383 494 3426 olim
537 3379 860 3438 vulgabantur,
918 3380 1129 3437 deceptus

230 3401 354 3487 lialsis
378 3438 561 3484 nuntiis.

290 3498 497 3541 Ioannes
540 3510 595 3538 ac
635 3494 793 3546 Simo,
852 3496 1129 3537 Eleazarus,

235 3557 318 3600 Ed.
339 3555 457 3614 Spir.
482 3553 689 3639 Iogmnes
713 3561 756 3595 et
779 3554 944 3600 Simon
965 3561 1008 3595 et
1031 3552 1132 3595 La-

1193 2117 1355 2158 missis
1403 2125 1444 2158 et
1493 2134 1597 2160 cum
1645 2118 1746 2161 MS.
1789 2119 1914 2163 Flor.
1971 2125 2085 2176 (test.

1194 2172 1331 2226 Vim.)
1357 2176 1622 2216 Alazarum
1647 2191 1731 2230 pro
1752 2176 2055 2220 Eleazarum.

1251 2231 1595 2275 obtruncarent.
1639 2233 1721 2274 Ed.
1745 2233 1864 2289 Spir.
1889 2238 2085 2277 obtrun-

1192 2295 1346 2337 caret,
1378 2287 1479 2343 qnia
1503 2289 1562 2331 ibi
1589 2291 1821 2345 praecessit
1843 2293 2030 2335 mis-sus.

1245 2346 1686 2399 propinquantibus.
1741 2358 1745 2362 ’
1777 2347 1878 2392 MS.
1915 2347 2088 2394 ’θυι-Δί’.

1188 2403 1635 2457 propinquitatibus.

1251 2462 1424 2502 bellum
1473 2470 1743 2507 externum.
1826 2461 1928 2506 MS.
1975 2463 2086 2521 Reg.

1193 2519 1366 2559 bellum
1391 2526 1688 2571 extremum,
1723 2520 1896 2578 vulgari
1921 2521 2090 2565 consu-

1193 2575 1335 2618 sione.
1369 2574 1427 2616 cf.
1452 2583 1548 2618 not.
1574 2576 1627 2618 ad
1654 2576 1768 2622 Hist.
1788 2580 1827 2628 4,
1853 2578 1926 2621 32.

1246 2639 1453 2685 pareret.
1535 2633 1612 2675 Sic
1658 2635 1759 2677 edd.
1802 2633 1947 2679 Rheu.
1982 2637 2086 2683 Ald.

1193 2706 1295 2747 sqq.
1329 2713 1384 2720 -·—
1437 2698 1637 2744 pararet
1650 2691 1948 2736 MssGuetf.
1966 2694 2088 2739 Harl.

1194 2747 1325 2790 Bodl.
1354 2746 1436 2788 les.
1469 2747 1567 2790 edd.
1593 2748 1709 2805 Spir.
1738 2748 1844 2796 Put.
1870 2751 1936 2795 M.
1966 2760 2008 2795 et
2032 2754 2089 2798 V.

1193 2803 1405 2848 Beroald.
1446 2808 1574 2859 (cum
1612 2806 1761 2851 silent.
1795 2798 1933 2866 Vict.)
1973 2809 2092 2862 Ale„

1195 2877 1310 2961 quge
1333 2861 1519 2962 varii-{tas
1541 2863 1714 2962 sategi-us·
1732 2865 1870 2967 redigi
1915 2925 1932 2967 ι
2047 2925 2071 2968 h

1294 2931 1367 2962 ΑΡ.
1453 2950 1464 2962 .
1521 2935 1611 2973 pro
1648 2937 1755 2975 egla.
1869 2955 1880 2967 .
1937 2941 2040 2984 osep
2077 2957 2088 2969 .

1195 2977 1466 3101 B.hl(;S({:·1{-2-
1502 3034 1588 3079 Ed.
1623 3034 1744 3094 Spir.
1789 3038 1961 3089 hostis,
2011 3056 2090 3099 per

1196 3101 1574 3135 contractionem.

1253 3151 1522 3193 rutilantia.
1604 3150 1723 3196 MS.‘
1750 3149 1903 3198 Guelf.
1942 3156 2086 3198 ructi-

1197 3208 1368 3249 lancia.

1257 3279 1510 3318 expassae.
1569 3265 1648 3309 Sic
1673 3265 1775 3310 MS.
1803 3266 1955 3312 Guelf.
1988 3270 2089 3314 edd.

1198 3321 1417 3380 Put.sqq.
1449 3348 1503 3365 -—
1561 3338 1800 3378 expansae
1815 3325 2009 3370 MS.les.
2034 3351 2091 3359 --

1201 3387 1354 3444 exj-ng
1388 3381 1490 3424 MS.
1522 3381 1645 3424 Flor.
1683 3382 1796 3436 (test.
1829 3381 1948 3426 Vict.
1985 3400 2090 3429 cum

1201 3436 1436 3494 Pichena).
1479 3461 1534 3472 --
1604 3447 1796 3494 apertae
1823 3439 1956 3484 MSS.
1980 3441 2090 3501 Reg.

1206 3496 1314 3551 Agr.
1343 3504 1385 3537 et
1414 3496 1484 3539 ed.
1510 3495 1630 3554 Spir-

1260 3554 1311 3594 in
1338 3563 1530 3597 metum.
1594 3553 1668 3599 Sic
1689 3552 1789 3597 MS.
1812 3552 1964 3600 Guels.
1989 3557 2089 3602 edd.

1778 228 1831 265 Α.
1850 229 2002 270 usu.
2048 263 2054 269 .
2097 225 2109 236 '

2126 3694 2138 3703 κ

2095 3710 2120 3722 A
