2138 4030
1726 218 1776 253 A.
1799 216 1854 253 U.
1874 219 1958 254 823.

1725 263 1778 298 A.
1807 259 1846 296 C
1898 264 1959 299 70.

183 223 309 281 390
752 207 1467 290 HlsrosslAnUM
1528 183 1529 186 ‘

180 351 596 427 perpulerant,
630 352 933 409 fortunam
962 348 1178 426 proelii
1205 350 1584 426 experiretur.
1673 350 1819 413 Tria
1858 355 2046 412 millia

181 434 644 510 legionariorum
667 446 723 493 et
747 434 1167 494 tumultuariae
1178 431 1498 509 Belgarum
1525 431 1825 510 cohortes,
1870 440 2056 498 simul

181 541 551 597 paganorum
594 520 963 598 lixarumque
997 520 1208 594 ignava
1245 521 1346 577 sed
1382 541 1598 596 procax
1641 526 1778 580 ante
1813 525 2078 602 pericu-L,

181 608 310 664 lum
349 626 560 663 manus
602 607 881 664 omnibus
916 599 1104 680 portis
1137 617 1486 680 erumpunt,
1543 607 1610 664 ut
1639 605 1894 666 Batavos
1932 631 2049 668 nu-

182 713 348 749 mero
395 692 648 768 impares
694 691 1190 766 circumfundant.
1304 688 1403 747 Illi
1439 702 1663 749 veteres
1702 694 2046 752 militiae'in

185 783 402 835 cuneos
429 787 885 852 congregantur,
929 775 1098 832 densi
1118 775 1383 853 undique
1409 787 1465 834 et
1488 776 1742 835 frontem
1771 791 2055 859 tergaque⁴

185 884 253 920 ac
289 863 442 920 latus
475 863 607 922 tuti.
694 862 776 918 sic
811 871 1050 918 tenuem
1075 871 1415 917 nostrorum
1441 861 1623 918 aciem
1655 866 2049 941 perfringunt.

183 947 546 1006 Cedentibus
581 945 780 1021 Belgis
823 946 1067 1021 pellitur
1111 945 1293 1020 legi0,
1357 957 1413 1003 et
1462 940 1684 1005 vallum
1733 963 2049 1030 portasque

185 1034 402 1110 trepidi
435 1033 730 1110 petebant.
817 1029 912 1089 Ibi
949 1032 1276 1109 plurimum
1309 1031 1516 1088 cladis:
1562 1029 1891 1094 cumulatae
1918 1059 2050 1095 cor-

184 1119 432 1195 poribus
481 1118 702 1188 fossae,
765 1137 875 1174 nec
914 1117 1088 1174 caede
1130 1127 1363 1174 tantum
1401 1128 1458 1174 et
1505 1117 1882 1192 vulneribuS‚
1947 1125 2051 1201 sed

184 1205 358 1262 ruina
402 1215 459 1260 et
497 1202 619 1260 suis
660 1202 928 1279 plerique
974 1203 1106 1260 telis
1143 1202 1402 1261 interire.
1506 1200 1776 1262 Victores
1819 1208 2052 1266 colonia

184 1282 715 1364 Agrippinensium
743 1289 923 1347 vitata
947 1285 1104 1345 nihil
1131 1299 1321 1345 cetero
1348 1288 1412 1343 in
1441 1286 1653 1346 itinere
1677 1285 1893 1349 hostile
1922 1295 2051 1351 ausi

184 1374 502 1431 Bonnense
539 1367 849 1450 'proelium
898 1374 1280 1442 excusabant,
1333 1384 1615 1450 tanquam
1659 1377 1840 1451 petita
1889 1399 2052 1455 pace,

185 1471 495 1537 postquam
519 1460 871 1534 negabatur,
914 1459 1266 1534 sibimetipsi
1294 1459 1743 1521 consuluissent.

242 1713 627 1767 legionariorum.
688 1711 770 1756 Ed.
795 1711 914 1771 Spir.
940 1712 1087 1768 legio-

187 1783 323 1817 num.

244 1848 421 1900 ignaua
452 1847 535 1888 sed
562 1858 761 1898 procax.
834 1842 912 1887 Sic
945 1842 1084 1886 MSS.

186 1905 314 1952 Flor.
338 1903 455 1958 (test.
485 1901 626 1959 Vict.)
656 1900 780 1945 Harl.
817 1902 859 1957 (a
889 1900 1088 1946 secunda

187 1964 343 2017 manu)
379 1960 482 2004 edd.
518 1959 718 2003 Rhenan.
757 1958 861 2002 ΑΜ.
897 1976 996 2018 sqq.
1034 1982 1086 1993 —

187 2019 380 2075 ignavia
415 2017 553 2065 ceteri
582 2017 717 2064 codd.
739 2016 876 2063 MSS.
910 2025 952 2060 et
982 2015 1084 2060 edd.

189 2086 291 2125 ante
328 2076 526 2119 Rhenan.
569 2083 611 2118 et
655 2075 775 2117 inter
814 2075 1087 2122 recentiores

189 2135 296 2178 edd.
322 2133 565 2177 Gronovv.
592 2133 757 2188 (1672.)
792 2139 833 2174 et
858 2131 1082 2176 lac.Gro-

188 2191 330 2239 novii.
410 2189 468 2233 Et
503 2190 576 2234 ed.
607 2189 727 2248 Spir.
766 2189 949 2252 quidem
995 2206 1084 2233 nu-

188 2259 340 2309 gaturz
387 2248 598 2302 ignavia.
653 2247 748 2290 Sed
776 2254 1086 2299 procassante

183 2309 385 2363 periculo
429 2319 603 2350 manus
641 2306 793 2351 omnis
819 2307 969 2358 portis
999 2314 1086 2348 ete.

187 2366 280 2410 Pro
315 2377 488 2408 manus
518 2362 621 2409 MS.
650 2362 767 2405 Bud.
807 2361 895 2409 sert
927 2363 1088 2411 mani-

187 2426 282 2467 bus.
315 2445 374 2462 -.--
435 2421 558 2469 Idem
599 2418 711 2463 liber
741 2428 971 2473 rumpunt
1003 2435 1086 2477 pro

190 2487 461 2533 erummmt,
500 2485 545 2530 et
570 2479 860 2528 circumdant
887 2493 970 2536 pro
994 2478 1088 2520 cir-

190 2539 518 2594 cumfundant.
578 2535 821 2578 Rhenanus
847 2535 905 2578 ita
927 2536 1090 2594 probat

188 2598 503 2646 circumdant,
545 2600 595 2636 ut
621 2591 763 2648 legas:
804 2598 849 2636 et
873 2593 1089 2637 Batavos

188 2667 386 2698 numero
411 2653 621 2704 impares
642 2651 952 2699 circumdant.
997 2649 1086 2694 Sed

189 2711 336 2755 media
369 2709 568 2768 syllaba,
602 2717 652 2751 ut
683 2723 839 2766 saepe,
884 2706 1087 2763 neglecta

188 2769 246 2811 ibi
273 2775 350 2819 est,
385 2792 437 2809 ῳ
496 2765 609 2813 Mox
632 2765 703 2810 ed.
730 2765 848 2824 Spir.
877 2767 969 2809 illic
1004 2780 1087 2825 pro

187 2828 270 2878 illi,

248 2905 423 2946 veteres
447 2897 654 2940 militiae.
717 2895 794 2940 Sic
815 2894 951 2944 MSS.
966 2894 1088 2938 Flor.

189 2957 314 3010 (test.
354 2953 474 3007 Viet,
521 2969 626 2998 eum
668 2952 892 3010 Pichena)
943 2950 1088 2995 Vatic.

193 3011 317 3061 1864,
339 3011 451 3067 Beg.
489 3011 591 3057 edd.
617 3011 735 3070 Spir.
757 3010 941 3059 Pichen.
965 3008 1087 3067 Lips.

190 3070 355 3126 (1607.)
379 3068 562 3115 Gruter.
583 3084 684 3126 sqq.
709 3092 766 3101 —
805 3069 974 3110 veteris
996 3067 1086 3110 mi-

189 3131 318 3172 liciae
349 3140 585 3173 memores
613 3126 759 3170 MSS..
783 3123 933 3169 Guelf.
962 3123 1085 3167 Harl.

188 3180 333 3229 Botll.
350 3185 432 3231 les.
459 3183 561 3225 edd.
592 3183 694 3232 Pnt.
718 3198 815 3241 sqq.
843 3182 898 3225 ad
923 3181 1090 3225 Piche-

189 3258 306 3290 nam.
328 3264 388 3276 -
434 3240 537 3286 MS.
553 3240 668 3283 Bud.
696 3241 869 3283 veteris
892 3239 1089 3287 militiae

189 3304 234 3345 in
257 3299 413 3348 civiles
437 3305 790 3351 congregantur
813 3305 900 3341 etc.

1016 3380 1092 3424 Sic

186 3442 321 3488 MSS.
345 3438 466 3489 Flor.
506 3442 627 3494 (test.
659 3437 777 3482 Viet.
810 3454 915 3482 eum
942 3437 1093 3491 Pich.)

168 3497 334 3542 ‘Vatia
377 3495 645 3550 1864.‚Reg.
684 3494 797 3552 Agr.
830 3494 932 3538 edd.
966 3494 1088 3554 Spir-

186 3556 312 3607 Pieh.
350 3555 468 3613 Lips.
499 3549 663 3613 (1607.)
699 3551 886 3596 Gruter.
907 3569 1006 3618 sqq.
1035 3580 1092 3593 ..-

247 3385 297 3430 in
352 3376 522 3435 cudens
565 3389 927 3435 congregantur.

1157 1712 1204 1754 in
1220 1704 1377 1754 cuneis
1392 1719 1739 1767 congregantur
1753 1712 1888 1758 MSS.
1899 1713 2054 1761 Guelf.

1157 1768 1281 1812 Harl.
1317 1768 1448 1812 Bodl.
1481 1770 1563 1816 les.
1596 1770 1699 1814 edd.
1725 1770 1830 1816 Put.
1863 1788 1961 1832 sqq.
1998 1775 2052 1817 ad

1157 1825 1421 1871 Piehenan..

1217 1901 1282 1943 sic
1337 1907 1524 1943 tenuem
1567 1909 1838 1946 nostrorum
1887 1906 2052 1948 aciem.

1159 1957 1237 2003 Sic
1271 1958 1405 2002 MSS.
1440 1958 1592 2002 Guelf.
1635 1959 1763 2005 Harl.
1800 1961 1934 2006 Bodl.
1970 1963 2052 2006 les.

1158 2017 1269 2074 Agr.
1306 2016 1409 2060 edd.
1436 2017 1551 2074 Spir.
1573 2017 1675 2062 Pul.
1701 2019 1770 2062 M.
1793 2027 1836 2062 et
1858 2018 1916 2064 V.
1951 2021 2055 2071 Ber,

1159 2073 1291 2128 (cum
1329 2074 1396 2116 sil.
1423 2073 1571 2131 Vict.)
1617 2075 1720 2120 Alc.
1757 2076 1902 2136 Ryek.
1934 2078 2054 2121 Bro-

1158 2139 1238 2175 ter.
1271 2157 1325 2165 —
1382 2133 1446 2174 sic
1482 2141 1667 2175 tenuem
1698 2136 1846 2177 aciem
1874 2146 2055 2179 nostro-

1157 2202 1265 2230 rum
1306 2190 1406 2235 edd.
1441 2190 1586 2232 Rhen.
1626 2192 1794 2248 (tacite)
1825 2194 1930 2238 Ald.
1955 2210 2053 2253 sqq.

1161 2244 1374 2289 Oberlin.
1399 2262 1498 2305 sqq.

1214 2318 1476 2359 cedentibus
1493 2318 1673 2374 Belgis.
1731 2319 1818 2365 Ed.
1832 2321 1951 2381 Spir.
1974 2338 2054 2365 ca-

1159 2375 1377 2416 dentibus
1409 2375 1555 2418 bellis.
1627 2375 1744 2422 Edd.
1777 2377 1881 2424 Put.
1911 2379 1979 2424 M.
2012 2389 2056 2424 et

1159 2429 1218 2474 V.
1243 2434 1542 2476 caedentibus
1566 2434 1747 2489 Belgis.

1213 2503 1454 2557 petebant.
1516 2504 1619 2550 MS.
1645 2506 1759 2552 Bud.
1781 2511 2026 2563 patebant.

1217 2580 1504 2623 cumulatae.
1574 2581 1677 2625 MS.
1701 2579 1851 2626 Guelf.
1872 2585 2053 2636 culmo-

1160 2642 1252 2677 tae.
1283 2661 1339 2667 —
1399 2637 1506 2680 Mox
1529 2637 1728 2695 ed.Spir.
1755 2649 1947 2698 nugatur
1966 2641 2053 2684 sic:

1157 2708 1241 2735 nec
1274 2695 1373 2736 cedi
1400 2702 1588 2738 tamen.-
1636 2697 1684 2738 si
1713 2700 1977 2742 vulneribus
2009 2707 2056 2742 et

1160 2765 1305 2792 rutha
1329 2762 1415 2796 etc.

1217 2836 1319 2878 suis
1347 2838 1561 2894 plerique
1590 2840 1712 2883 telis.
1779 2839 1889 2885 MS:
1912 2840 2053 2886 Corb.

1162 2901 1204 2936 et
1236 2893 1303 2937 ed.
1338 2894 1458 2951 Spir.
1494 2898 1591 2939 suis
1622 2900 1898 2955 plerumque
1932 2900 2053 2943 telis.

1161 2950 1266 2995 MS.
1292 2950 1448 2996 Guelf.
1473 2955 1568 2997 suis
1584 2955 1825 3013 plerisque
1849 2958 1969 3000 telis.

1218 3037 1430 3080 interire.
1500 3037 1577 3082 Sic
1609 3037 1743 3083 MSS.
1775 3039 1901 3083 Flor.
1935 3040 2051 3095 (test.
2094 3087 2104 3094 ,

1159 3093 1300 3146 Vict.)
1326 3093 1449 3138 Harl.
1478 3095 1550 3140 ed.
1574 3096 1694 3154 Spir.
1720 3120 1778 3130 -
1834 3098 2055 3141 interiere

1159 3151 1261 3195 MS.
1287 3151 1438 3196 Guelf.
1467 3153 1566 3197 edd.
1592 3154 1695 3199 Put.
1719 3171 1816 3223 sqq.
1847 3155 1902 3198 ad
1935 3154 2056 3199 hunc

1161 3209 1298 3253 diem.
1339 3210 1426 3276 Sed
1451 3209 1526 3254 illa
1546 3211 1693 3256 forma
1714 3212 1870 3256 eximie
1883 3212 2052 3257 Nostro

1165 3276 1396 3311 convenit.

1221 3351 1271 3393 in
1304 3353 1487 3396 itinere.
1560 3353 1660 3398 MS.
1696 3352 1837 3398 Corb.
1872 3354 2057 3414 negligit

1164 3409 1543 3467 praepositionem
1565 3412 1635 3455 ιἠ.
1940 3419 1943 3421 ’

1220 3494 1396 3537 hostile.

1164 3550 1284 3614 Spir.

1458 3493 1559 3544 Hoc
1593 3510 1686 3539 non
1715 3494 1877 3554 legitur
1904 3495 1953 3540 'in
1985 3496 2059 3546 ed.
2133 3554 2138 3557 ι
