2138 4030
156 185 206 218 A.
222 180 274 218 U.
291 180 376 214 824.
408 214 413 219 .

159 229 209 262 Α.
227 222 274 260 C.
316 224 376 258 Ἡ..
401 245 405 250 ›

613 178 792 239 LIB.
835 178 905 238 V.
982 172 1179 236 CAP.
1213 177 1270 238 3.
1311 176 1367 237 4.
1796 175 1915 235 491

70 316 274 391 inopia
302 330 488 389 aquae
521 309 815 381 fatigabat.
902 304 1144 382 Iamque
1179 300 1341 361 haud
1374 305 1582 380 procul
1617 307 1792 365 exitio
1828 319 1923 365 to-

69 402 147 460 tis
175 398 394 474 campis
415 395 881 471 procubuerant3
926 411 1061 448 cum
1098 407 1232 465 grex
1267 390 1570 445 asinorum
1608 393 1924 465 agrestium

71 507 104 543 e
140 496 312 561 pastu
350 482 415 538 in
452 484 659 555 rupem
694 497 934 532 nemore
981 495 1224 551 opacam
1268 475 1566 531 concessit.
1676 476 1922 535 Secutus

71 570 312 648 Moyses
361 566 695 624 coniectura
737 558 975 618 herbidi
1022 561 1134 617 soli
1188 560 1377 633 largas
1416 580 1703 635 aquarum
1742 582 1924 620 venas

74 655 278 731 aperit.
388 649 459 708 Id
504 651 790 705 levamen.
889 657 947 702 et
995 646 1343 702 continuum
1391 664 1488 700 sex
1534 645 1765 703 dierum
1813 648 1926 705 iter

75 739 296 798 emensi
345 736 591 811 septimo
641 732 827 808 pulsis
870 731 1195 788 cultoribus
1244 730 1551 788 obtinuere
1584 741 1797 803 terraS‚
1859 733 1924 789 in

75 827 208 903 quis
234 824 379 881 urbs
407 833 464 878 et
485 819 771 893 templum
801 816 1006 875 dicata.

51 980 53 984 ι
218 935 225 951 ·
249 907 354 968 IV.
387 939 395 951 x
432 904 672 982 Moyses
695 924 811 978 quo
842 902 953 957 sibi
981 901 1046 955 in
1072 912 1373 975 posterum
1403 911 1631 973 gentem
1656 901 1930 974 firmaret,

77 997 266 1052 novos
287 993 437 1049 ritus
458 988 900 1063 contrariosque
917 986 1118 1042 ceteris
1133 986 1480 1042 mortalibus
1505 985 1740 1044 indidit.
1778 984 1931 1044 Pro-

75 1082 215 1137 fana
253 1078 378 1134 illic
424 1075 654 1144 omnia,
718 1092 866 1149 quae
909 1072 1067 1146 apud
1108 1090 1219 1126 nos
1264 1090 1453 1126 sacra:
1514 1091 1752 1128 rursum
1790 1092 1932 1128 con-

79 1185 232 1222 cessa
252 1164 415 1239 apud
441 1162 604 1230 illos,
648 1177 797 1234 quae
822 1157 997 1213 nobis
1026 1156 1264 1215 incesta.
1338 1153 1611 1230 Effigiem
1640 1157 1931 1228 animaliS‚

81 1422 294 1469 auxilium
327 1418 449 1479 quod
484 1417 682 1474 primum
706 1421 975 1472 praestatum

82 1481 173 1525 loci
195 1495 300 1523 vero
316 1476 531 1521 sententia
551 1474 682 1517 haec':
715 1471 841 1515 euius
861 1469 976 1513 auxi-

80 1539 143 1582 lio
163 1553 298 1596 quam
318 1533 517 1593 primum
540 1529 832 1575 credidissent
851 1544 976 1585 prae-

81 1605 228 1639 sentes
262 1591 463 1637 miserias
497 1587 775 1647 pepulissent
809 1587 976 1643 (durch

82 1657 250 1695 dessen
290 1657 413 1692 erste
442 1646 586 1702 Hillse
616 1647 703 1696 sie,
742 1658 879 1687 wenn
911 1644 976 1685 sie

85 1711 137 1753 V
133 1717 355 1752 erlrauen
370 1708 547 1752 hatten,
578 1702 676 1747 vel:
708 1703 858 1744 durch
879 1703 975 1742 des-

82 1781 169 1811 sen
201 1766 348 1822 Hiiffie
381 1765 446 1806 sie
481 1762 700 1816 sogleich,
739 1773 879 1801 wenn
908 1758 977 1800 sie

87 1825 135 1868 V
134 1831 352 1868 eret-auen
373 1824 559 1870 lzc’z'tten,
590 1822 682 1860 das
701 1818 974 1872 gegenwdr-

87 1884 193 1937 tige'
229 1881 380 1923 Elend
426 1878 685 1919 verlreiben
737 1874 975 1928 zviirden).

85 1940 372 1994 Pepulissent
423 1943 487 1978 est
543 1933 765 1992 optativus
811 1930 980 1982 aoristi,

87 1998 165 2056 qui
199 1995 327 2039 omni
352 1991 546 2050 tempori
583 2008 628 2034 se
664 1988 982 2033 accommodat

88 2063 131 2098 et
153 2054 226 2097 cui
251 2052 458 2096 hocloco
483 2049 595 2091 inest
624 2047 888 2105 significatio
914 2045 981 2087 fu-

85 2113 176 2156 turi
219 2110 384 2154 exacti.
482 2106 686 2148 Verbum
738 2106 981 2146 credentes

87 2169 282 2213 multum
305 2168 427 2209 abest
453 2173 502 2207 ut
522 2163 757 2212 redundet,
784 2169 833 2202 ut
855 2175 979 2217 prae-

89 2227 265 2285 cipuam
290 2223 450 2267 habeat
472 2221 593 2266 vim:
626 2235 731 2261 nam
758 2234 812 2260 eo
844 2215 980 2274 respi-

90 2284 150 2327 cit
172 2281 294 2340 quod
318 2289 418 2322 ante
439 2278 610 2321 dictum
635 2285 699 2319 est
724 2278 981 2325 crederent,

90 2339 377 2396 enuntiatque
402 2337 540 2393 ipsam
567 2332 873 2378 conditionem
902 2331 982 2373 mi-

92 2397 306 2442 seriarum
350 2392 681 2452 pellendarum.
770 2388 978 2431 Ceterum

90 2453 272 2499 Tacitus
294 2452 410 2495 haud
438 2449 571 2493 dubie
592 2447 769 2505 scripsit
789 2448 981 2488 creden-

91 2521 161 2556 tes
180 2511 458 2566 praesentis,
482 2523 574 2549 non
591 2512 883 2560 praesentes,
919 2502 982 2545 uti

90 2566 370 2614 libriferum
395 2582 417 2608 e
449 2563 567 2607 male
599 2562 753 2606 sedulo
786 2559 983 2619 pellendi

93 2627 322 2684 antiquam
370 2623 564 2666 formam
604 2619 769 2664 studio.
853 2617 984 2675 Igno-

91 2685 235 2729 tantia
269 2698 402 2727 verae
437 2679 523 2723 loci
558 2676 801 2721 sententiae
838 2681 983 2718 exorta

93 2751 158 2786 est
220 2740 464 2797 scriptura:
528 2744 578 2777 ut
631 2735 740 2776 duci
787 2732 984 2776 coelesti.

97 2798 238 2854 Quod
281 2797 465 2854 verbum
508 2796 743 2836 credentes
782 2792 904 2837 deest
937 2789 985 2830 in

94 2856 228 2900 MSS.
268 2853 422 2897 Orosii
468 2858 509 2894 et
547 2849 743 2893 Othonis
779 2847 986 2905 Frising„

96 2910 307 2959 levissimi
352 2910 528 2952 videtur
578 2907 823 2950 momenti:
882 2920 986 2947 nam

99 2970 242 3014 maior
266 2977 330 3013 est
353 2968 399 3010 in
432 2967 515 3010 hae
550 2981 598 3008 re
633 2963 874 3008 auctoritas
908 2978 988 3004 co-

99 3028 249 3072 dicum
271 3025 544 3069 MSStorum
565 3022 723 3066 Taciti.

156 3124 275 3167 nihil
291 3137 450 3179 aeque.
502 3121 586 3165 Ed.
601 3121 717 3180 Spir.
739 3122 811 3163 nil
828 3135 987 3175 aeque.

99 3205 155 3252 1-
188 3182 296 3224 Mox
318 3181 419 3224 MS.
443 3178 584 3223 Corb.
619 3179 786 3223 omittit
822 3193 909 3235 que
939 3177 988 3221 in

101 3255 300 3296 iamque.

158 3325 402 3367 (ismarum
425 3323 701 3378 agrestium.
761 3319 847 3366 Ed.
872 3319 992 3376 Spir.

104 3384 378 3426 assiriorum
432 3388 692 3434 agrestum.
791 3379 843 3420 In
889 3378 992 3420 MS.

106 3439 261 3483 Guelf.
309 3439 503 3483 secunda
540 3453 697 3480 manus
742 3451 789 3479 ex
826 3437 994 3478 asino-

108 3512 212 3539 rum
238 3497 341 3541 fecit
362 3495 631 3540 asiriorum.

1075 1468 1084 1478 .
1106 1426 1130 1453 e
1156 1419 1317 1467 pastu.
1376 1411 1478 1458 MS.
1497 1411 1621 1458 Flor.
1646 1421 1758 1461 teste
1778 1411 1937 1459 Victo-

1047 1485 1118 1518 rto
1142 1486 1166 1512 e
1184 1479 1340 1523 pasto·

1105 1541 1341 1583 concessit.
1399 1539 1485 1584 Ed.
1503 1537 1622 1600 Spir.
1643 1545 1920 1589 conscendit.

1075 1638 1254 1691 ¹vent-ts
1298 1627 1463 1678 aperit.
1544 1625 1732 1670 Huetius
1772 1627 1939 1674 frustra

1049 1689 1245 1726 conleclt
1266 1697 1409 1726 venas
1433 1684 1626 1738 reperit.

1105 1767 1156 1808 id
1175 1769 1410 1809 levamen.
1459 1749 1663 1826 ΙηὶεΙΙίςε
1678 1770 1790 1824 fuit.
1839 1771 1942 1816 MS.

1051 1823 1202 1867 Guelf.
1251 1825 1373 1867 idem
1426 1827 1657 1870 levamen.
1695 1850 1753 1860 -
1831 1828 1944 1873 Blox

1049 1881 1172 1926 idem
1201 1882 1338 1925 codex
1356 1883 1485 1938 pulsi
1503 1898 1587 1941 pro
1605 1886 1771 1938 pulsis.

1109 1968 1362 2009 obtinuere.
1466 1966 1570 2010 MS.
1625 1967 1743 2011 Bud.
1793 1971 1941 2014 conti-

1051 2038 1217 2068 nuere.
1459 2073 1461 2075 ,

1102 2097 1160 2151 'in
1199 2109 1312 2164 quis.
1402 2106 1479 2151 Sic
1512 2107 1614 2153 MS.
1658 2109 1779 2154 Flor.
1825 2113 1945 2166 (test.

1053 2165 1174 2209 Viet.
1200 2183 1303 2210 cum
1325 2163 1415 2210 Iac.
1432 2164 1688 2224 Gronovio)
1710 2169 1810 2211 edd.
1829 2168 1947 2228 Spir.

1051 2223 1228 2267 Ernest.
1262 2225 1438 2266 Broter.
1470 2239 1567 2281 sqq.
1601 2247 1657 2255 —
1705 2226 1752 2267 in
1787 2230 1949 2283 quibus

1052 2281 1189 2323 MSS.
1212 2280 1364 2325 Guelf.
1397 2280 1520 2324 Harl.
1554 2281 1687 2326 Bodl.
1718 2282 1803 2327 les.
1837 2285 1946 2342 Reg.

1053 2339 1168 2381 Bud.
1219 2338 1318 2382 edd.
1351 2338 1534 2381 Puteol.
1567 2354 1662 2396 sqq.
1714 2340 1767 2390 ad
1804 2341 1949 2387 Erne-

1055 2397 1204 2440 stium.
1263 2395 1321 2439 cf.
1343 2404 1439 2438 not.
1466 2396 1522 2439 ad
1547 2395 1663 2439 Hist.
1681 2398 1723 2450 4,
1747 2398 1816 2441 53.
1863 2411 1864 2414 ’
1916 2394 1935 2415 s

1113 2482 1283 2523 dicata.
1374 2479 1451 2522 Sic
1493 2479 1627 2524 MSS.
1661 2481 1789 2531 Flor.
1833 2485 1951 2540 (test.

1057 2537 1178 2581 Vict.
1231 2553 1333 2580 cum
1391 2536 1480 2579 lac.
1525 2535 1792 2598 Gronovio)
1835 2541 1948 2601 Agr.

1058 2594 1200 2638 Corb.
1230 2595 1332 2637 edd.
1355 2593 1531 2637 Ernest.
1556 2594 1734 2639 Broter.
1759 2614 1810 2656 sq
1845 2631 1855 2642 .
1893 2624 1952 2635 -—

1057 2655 1215 2695 dicata
1265 2658 1376 2694 sunt
1426 2651 1563 2696 MSS.
1616 2652 1772 2699 Guelf.
1814 2614 1948 2701 (karl.

1056 2709 1192 2754 Bodl.
1221 2707 1434 2752 les.Bud.
1460 2709 1755 2756 edd.Puteol.
1779 2729 1830 2772 sq
1867 2747 1878 2759 .
1897 2716 1953 2759 ad

1058 2769 1333 2811 Ernestium.
1366 2791 1423 2797 ——
1483 2767 1703 2812 dedicata
1720 2779 1829 2813 sunt
1904 2772 1950 2818 S.

1059 2826 1170 2883 Reg.
1199 2834 1242 2892 et
1263 2825 1330 2867 ed.
1357 2823 1475 2883 Spir.

1119 2922 1234 2966 CAP.
1264 2906 1328 2963 4(
1391 2920 1441 2962 in
1495 2915 1755 2975 posterum.
1846 2923 1949 2969 MS.

1059 2977 1217 3022 Guelf.
1243 2979 1573 3033 imposterum,
1602 2980 1666 3022 uti
1692 2980 1820 3024 solet.

1116 3070 1322 3117 gentem.
1380 3062 1479 3107 MS.
1502 3064 1640 3108 Corb.
1660 3072 1837 3118 gentes.

1115 3146 1316 3202 effigiem
1365 3147 1601 3190 animalis.
1690 3147 1762 3190 De
1803 3147 1954 3192 fabula

1060 3204 1170 3246 asini
1210 3218 1234 3245 a
1277 3203 1450 3246 Iudaeis
1486 3205 1593 3249 culti
1646 3205 1793 3248 multo
1839 3222 1956 3249 con—

1063 3277 1195 3303 sensu
1222 3261 1338 3317 apud
1359 3267 1532 3307 veteres
1558 3263 1719 3307 tradita
1753 3263 1953 3320 disputa·-

1063 3319 1125 3361 vit
1169 3317 1403 3362 Brotcrius
1445 3321 1499 3363 ad
1540 3319 1585 3364 h.
1630 3319 1662 3363 l.

1064 3375 1277 3419 Morinus
1298 3375 1509 3435 Disscrtt.
1537 3386 1658 3420 octo.
1690 3376 1804 3421 Gen.
1829 3378 1954 3422 1683.

1066 3450 1123 3533 pi3
1144 3433 1239 3532 1571:
1274 3433 1522 3536 Fsslpchafit.
1561 3433 1814 3534 Hjergzoic.
1851 3438 1888 3487 1,
1914 3437 1955 3485 2,

1125 3520 1134 3532 .
1241 3508 1254 3533 .-
1312 3509 1333 3535 a
1370 3508 1433 3536 er.
1496 3509 1568 3550 pp.
1625 3524 1637 3543 ,
1693 3523 1702 3534 .

1739 3319 1932 3377 Stephan
1943 3354 1953 3363 .
2022 3324 2025 3326 ’
