<?xml version="1.0" encoding="UTF-8"?>
<!DOCTYPE html PUBLIC "-//W3C//DTD XHTML 1.0 Transitional//EN"
    "http://www.w3.org/TR/xhtml1/DTD/xhtml1-transitional.dtd">
<html xmlns="http://www.w3.org/1999/xhtml" xml:lang="en" lang="en">
 <head>
  <title>
</title>
<meta http-equiv="Content-Type" content="text/html;charset=utf-8" />
  <meta name='ocr-system' content='tesseract 3.04.00' />
  <meta name='ocr-capabilities' content='ocr_page ocr_carea ocr_par ocr_line ocrx_word'/>
</head>
<body>
  <div class='ocr_page' id='page_1' title='image "./operarecensuitet03taciuoft/operarecensuitet03taciuoft_0280.png"; bbox 0 0 2138 4030; ppageno 0'>
   <div class='ocr_carea' id='block_1_1' title="bbox 801 259 1986 347">
    <p class='ocr_par' dir='ltr' id='par_1_1' title="bbox 801 259 1986 347">
     <span class='ocr_line' id='line_1_1' title="bbox 801 259 1986 347; baseline 0.024 -28"><span class='ocrx_word' id='word_1_1' title='bbox 801 259 1502 324; x_wconf 73' lang='lat' dir='ltr'><strong>HlsToss-IARUM</strong></span> <span class='ocrx_word' id='word_1_2' title='bbox 1728 264 1986 347; x_wconf 54' lang='lat' dir='ltr'><strong>‘aza-⁸33:</strong></span> 
     </span>
    </p>
   </div>
   <div class='ocr_carea' id='block_1_2' title="bbox 215 388 2074 809">
    <p class='ocr_par' dir='ltr' id='par_1_2' title="bbox 215 388 2074 809">
     <span class='ocr_line' id='line_1_2' title="bbox 216 388 2074 469; baseline 0.005 -18"><span class='ocrx_word' id='word_1_3' title='bbox 216 411 471 469; x_wconf 80' lang='lat' dir='ltr'>propere</span> <span class='ocrx_word' id='word_1_4' title='bbox 501 391 851 454; x_wconf 73' lang='lat' dir='ltr'><strong>adcucurrit.</strong></span> <span class='ocrx_word' id='word_1_5' title='bbox 937 389 1154 448; x_wconf 80' lang='lat' dir='ltr'><strong>Bassus</strong></span> <span class='ocrx_word' id='word_1_6' title='bbox 1194 388 1484 453; x_wconf 87' lang='lat' dir='ltr'><strong>honorata</strong></span> <span class='ocrx_word' id='word_1_7' title='bbox 1518 399 1780 456; x_wconf 77' lang='lat' dir='ltr'><strong>custodia</strong></span> <span class='ocrx_word' id='word_1_8' title='bbox 1814 400 2074 459; x_wconf 56' lang='lat' dir='ltr'><strong>liburni-⁵</strong></span> 
     </span>
     <span class='ocr_line' id='line_1_3' title="bbox 215 475 2068 554; baseline 0.005 -20"><span class='ocrx_word' id='word_1_9' title='bbox 215 478 298 534; x_wconf 84' lang='lat' dir='ltr'><strong>cis</strong></span> <span class='ocrx_word' id='word_1_10' title='bbox 337 477 589 534; x_wconf 87' lang='lat' dir='ltr'><strong>navibus</strong></span> <span class='ocrx_word' id='word_1_11' title='bbox 620 475 906 534; x_wconf 83' lang='lat' dir='ltr'><strong>Hadriam</strong></span> <span class='ocrx_word' id='word_1_12' title='bbox 940 487 1247 550; x_wconf 87' lang='lat' dir='ltr'><strong>pervectus</strong></span> <span class='ocrx_word' id='word_1_13' title='bbox 1277 499 1310 536; x_wconf 91' lang='lat' dir='ltr'><strong>a</strong></span> <span class='ocrx_word' id='word_1_14' title='bbox 1348 480 1637 554; x_wconf 85' lang='lat' dir='ltr'><strong>praefecto</strong></span> <span class='ocrx_word' id='word_1_15' title='bbox 1657 484 1794 545; x_wconf 74' lang='lat' dir='ltr'><strong>,alae</strong></span> <span class='ocrx_word' id='word_1_16' title='bbox 1816 482 2068 544; x_wconf 86' lang='lat' dir='ltr'><strong>Mennio</strong></span> 
     </span>
     <span class='ocr_line' id='line_1_4' title="bbox 215 560 2069 637; baseline 0.005 -16"><span class='ocrx_word' id='word_1_17' title='bbox 215 560 437 621; x_wconf 81' lang='lat' dir='ltr'><strong>Rufino</strong></span> <span class='ocrx_word' id='word_1_18' title='bbox 462 562 821 637; x_wconf 72' lang='lat' dir='ltr'><strong>praesidium</strong></span> <span class='ocrx_word' id='word_1_19' title='bbox 855 560 981 616; x_wconf 88' lang='lat' dir='ltr'><strong>illic</strong></span> <span class='ocrx_word' id='word_1_20' title='bbox 1017 561 1272 634; x_wconf 81' lang='lat' dir='ltr'>agitante</span> <span class='ocrx_word' id='word_1_21' title='bbox 1311 564 1588 623; x_wconf 86' lang='lat' dir='ltr'><strong>vincitur.</strong></span> <span class='ocrx_word' id='word_1_22' title='bbox 1674 571 1773 626; x_wconf 89' lang='lat' dir='ltr'><strong>sed</strong></span> <span class='ocrx_word' id='word_1_23' title='bbox 1809 573 2069 631; x_wconf 80' lang='lat' dir='ltr'><strong>exsoluta</strong></span> 
     </span>
     <span class='ocr_line' id='line_1_5' title="bbox 215 644 2069 716; baseline 0.006 -15"><span class='ocrx_word' id='word_1_24' title='bbox 215 646 411 704; x_wconf 67' lang='lat' dir='ltr'><strong>statim</strong></span> <span class='ocrx_word' id='word_1_25' title='bbox 457 647 1082 704; x_wconf 72' lang='lat' dir='ltr'><strong>vincula&#39;interventu</strong></span> <span class='ocrx_word' id='word_1_26' title='bbox 1120 644 1335 705; x_wconf 87' lang='lat' dir='ltr'><strong>Hormi</strong></span> <span class='ocrx_word' id='word_1_27' title='bbox 1377 648 1643 709; x_wconf 82' lang='lat' dir='ltr'><strong>Caesaris</strong></span> <span class='ocrx_word' id='word_1_28' title='bbox 1683 654 1899 716; x_wconf 81' lang='lat' dir='ltr'><strong>liberti.</strong></span> <span class='ocrx_word' id='word_1_29' title='bbox 2019 658 2069 713; x_wconf 88' lang='lat' dir='ltr'><strong>is</strong></span> 
     </span>
     <span class='ocr_line' id='line_1_6' title="bbox 217 725 1210 809; baseline 0.001 -20"><span class='ocrx_word' id='word_1_30' title='bbox 217 751 453 809; x_wconf 86' lang='lat' dir='ltr'><strong>quoque</strong></span> <span class='ocrx_word' id='word_1_31' title='bbox 476 733 632 789; x_wconf 85' lang='lat' dir='ltr'><strong>inter</strong></span> <span class='ocrx_word' id='word_1_32' title='bbox 660 732 836 788; x_wconf 86' lang='lat' dir='ltr'><strong>duces</strong></span> <span class='ocrx_word' id='word_1_33' title='bbox 855 725 1210 804; x_wconf 71' lang='lat' dir='ltr'><strong>habebatur.</strong></span> 
     </span>
    </p>
   </div>
   <div class='ocr_carea' id='block_1_3' title="bbox 219 263 345 322">
    <p class='ocr_par' dir='ltr' id='par_1_3' title="bbox 219 263 345 322">
     <span class='ocr_line' id='line_1_7' title="bbox 219 263 345 322; baseline 0 -1"><span class='ocrx_word' id='word_1_34' title='bbox 219 263 345 322; x_wconf 71' lang='lat'><strong>270</strong></span> 
     </span>
    </p>
   </div>
   <div class='ocr_carea' id='block_1_4' title="bbox 211 851 2067 1206">
    <p class='ocr_par' dir='ltr' id='par_1_4' title="bbox 211 851 2067 1206">
     <span class='ocr_line' id='line_1_8' title="bbox 361 851 2067 950; baseline 0.006 -28"><span class='ocrx_word' id='word_1_35' title='bbox 361 860 550 922; x_wconf 50' lang='lat' dir='ltr'><strong>*XIIL</strong></span> <span class='ocrx_word' id='word_1_36' title='bbox 632 860 712 918; x_wconf 87' lang='lat' dir='ltr'><strong>At</strong></span> <span class='ocrx_word' id='word_1_37' title='bbox 747 858 998 917; x_wconf 82' lang='lat' dir='ltr'><strong>Caecina</strong></span> <span class='ocrx_word' id='word_1_38' title='bbox 1041 863 1366 922; x_wconf 83' lang='lat' dir='ltr'><strong>defectione</strong></span> <span class='ocrx_word' id='word_1_39' title='bbox 1408 851 1610 927; x_wconf 82' lang='lat' dir='ltr'><strong>¹classis</strong></span> <span class='ocrx_word' id='word_1_40' title='bbox 1661 873 1894 946; x_wconf 80' lang='lat' dir='ltr'><strong>vulgata</strong></span> <span class='ocrx_word' id='word_1_41' title='bbox 1944 875 2067 950; x_wconf 86' lang='lat' dir='ltr'><strong>pri-</strong></span> 
     </span>
     <span class='ocr_line' id='line_1_9' title="bbox 212 947 2066 1034; baseline 0.005 -27"><span class='ocrx_word' id='word_1_42' title='bbox 212 969 404 1006; x_wconf 83' lang='lat' dir='ltr'><strong>mores</strong></span> <span class='ocrx_word' id='word_1_43' title='bbox 441 947 852 1005; x_wconf 81' lang='lat' dir='ltr'>centurionum</span> <span class='ocrx_word' id='word_1_44' title='bbox 890 957 947 1003; x_wconf 88' lang='lat' dir='ltr'><strong>et</strong></span> <span class='ocrx_word' id='word_1_45' title='bbox 979 968 1194 1022; x_wconf 78' lang='lat' dir='ltr'><strong>paucos</strong></span> <span class='ocrx_word' id='word_1_46' title='bbox 1226 951 1516 1023; x_wconf 78' lang='lat' dir='ltr'><strong>militnm,</strong></span> <span class='ocrx_word' id='word_1_47' title='bbox 1571 958 1776 1014; x_wconf 84' lang='lat' dir='ltr'><strong>ceteris</strong></span> <span class='ocrx_word' id='word_1_48' title='bbox 1813 979 1918 1034; x_wconf 87' lang='lat' dir='ltr'><strong>per</strong></span> <span class='ocrx_word' id='word_1_49' title='bbox 1954 951 2066 1016; x_wconf 83' lang='lat' dir='ltr'><strong>mi-</strong></span> 
     </span>
     <span class='ocr_line' id='line_1_10' title="bbox 213 1030 2063 1116; baseline 0.005 -25"><span class='ocrx_word' id='word_1_50' title='bbox 213 1033 372 1092; x_wconf 79' lang='lat' dir='ltr'><strong>litiae</strong></span> <span class='ocrx_word' id='word_1_51' title='bbox 405 1033 650 1090; x_wconf 83' lang='lat' dir='ltr'><strong>munera</strong></span> <span class='ocrx_word' id='word_1_52' title='bbox 687 1030 996 1107; x_wconf 85' lang='lat' dir='ltr'><strong>dispersiS,</strong></span> <span class='ocrx_word' id='word_1_53' title='bbox 1051 1045 1267 1090; x_wconf 84' lang='lat' dir='ltr'><strong>secreta</strong></span> <span class='ocrx_word' id='word_1_54' title='bbox 1303 1049 1624 1096; x_wconf 84' lang='lat' dir='ltr'><strong>castrorum</strong></span> <span class='ocrx_word' id='word_1_55' title='bbox 1664 1043 1958 1116; x_wconf 78' lang='lat' dir='ltr'><strong>adfectans</strong></span> <span class='ocrx_word' id='word_1_56' title='bbox 2002 1046 2063 1101; x_wconf 91' lang='lat' dir='ltr'><strong>in</strong></span> 
     </span>
     <span class='ocr_line' id='line_1_11' title="bbox 211 1115 2066 1206; baseline 0.006 -30"><span class='ocrx_word' id='word_1_57' title='bbox 211 1119 499 1196; x_wconf 83' lang='lat' dir='ltr'><strong>principia</strong></span> <span class='ocrx_word' id='word_1_58' title='bbox 545 1126 731 1181; x_wconf 78' lang='lat' dir='ltr'><strong>vocat.</strong></span> <span class='ocrx_word' id='word_1_59' title='bbox 817 1115 903 1172; x_wconf 86' lang='lat' dir='ltr'><strong>ibi</strong></span> <span class='ocrx_word' id='word_1_60' title='bbox 931 1115 1279 1194; x_wconf 76' lang='lat' dir='ltr'><strong>Vespasiani</strong></span> <span class='ocrx_word' id='word_1_61' title='bbox 1313 1122 1588 1180; x_wconf 84' lang='lat' dir='ltr'><strong>virtutem</strong></span> <span class='ocrx_word' id='word_1_62' title='bbox 1629 1126 1896 1205; x_wconf 88' lang='lat' dir='ltr'><strong>viresque</strong></span> <span class='ocrx_word' id='word_1_63' title='bbox 1931 1151 2066 1206; x_wconf 85' lang='lat' dir='ltr'><strong>par-—</strong></span> 
     </span>
    </p>
   </div>
   <div class='ocr_carea' id='block_1_5' title="bbox 207 1359 1103 1767">
    <p class='ocr_par' dir='ltr' id='par_1_5' title="bbox 207 1359 1103 1767">
     <span class='ocr_line' id='line_1_12' title="bbox 243 1359 1102 1406; baseline -0.006 0"><span class='ocrx_word' id='word_1_64' title='bbox 243 1378 298 1406; x_wconf 90' lang='lat' dir='ltr'><strong>ue</strong></span> <span class='ocrx_word' id='word_1_65' title='bbox 350 1376 453 1405; x_wconf 89' lang='lat' dir='ltr'><strong>cum</strong></span> <span class='ocrx_word' id='word_1_66' title='bbox 497 1359 697 1403; x_wconf 83' lang='lat' dir='ltr'><strong>custodia</strong></span> <span class='ocrx_word' id='word_1_67' title='bbox 743 1359 971 1404; x_wconf 78' lang='lat' dir='ltr'><strong>mitterent</strong></span> <span class='ocrx_word' id='word_1_68' title='bbox 1011 1359 1102 1402; x_wconf 83' lang='lat' dir='ltr'><strong>Ha-</strong></span> 
     </span>
     <span class='ocr_line' id='line_1_13' title="bbox 212 1379 1103 1475; baseline -0.003 -13"><span class='ocrx_word' id='word_1_69' title='bbox 212 1379 376 1463; x_wconf 62' lang='lat' dir='ltr'><strong>driam.</strong></span> <span class='ocrx_word' id='word_1_70' title='bbox 460 1417 538 1462; x_wconf 83' lang='lat' dir='ltr'><strong>Uti</strong></span> <span class='ocrx_word' id='word_1_71' title='bbox 584 1433 707 1460; x_wconf 86' lang='lat' dir='ltr'><strong>nunc</strong></span> <span class='ocrx_word' id='word_1_72' title='bbox 749 1418 878 1461; x_wconf 84' lang='lat' dir='ltr'><strong>locus</strong></span> <span class='ocrx_word' id='word_1_73' title='bbox 927 1417 1103 1475; x_wconf 76' lang='lat' dir='ltr'><strong>legitur,</strong></span> 
     </span>
     <span class='ocr_line' id='line_1_14' title="bbox 211 1468 1103 1534; baseline -0.001 -17"><span class='ocrx_word' id='word_1_74' title='bbox 211 1476 400 1519; x_wconf 84' lang='lat' dir='ltr'><strong>omnino</strong></span> <span class='ocrx_word' id='word_1_75' title='bbox 438 1484 616 1534; x_wconf 84' lang='lat' dir='ltr'><strong>praeter</strong></span> <span class='ocrx_word' id='word_1_76' title='bbox 652 1468 907 1532; x_wconf 55' lang='lat' dir='ltr'><strong>legentium*</strong></span> <span class='ocrx_word' id='word_1_77' title='bbox 931 1475 1103 1532; x_wconf 83' lang='lat' dir='ltr'><strong>opinio-</strong></span> 
     </span>
     <span class='ocr_line' id='line_1_15' title="bbox 208 1532 1101 1592; baseline -0.003 -14"><span class='ocrx_word' id='word_1_78' title='bbox 208 1551 315 1579; x_wconf 85' lang='lat' dir='ltr'><strong>nem</strong></span> <span class='ocrx_word' id='word_1_79' title='bbox 340 1542 472 1592; x_wconf 88' lang='lat' dir='ltr'><strong>atque</strong></span> <span class='ocrx_word' id='word_1_80' title='bbox 501 1533 873 1589; x_wconf 83' lang='lat' dir='ltr'><strong>exspectationem</strong></span> <span class='ocrx_word' id='word_1_81' title='bbox 906 1532 1025 1575; x_wconf 85' lang='lat' dir='ltr'><strong>haec.-</strong></span> <span class='ocrx_word' id='word_1_82' title='bbox 1048 1533 1101 1575; x_wconf 88' lang='lat' dir='ltr'><strong>de</strong></span> 
     </span>
     <span class='ocr_line' id='line_1_16' title="bbox 207 1590 1100 1647; baseline -0.003 -13"><span class='ocrx_word' id='word_1_83' title='bbox 207 1591 346 1634; x_wconf 81' lang='lat' dir='ltr'><strong>Basso</strong></span> <span class='ocrx_word' id='word_1_84' title='bbox 391 1592 576 1640; x_wconf 85' lang='lat' dir='ltr'><strong>adsunt,</strong></span> <span class='ocrx_word' id='word_1_85' title='bbox 627 1599 863 1646; x_wconf 76' lang='lat' dir='ltr'><strong>postquam</strong></span> <span class='ocrx_word' id='word_1_86' title='bbox 905 1591 960 1633; x_wconf 89' lang='lat' dir='ltr'><strong>de</strong></span> <span class='ocrx_word' id='word_1_87' title='bbox 1002 1590 1100 1647; x_wconf 81' lang='lat' dir='ltr'><strong>ipso</strong></span> 
     </span>
     <span class='ocr_line' id='line_1_17' title="bbox 207 1647 1101 1708; baseline -0.002 -16"><span class='ocrx_word' id='word_1_88' title='bbox 207 1663 445 1708; x_wconf 79' lang='lat' dir='ltr'><strong>progresso</strong></span> <span class='ocrx_word' id='word_1_89' title='bbox 499 1656 541 1689; x_wconf 90' lang='lat' dir='ltr'><strong>et</strong></span> <span class='ocrx_word' id='word_1_90' title='bbox 588 1654 816 1690; x_wconf 83' lang='lat' dir='ltr'><strong>auctorem</strong></span> <span class='ocrx_word' id='word_1_91' title='bbox 862 1647 1006 1705; x_wconf 88' lang='lat' dir='ltr'><strong>palam</strong></span> <span class='ocrx_word' id='word_1_92' title='bbox 1054 1664 1101 1690; x_wconf 85' lang='lat' dir='ltr'><strong>se</strong></span> 
     </span>
     <span class='ocr_line' id='line_1_18' title="bbox 208 1703 776 1767; baseline -0.002 -19"><span class='ocrx_word' id='word_1_93' title='bbox 208 1706 448 1767; x_wconf 80' lang='lat' dir='ltr'><strong>praebente</strong></span> <span class='ocrx_word' id='word_1_94' title='bbox 471 1703 671 1747; x_wconf 86' lang='lat' dir='ltr'><strong>auditum</strong></span> <span class='ocrx_word' id='word_1_95' title='bbox 698 1713 776 1747; x_wconf 87' lang='lat' dir='ltr'><strong>est.</strong></span> 
     </span>
    </p>
   </div>
   <div class='ocr_carea' id='block_1_6' title="bbox 261 1803 1097 1862">
    <p class='ocr_par' dir='ltr' id='par_1_6' title="bbox 261 1803 1097 1862">
     <span class='ocr_line' id='line_1_19' title="bbox 261 1803 1097 1862; baseline 0.001 -14"><span class='ocrx_word' id='word_1_96' title='bbox 261 1819 473 1862; x_wconf 79' lang='lat' dir='ltr'><strong>propere.</strong></span> <span class='ocrx_word' id='word_1_97' title='bbox 531 1804 606 1848; x_wconf 87' lang='lat' dir='ltr'><strong>Sic</strong></span> <span class='ocrx_word' id='word_1_98' title='bbox 633 1803 770 1848; x_wconf 84' lang='lat' dir='ltr'><strong>MSS.</strong></span> <span class='ocrx_word' id='word_1_99' title='bbox 799 1803 950 1849; x_wconf 81' lang='lat' dir='ltr'><strong>Guelf.</strong></span> <span class='ocrx_word' id='word_1_100' title='bbox 982 1804 1097 1849; x_wconf 79' lang='lat' dir='ltr'><strong>Bud.</strong></span> 
     </span>
    </p>
   </div>
   <div class='ocr_carea' id='block_1_7' title="bbox 205 1861 1099 2023">
    <p class='ocr_par' dir='ltr' id='par_1_7' title="bbox 205 1861 1099 2023">
     <span class='ocr_line' id='line_1_20' title="bbox 207 1861 1098 1920; baseline -0.001 -13"><span class='ocrx_word' id='word_1_101' title='bbox 207 1865 310 1909; x_wconf 74' lang='lat' dir='ltr'><strong>edd.</strong></span> <span class='ocrx_word' id='word_1_102' title='bbox 340 1862 461 1920; x_wconf 84' lang='lat' dir='ltr'><strong>Spir.</strong></span> <span class='ocrx_word' id='word_1_103' title='bbox 501 1861 706 1906; x_wconf 87' lang='lat' dir='ltr'><strong>Beroald.</strong></span> <span class='ocrx_word' id='word_1_104' title='bbox 754 1863 876 1916; x_wconf 87' lang='lat' dir='ltr'><strong>(cum</strong></span> <span class='ocrx_word' id='word_1_105' title='bbox 915 1862 1098 1906; x_wconf 84' lang='lat' dir='ltr'><strong>silentio</strong></span> 
     </span>
     <span class='ocr_line' id='line_1_21' title="bbox 206 1918 1099 1977; baseline 0.004 -16"><span class='ocrx_word' id='word_1_106' title='bbox 206 1921 418 1977; x_wconf 83' lang='lat' dir='ltr'><strong>Victorii)</strong></span> <span class='ocrx_word' id='word_1_107' title='bbox 439 1918 582 1962; x_wconf 88' lang='lat' dir='ltr'><strong>Rhen.</strong></span> <span class='ocrx_word' id='word_1_108' title='bbox 603 1936 700 1977; x_wconf 89' lang='lat' dir='ltr'><strong>sqq.</strong></span> <span class='ocrx_word' id='word_1_109' title='bbox 723 1943 780 1953; x_wconf 92' lang='lat'><em>-</em></span> <span class='ocrx_word' id='word_1_110' title='bbox 823 1935 972 1975; x_wconf 78' lang='lat' dir='ltr'><strong>prope</strong></span> <span class='ocrx_word' id='word_1_111' title='bbox 998 1922 1099 1965; x_wconf 83' lang='lat' dir='ltr'><strong>edd.</strong></span> 
     </span>
     <span class='ocr_line' id='line_1_22' title="bbox 205 1977 674 2023; baseline -0.004 -1"><span class='ocrx_word' id='word_1_112' title='bbox 205 1979 309 2023; x_wconf 76' lang='lat' dir='ltr'><strong>Pur.</strong></span> <span class='ocrx_word' id='word_1_113' title='bbox 333 1978 400 2021; x_wconf 91' lang='lat' dir='ltr'><strong>M.</strong></span> <span class='ocrx_word' id='word_1_114' title='bbox 422 1987 465 2021; x_wconf 90' lang='lat' dir='ltr'><strong>et</strong></span> <span class='ocrx_word' id='word_1_115' title='bbox 492 1977 546 2020; x_wconf 87' lang='lat' dir='ltr'><strong>V.</strong></span> <span class='ocrx_word' id='word_1_116' title='bbox 573 1977 674 2020; x_wconf 78' lang='lat' dir='ltr'><strong>Ale.</strong></span> 
     </span>
    </p>
   </div>
   <div class='ocr_carea' id='block_1_8' title="bbox 203 2046 1097 2163">
    <p class='ocr_par' dir='ltr' id='par_1_8' title="bbox 203 2046 1097 2163">
     <span class='ocr_line' id='line_1_23' title="bbox 205 2046 1097 2107; baseline -0.001 -14"><span class='ocrx_word' id='word_1_117' title='bbox 205 2059 300 2093; x_wconf 86' lang='lat' dir='ltr'><strong>tum</strong></span> <span class='ocrx_word' id='word_1_118' title='bbox 338 2057 402 2092; x_wconf 85' lang='lat' dir='ltr'><strong>est</strong></span> <span class='ocrx_word' id='word_1_119' title='bbox 436 2064 460 2091; x_wconf 91' lang='lat' dir='ltr'><strong>e</strong></span> <span class='ocrx_word' id='word_1_120' title='bbox 498 2046 771 2104; x_wconf 85' lang='lat' dir='ltr'><strong>compendio</strong></span> <span class='ocrx_word' id='word_1_121' title='bbox 804 2055 935 2104; x_wconf 57' lang='lat' dir='ltr'><strong>ppe,</strong></span> <span class='ocrx_word' id='word_1_122' title='bbox 976 2049 1097 2107; x_wconf 86' lang='lat' dir='ltr'><strong>quod</strong></span> 
     </span>
     <span class='ocr_line' id='line_1_24' title="bbox 203 2105 648 2163; baseline -0.007 -13"><span class='ocrx_word' id='word_1_123' title='bbox 203 2115 340 2150; x_wconf 80' lang='lat' dir='ltr'><strong>exstat</strong></span> <span class='ocrx_word' id='word_1_124' title='bbox 363 2107 408 2152; x_wconf 75' lang='lat' dir='ltr'><strong>in</strong></span> <span class='ocrx_word' id='word_1_125' title='bbox 435 2105 504 2149; x_wconf 84' lang='lat' dir='ltr'><strong>ed.</strong></span> <span class='ocrx_word' id='word_1_126' title='bbox 530 2106 648 2163; x_wconf 84' lang='lat' dir='ltr'><strong>Spir.</strong></span> 
     </span>
    </p>
   </div>
   <div class='ocr_carea' id='block_1_9' title="bbox 749 1977 1098 2020">
    <p class='ocr_par' dir='ltr' id='par_1_9' title="bbox 749 1977 1098 2020">
     <span class='ocr_line' id='line_1_25' title="bbox 749 1977 1098 2020; baseline 0.006 -2"><span class='ocrx_word' id='word_1_127' title='bbox 749 1977 794 2020; x_wconf 78' lang='lat' dir='ltr'><strong>[d</strong></span> <span class='ocrx_word' id='word_1_128' title='bbox 827 1978 985 2020; x_wconf 83' lang='lat' dir='ltr'><strong>vitium</strong></span> <span class='ocrx_word' id='word_1_129' title='bbox 1020 1995 1098 2020; x_wconf 89' lang='lat' dir='ltr'><strong>or-</strong></span> 
     </span>
    </p>
   </div>
   <div class='ocr_carea' id='block_1_10' title="bbox 261 2200 1098 2256">
    <p class='ocr_par' dir='ltr' id='par_1_10' title="bbox 261 2200 1098 2256">
     <span class='ocr_line' id='line_1_26' title="bbox 261 2200 1098 2256; baseline 0 -10"><span class='ocrx_word' id='word_1_130' title='bbox 261 2204 543 2247; x_wconf 73' lang='lat' dir='ltr'><strong>adcucurrit.</strong></span> <span class='ocrx_word' id='word_1_131' title='bbox 602 2200 679 2244; x_wconf 87' lang='lat' dir='ltr'><strong>Sic</strong></span> <span class='ocrx_word' id='word_1_132' title='bbox 694 2201 824 2245; x_wconf 82' lang='lat' dir='ltr'><strong>MSS.</strong></span> <span class='ocrx_word' id='word_1_133' title='bbox 837 2202 961 2246; x_wconf 88' lang='lat' dir='ltr'><strong>Flor.</strong></span> <span class='ocrx_word' id='word_1_134' title='bbox 983 2205 1098 2256; x_wconf 82' lang='lat' dir='ltr'><strong>(test.</strong></span> 
     </span>
    </p>
   </div>
   <div class='ocr_carea' id='block_1_11' title="bbox 210 2259 1116 2317">
    <p class='ocr_par' dir='ltr' id='par_1_11' title="bbox 210 2259 1116 2317">
     <span class='ocr_line' id='line_1_27' title="bbox 210 2259 1116 2317; baseline 0.003 -12"><span class='ocrx_word' id='word_1_135' title='bbox 210 2261 358 2317; x_wconf 83' lang='lat' dir='ltr'><strong>Pich.)</strong></span> <span class='ocrx_word' id='word_1_136' title='bbox 390 2259 500 2317; x_wconf 83' lang='lat' dir='ltr'><strong>Reg.</strong></span> <span class='ocrx_word' id='word_1_137' title='bbox 524 2259 661 2304; x_wconf 86' lang='lat' dir='ltr'><strong>Corb.</strong></span> <span class='ocrx_word' id='word_1_138' title='bbox 695 2259 797 2302; x_wconf 88' lang='lat' dir='ltr'><strong>edd.</strong></span> <span class='ocrx_word' id='word_1_139' title='bbox 822 2259 941 2317; x_wconf 81' lang='lat' dir='ltr'><strong>Spir.</strong></span> <span class='ocrx_word' id='word_1_140' title='bbox 970 2260 1116 2308; x_wconf 77' lang='lat' dir='ltr'><strong>Pich..</strong></span> 
     </span>
    </p>
   </div>
   <div class='ocr_carea' id='block_1_12' title="bbox 200 2317 1096 2551">
    <p class='ocr_par' dir='ltr' id='par_1_12' title="bbox 200 2317 1096 2551">
     <span class='ocr_line' id='line_1_28' title="bbox 202 2317 1094 2376; baseline -0.001 -14"><span class='ocrx_word' id='word_1_141' title='bbox 202 2320 425 2376; x_wconf 75' lang='lat' dir='ltr'><strong>Bernegg.</strong></span> <span class='ocrx_word' id='word_1_142' title='bbox 461 2332 557 2375; x_wconf 81' lang='lat' dir='ltr'><strong>sqq.</strong></span> <span class='ocrx_word' id='word_1_143' title='bbox 594 2341 649 2347; x_wconf 91' lang='lat'>-</span> <span class='ocrx_word' id='word_1_144' title='bbox 722 2319 923 2359; x_wconf 84' lang='lat' dir='ltr'><strong>accurrit</strong></span> <span class='ocrx_word' id='word_1_145' title='bbox 958 2317 1094 2361; x_wconf 71' lang='lat' dir='ltr'><strong>MSS.</strong></span> 
     </span>
     <span class='ocr_line' id='line_1_29' title="bbox 203 2373 1092 2421; baseline -0.001 -1"><span class='ocrx_word' id='word_1_146' title='bbox 203 2375 356 2421; x_wconf 77' lang='lat' dir='ltr'><strong>Guelf.</strong></span> <span class='ocrx_word' id='word_1_147' title='bbox 387 2374 510 2418; x_wconf 83' lang='lat' dir='ltr'><strong>Harl.</strong></span> <span class='ocrx_word' id='word_1_148' title='bbox 551 2373 681 2418; x_wconf 85' lang='lat' dir='ltr'><strong>Bodl.</strong></span> <span class='ocrx_word' id='word_1_149' title='bbox 716 2373 800 2417; x_wconf 88' lang='lat' dir='ltr'><strong>les.</strong></span> <span class='ocrx_word' id='word_1_150' title='bbox 833 2374 948 2416; x_wconf 87' lang='lat' dir='ltr'><strong>Bud.</strong></span> <span class='ocrx_word' id='word_1_151' title='bbox 992 2375 1092 2419; x_wconf 86' lang='lat' dir='ltr'><strong>edd.</strong></span> 
     </span>
     <span class='ocr_line' id='line_1_30' title="bbox 201 2429 1096 2489; baseline -0.001 -11"><span class='ocrx_word' id='word_1_152' title='bbox 201 2435 306 2478; x_wconf 86' lang='lat' dir='ltr'><strong>Put.</strong></span> <span class='ocrx_word' id='word_1_153' title='bbox 330 2429 537 2476; x_wconf 83' lang='lat' dir='ltr'><strong>Beroald.</strong></span> <span class='ocrx_word' id='word_1_154' title='bbox 578 2433 700 2486; x_wconf 85' lang='lat' dir='ltr'><strong>(cum</strong></span> <span class='ocrx_word' id='word_1_155' title='bbox 729 2430 797 2476; x_wconf 90' lang='lat' dir='ltr'><strong>sil.</strong></span> <span class='ocrx_word' id='word_1_156' title='bbox 823 2431 964 2489; x_wconf 79' lang='lat' dir='ltr'><strong>vict.)</strong></span> <span class='ocrx_word' id='word_1_157' title='bbox 993 2432 1096 2477; x_wconf 83' lang='lat' dir='ltr'><strong>Alc.</strong></span> 
     </span>
     <span class='ocr_line' id='line_1_31' title="bbox 200 2488 660 2551; baseline -0.011 -15"><span class='ocrx_word' id='word_1_158' title='bbox 200 2507 300 2551; x_wconf 82' lang='lat' dir='ltr'><strong>sqq.</strong></span> <span class='ocrx_word' id='word_1_159' title='bbox 321 2490 377 2534; x_wconf 90' lang='lat' dir='ltr'><strong>ad</strong></span> <span class='ocrx_word' id='word_1_160' title='bbox 401 2488 660 2534; x_wconf 85' lang='lat' dir='ltr'><strong>Pichenam.</strong></span> 
     </span>
    </p>
   </div>
   <div class='ocr_carea' id='block_1_13' title="bbox 193 2584 1094 3449">
    <p class='ocr_par' dir='ltr' id='par_1_13' title="bbox 193 2584 1094 3334">
     <span class='ocr_line' id='line_1_32' title="bbox 259 2584 1093 2632; baseline -0.005 0"><span class='ocrx_word' id='word_1_161' title='bbox 259 2588 513 2632; x_wconf 80' lang='lat' dir='ltr'><strong>Hadriam.</strong></span> <span class='ocrx_word' id='word_1_162' title='bbox 572 2586 650 2630; x_wconf 88' lang='lat' dir='ltr'><strong>Sic</strong></span> <span class='ocrx_word' id='word_1_163' title='bbox 681 2586 780 2630; x_wconf 90' lang='lat' dir='ltr'><strong>MS.</strong></span> <span class='ocrx_word' id='word_1_164' title='bbox 803 2584 952 2629; x_wconf 79' lang='lat' dir='ltr'><strong>Guelf.</strong></span> <span class='ocrx_word' id='word_1_165' title='bbox 990 2585 1093 2629; x_wconf 82' lang='lat' dir='ltr'><strong>edd.</strong></span> 
     </span>
     <span class='ocr_line' id='line_1_33' title="bbox 200 2642 1093 2702; baseline -0.003 -13"><span class='ocrx_word' id='word_1_166' title='bbox 200 2646 301 2689; x_wconf 87' lang='lat' dir='ltr'><strong>Put.</strong></span> <span class='ocrx_word' id='word_1_167' title='bbox 327 2645 430 2688; x_wconf 80' lang='lat' dir='ltr'><strong>Ber.</strong></span> <span class='ocrx_word' id='word_1_168' title='bbox 467 2645 590 2700; x_wconf 85' lang='lat' dir='ltr'><strong>(cum</strong></span> <span class='ocrx_word' id='word_1_169' title='bbox 613 2643 679 2689; x_wconf 88' lang='lat' dir='ltr'><strong>sil.</strong></span> <span class='ocrx_word' id='word_1_170' title='bbox 701 2643 838 2697; x_wconf 70' lang='lat' dir='ltr'><strong>Vici.)</strong></span> <span class='ocrx_word' id='word_1_171' title='bbox 864 2659 964 2702; x_wconf 87' lang='lat' dir='ltr'><strong>sqq.</strong></span> <span class='ocrx_word' id='word_1_172' title='bbox 1034 2642 1093 2687; x_wconf 86' lang='lat' dir='ltr'><strong>cf.</strong></span> 
     </span>
     <span class='ocr_line' id='line_1_34' title="bbox 202 2701 1094 2754; baseline -0.004 -7"><span class='ocrx_word' id='word_1_173' title='bbox 202 2706 287 2747; x_wconf 77' lang='lat' dir='ltr'><strong>An.</strong></span> <span class='ocrx_word' id='word_1_174' title='bbox 312 2704 379 2754; x_wconf 81' lang='lat'><strong>15,</strong></span> <span class='ocrx_word' id='word_1_175' title='bbox 401 2701 472 2745; x_wconf 80' lang='lat'><strong>34.</strong></span> <span class='ocrx_word' id='word_1_176' title='bbox 503 2702 546 2753; x_wconf 75' lang='lat'><strong>2,</strong></span> <span class='ocrx_word' id='word_1_177' title='bbox 570 2701 638 2745; x_wconf 82' lang='lat'><strong>53.</strong></span> <span class='ocrx_word' id='word_1_178' title='bbox 665 2709 707 2745; x_wconf 81' lang='lat' dir='ltr'><strong>et</strong></span> <span class='ocrx_word' id='word_1_179' title='bbox 729 2701 842 2745; x_wconf 78' lang='lat' dir='ltr'><strong>Hist.</strong></span> <span class='ocrx_word' id='word_1_180' title='bbox 867 2702 907 2752; x_wconf 81' lang='lat'><strong>3,</strong></span> <span class='ocrx_word' id='word_1_181' title='bbox 931 2702 1004 2744; x_wconf 74' lang='lat'><strong>42.</strong></span> <span class='ocrx_word' id='word_1_182' title='bbox 1036 2728 1094 2737; x_wconf 80' lang='lat'><strong>.-</strong></span> 
     </span>
     <span class='ocr_line' id='line_1_35' title="bbox 200 2759 1089 2815; baseline -0.002 -12"><span class='ocrx_word' id='word_1_183' title='bbox 200 2763 386 2804; x_wconf 82' lang='lat' dir='ltr'><strong>Atriam</strong></span> <span class='ocrx_word' id='word_1_184' title='bbox 427 2767 534 2802; x_wconf 77' lang='lat' dir='ltr'><strong>teste</strong></span> <span class='ocrx_word' id='word_1_185' title='bbox 572 2759 779 2802; x_wconf 82' lang='lat' dir='ltr'><strong>Broterio</strong></span> <span class='ocrx_word' id='word_1_186' title='bbox 810 2760 946 2802; x_wconf 86' lang='lat' dir='ltr'><strong>MSS.</strong></span> <span class='ocrx_word' id='word_1_187' title='bbox 980 2759 1089 2815; x_wconf 71' lang='lat' dir='ltr'><strong>neg.</strong></span> 
     </span>
     <span class='ocr_line' id='line_1_36' title="bbox 199 2815 1091 2875; baseline -0.002 -13"><span class='ocrx_word' id='word_1_188' title='bbox 199 2817 340 2862; x_wconf 85' lang='lat' dir='ltr'><strong>Corb.</strong></span> <span class='ocrx_word' id='word_1_189' title='bbox 366 2818 434 2861; x_wconf 87' lang='lat' dir='ltr'><strong>ed.</strong></span> <span class='ocrx_word' id='word_1_190' title='bbox 461 2816 580 2875; x_wconf 82' lang='lat' dir='ltr'><strong>Spir.</strong></span> <span class='ocrx_word' id='word_1_191' title='bbox 670 2817 757 2860; x_wconf 86' lang='lat' dir='ltr'><strong>Sed</strong></span> <span class='ocrx_word' id='word_1_192' title='bbox 792 2817 838 2859; x_wconf 80' lang='lat' dir='ltr'><strong>in</strong></span> <span class='ocrx_word' id='word_1_193' title='bbox 874 2816 942 2859; x_wconf 87' lang='lat' dir='ltr'><strong>ed.</strong></span> <span class='ocrx_word' id='word_1_194' title='bbox 970 2815 1091 2874; x_wconf 76' lang='lat' dir='ltr'><strong>Spir.</strong></span> 
     </span>
     <span class='ocr_line' id='line_1_37' title="bbox 202 2873 1092 2933; baseline -0.003 -15"><span class='ocrx_word' id='word_1_195' title='bbox 202 2874 365 2933; x_wconf 83' lang='lat' dir='ltr'><strong>legitur</strong></span> <span class='ocrx_word' id='word_1_196' title='bbox 407 2878 549 2917; x_wconf 79' lang='lat' dir='ltr'><strong>atria.</strong></span> <span class='ocrx_word' id='word_1_197' title='bbox 639 2873 824 2930; x_wconf 74' lang='lat' dir='ltr'><strong>Recepit</strong></span> <span class='ocrx_word' id='word_1_198' title='bbox 858 2873 1092 2916; x_wconf 84' lang='lat' dir='ltr'><strong>Broterius</strong></span> 
     </span>
     <span class='ocr_line' id='line_1_38' title="bbox 197 2928 1092 2989; baseline -0.004 -13"><span class='ocrx_word' id='word_1_199' title='bbox 197 2932 414 2984; x_wconf 82' lang='lat' dir='ltr'><strong>Atriam,</strong></span> <span class='ocrx_word' id='word_1_200' title='bbox 445 2932 551 2974; x_wconf 88' lang='lat' dir='ltr'><strong>dum</strong></span> <span class='ocrx_word' id='word_1_201' title='bbox 580 2939 798 2989; x_wconf 84' lang='lat' dir='ltr'><strong>provocat</strong></span> <span class='ocrx_word' id='word_1_202' title='bbox 830 2931 883 2973; x_wconf 89' lang='lat' dir='ltr'><strong>ad</strong></span> <span class='ocrx_word' id='word_1_203' title='bbox 908 2930 1026 2974; x_wconf 72' lang='lat' dir='ltr'><strong>Ptin.</strong></span> <span class='ocrx_word' id='word_1_204' title='bbox 1050 2928 1092 2982; x_wconf 79' lang='lat'><strong>3,</strong></span> 
     </span>
     <span class='ocr_line' id='line_1_39' title="bbox 203 2987 1088 3044; baseline -0.003 -11"><span class='ocrx_word' id='word_1_205' title='bbox 203 2989 461 3033; x_wconf 66' lang='lat' dir='ltr'><strong>16.‘N0b1·1i</strong></span> <span class='ocrx_word' id='word_1_206' title='bbox 493 2996 640 3043; x_wconf 83' lang='lat' dir='ltr'><strong>portu</strong></span> <span class='ocrx_word' id='word_1_207' title='bbox 682 2989 843 3044; x_wconf 74' lang='lat' dir='ltr'><strong>oppidi</strong></span> <span class='ocrx_word' id='word_1_208' title='bbox 883 2987 1088 3031; x_wconf 76' lang='lat' dir='ltr'><strong>leusco-</strong></span> 
     </span>
     <span class='ocr_line' id='line_1_40' title="bbox 196 3047 1088 3100; baseline -0.002 -11"><span class='ocrx_word' id='word_1_209' title='bbox 196 3062 307 3090; x_wconf 84' lang='lat' dir='ltr'><strong>rum</strong></span> <span class='ocrx_word' id='word_1_210' title='bbox 348 3047 534 3094; x_wconf 73' lang='lat' dir='ltr'><strong>Atrine,</strong></span> <span class='ocrx_word' id='word_1_211' title='bbox 596 3063 627 3087; x_wconf 84' lang='lat' dir='ltr'><strong>a</strong></span> <span class='ocrx_word' id='word_1_212' title='bbox 674 3062 763 3100; x_wconf 85' lang='lat' dir='ltr'><strong>quo</strong></span> <span class='ocrx_word' id='word_1_213' title='bbox 809 3047 1088 3088; x_wconf 77' lang='lat' dir='ltr'><strong>Atriaticum</strong></span> 
     </span>
     <span class='ocr_line' id='line_1_41' title="bbox 197 3105 1089 3158; baseline -0.003 -11"><span class='ocrx_word' id='word_1_214' title='bbox 197 3119 331 3148; x_wconf 86' lang='lat' dir='ltr'><strong>mare</strong></span> <span class='ocrx_word' id='word_1_215' title='bbox 385 3111 496 3146; x_wconf 82' lang='lat' dir='ltr'><strong>ante</strong></span> <span class='ocrx_word' id='word_1_216' title='bbox 553 3105 908 3157; x_wconf 79' lang='lat' dir='ltr'><strong>appellabatur,</strong></span> <span class='ocrx_word' id='word_1_217' title='bbox 966 3105 1089 3158; x_wconf 83' lang='lat' dir='ltr'><strong>quod</strong></span> 
     </span>
     <span class='ocr_line' id='line_1_42' title="bbox 193 3159 1086 3205; baseline -0.004 0"><span class='ocrx_word' id='word_1_218' title='bbox 193 3176 316 3205; x_wconf 78' lang='lat' dir='ltr'><strong>nunc</strong></span> <span class='ocrx_word' id='word_1_219' title='bbox 337 3161 648 3204; x_wconf 76' lang='lat' dir='ltr'><strong>Adriaticum.</strong></span> <span class='ocrx_word' id='word_1_220' title='bbox 707 3160 795 3203; x_wconf 85' lang='lat' dir='ltr'><strong>Sed</strong></span> <span class='ocrx_word' id='word_1_221' title='bbox 818 3160 871 3202; x_wconf 90' lang='lat' dir='ltr'><strong>de</strong></span> <span class='ocrx_word' id='word_1_222' title='bbox 888 3159 1086 3202; x_wconf 61' lang='lat' dir='ltr'><strong>&#39;l&#39;huseo-</strong></span> 
     </span>
     <span class='ocr_line' id='line_1_43' title="bbox 195 3216 1085 3274; baseline -0.004 -12"><span class='ocrx_word' id='word_1_223' title='bbox 195 3235 298 3262; x_wconf 89' lang='lat' dir='ltr'><strong>rum</strong></span> <span class='ocrx_word' id='word_1_224' title='bbox 318 3218 458 3261; x_wconf 82' lang='lat' dir='ltr'><strong>Atria</strong></span> <span class='ocrx_word' id='word_1_225' title='bbox 480 3217 553 3261; x_wconf 82' lang='lat' dir='ltr'><strong>hie</strong></span> <span class='ocrx_word' id='word_1_226' title='bbox 577 3232 670 3259; x_wconf 89' lang='lat' dir='ltr'><strong>non</strong></span> <span class='ocrx_word' id='word_1_227' title='bbox 703 3226 766 3260; x_wconf 88' lang='lat' dir='ltr'><strong>est</strong></span> <span class='ocrx_word' id='word_1_228' title='bbox 799 3216 1085 3274; x_wconf 81' lang='lat' dir='ltr'><strong>cogitandum</strong></span> 
     </span>
     <span class='ocr_line' id='line_1_44' title="bbox 196 3272 1086 3334; baseline -0.004 -15"><span class='ocrx_word' id='word_1_229' title='bbox 196 3291 223 3322; x_wconf 70' lang='lat' dir='ltr'><strong>a,</strong></span> <span class='ocrx_word' id='word_1_230' title='bbox 253 3283 464 3334; x_wconf 88' lang='lat' dir='ltr'><strong>paretque</strong></span> <span class='ocrx_word' id='word_1_231' title='bbox 524 3289 547 3316; x_wconf 91' lang='lat' dir='ltr'><strong>e</strong></span> <span class='ocrx_word' id='word_1_232' title='bbox 606 3272 740 3316; x_wconf 80' lang='lat' dir='ltr'><strong>Plinii</strong></span> <span class='ocrx_word' id='word_1_233' title='bbox 795 3273 1086 3332; x_wconf 79' lang='lat' dir='ltr'><strong>explicatione</strong></span> 
     </span>
    </p>

    <p class='ocr_par' dir='ltr' id='par_1_14' title="bbox 194 3329 1085 3449">
     <span class='ocr_line' id='line_1_45' title="bbox 240 3329 1085 3390; baseline -0.004 -15"><span class='ocrx_word' id='word_1_234' title='bbox 240 3332 379 3375; x_wconf 75' lang='lat' dir='ltr'><strong>triam</strong></span> <span class='ocrx_word' id='word_1_235' title='bbox 408 3330 462 3374; x_wconf 88' lang='lat' dir='ltr'><strong>ab</strong></span> <span class='ocrx_word' id='word_1_236' title='bbox 488 3331 643 3373; x_wconf 77' lang='lat' dir='ltr'><strong>Adria</strong></span> <span class='ocrx_word' id='word_1_237' title='bbox 676 3331 858 3375; x_wconf 86' lang='lat' dir='ltr'><strong>nonnisi</strong></span> <span class='ocrx_word' id='word_1_238' title='bbox 894 3329 1085 3390; x_wconf 82' lang='lat' dir='ltr'><strong>antiqui·</strong></span> 
     </span>
     <span class='ocr_line' id='line_1_46' title="bbox 194 3387 765 3449; baseline -0.007 -15"><span class='ocrx_word' id='word_1_239' title='bbox 194 3399 282 3440; x_wconf 83' lang='lat' dir='ltr'><strong>tate</strong></span> <span class='ocrx_word' id='word_1_240' title='bbox 304 3388 548 3449; x_wconf 82' lang='lat' dir='ltr'><strong>scripturae</strong></span> <span class='ocrx_word' id='word_1_241' title='bbox 572 3387 765 3430; x_wconf 83' lang='lat' dir='ltr'><strong>differre.</strong></span> 
     </span>
    </p>
   </div>
   <div class='ocr_carea' id='block_1_14' title="bbox 193 3483 1083 3599">
    <p class='ocr_par' dir='ltr' id='par_1_15' title="bbox 193 3483 1083 3599">
     <span class='ocr_line' id='line_1_47' title="bbox 247 3483 1083 3543; baseline -0.004 -14"><span class='ocrx_word' id='word_1_242' title='bbox 247 3493 505 3543; x_wconf 72' lang='lat' dir='ltr'><strong>pervectus.</strong></span> <span class='ocrx_word' id='word_1_243' title='bbox 565 3484 639 3527; x_wconf 87' lang='lat' dir='ltr'><strong>Sic</strong></span> <span class='ocrx_word' id='word_1_244' title='bbox 657 3483 789 3528; x_wconf 88' lang='lat' dir='ltr'><strong>MSS.</strong></span> <span class='ocrx_word' id='word_1_245' title='bbox 815 3483 938 3527; x_wconf 80' lang='lat' dir='ltr'><strong>Flo&#39;r.</strong></span> <span class='ocrx_word' id='word_1_246' title='bbox 967 3484 1083 3535; x_wconf 84' lang='lat' dir='ltr'><strong>(test.</strong></span> 
     </span>
     <span class='ocr_line' id='line_1_48' title="bbox 193 3540 1083 3599; baseline -0.003 -12"><span class='ocrx_word' id='word_1_247' title='bbox 193 3544 340 3599; x_wconf 81' lang='lat' dir='ltr'><strong>Pich.)</strong></span> <span class='ocrx_word' id='word_1_248' title='bbox 367 3541 664 3587; x_wconf 63' lang='lat' dir='ltr'><strong>Guelf..Harl.</strong></span> <span class='ocrx_word' id='word_1_249' title='bbox 690 3540 822 3584; x_wconf 61' lang='lat' dir='ltr'><strong>lkodl.</strong></span> <span class='ocrx_word' id='word_1_250' title='bbox 848 3541 926 3584; x_wconf 75' lang='lat' dir='ltr'><strong>les,</strong></span> <span class='ocrx_word' id='word_1_251' title='bbox 944 3541 1083 3584; x_wconf 64' lang='lat' dir='ltr'><strong>Con-b.</strong></span> 
     </span>
    </p>
   </div>
   <div class='ocr_carea' id='block_1_15' title="bbox 190 3597 1132 3654">
    <p class='ocr_par' dir='ltr' id='par_1_16' title="bbox 190 3597 1132 3654">
     <span class='ocr_line' id='line_1_49' title="bbox 190 3597 1132 3654; baseline -0.008 -7"><span class='ocrx_word' id='word_1_252' title='bbox 190 3601 426 3653; x_wconf 10' lang='lat' dir='ltr'><strong>edd.qut.</strong></span> <span class='ocrx_word' id='word_1_253' title='bbox 461 3599 666 3645; x_wconf 78' lang='lat' dir='ltr'><strong>Beroald.</strong></span> <span class='ocrx_word' id='word_1_254' title='bbox 694 3599 818 3654; x_wconf 84' lang='lat' dir='ltr'><strong>(cum</strong></span> <span class='ocrx_word' id='word_1_255' title='bbox 854 3598 921 3642; x_wconf 83' lang='lat' dir='ltr'><strong>sil.</strong></span> <span class='ocrx_word' id='word_1_256' title='bbox 948 3597 1084 3653; x_wconf 67' lang='lat' dir='ltr'><strong>Vici.)</strong></span> <span class='ocrx_word' id='word_1_257' title='bbox 1118 3607 1132 3622; x_wconf 58' lang='lat'><strong>⁸</strong></span> 
     </span>
    </p>
   </div>
   <div class='ocr_carea' id='block_1_16' title="bbox 1172 1363 2066 1542">
    <p class='ocr_par' dir='ltr' id='par_1_17' title="bbox 1172 1363 2066 1542">
     <span class='ocr_line' id='line_1_50' title="bbox 1179 1363 2066 1431; baseline 0.014 -25"><span class='ocrx_word' id='word_1_258' title='bbox 1179 1363 1277 1422; x_wconf 82' lang='lat' dir='ltr'><strong>Alc.</strong></span> <span class='ocrx_word' id='word_1_259' title='bbox 1313 1374 1355 1408; x_wconf 88' lang='lat' dir='ltr'><strong>et</strong></span> <span class='ocrx_word' id='word_1_260' title='bbox 1386 1365 1488 1409; x_wconf 86' lang='lat' dir='ltr'><strong>dein</strong></span> <span class='ocrx_word' id='word_1_261' title='bbox 1519 1367 1645 1412; x_wconf 79' lang='lat' dir='ltr'><strong>Pich.</strong></span> <span class='ocrx_word' id='word_1_262' title='bbox 1671 1368 1852 1414; x_wconf 82' lang='lat' dir='ltr'><strong>Gruter.</strong></span> <span class='ocrx_word' id='word_1_263' title='bbox 1877 1387 1980 1431; x_wconf 86' lang='lat' dir='ltr'><strong>sqq.</strong></span> <span class='ocrx_word' id='word_1_264' title='bbox 2009 1401 2066 1410; x_wconf 92' lang='lat'><strong>—</strong></span> 
     </span>
     <span class='ocr_line' id='line_1_51' title="bbox 1172 1425 2061 1488; baseline 0.013 -26"><span class='ocrx_word' id='word_1_265' title='bbox 1172 1432 1422 1475; x_wconf 76' lang='lat' dir='ltr'><strong>provectus·</strong></span> <span class='ocrx_word' id='word_1_266' title='bbox 1465 1425 1602 1469; x_wconf 81' lang='lat' dir='ltr'><strong>MSS.</strong></span> <span class='ocrx_word' id='word_1_267' title='bbox 1638 1427 1753 1470; x_wconf 78' lang='lat' dir='ltr'><strong>Buci.</strong></span> <span class='ocrx_word' id='word_1_268' title='bbox 1800 1427 1910 1488; x_wconf 83' lang='lat' dir='ltr'><strong>Reg.</strong></span> <span class='ocrx_word' id='word_1_269' title='bbox 1958 1430 2061 1475; x_wconf 82' lang='lat' dir='ltr'><strong>edd.</strong></span> 
     </span>
     <span class='ocr_line' id='line_1_52' title="bbox 1174 1479 1951 1542; baseline 0.012 -20"><span class='ocrx_word' id='word_1_270' title='bbox 1174 1479 1293 1539; x_wconf 84' lang='lat' dir='ltr'><strong>Spir.</strong></span> <span class='ocrx_word' id='word_1_271' title='bbox 1318 1480 1463 1525; x_wconf 79' lang='lat' dir='ltr'><strong>Rhen.</strong></span> <span class='ocrx_word' id='word_1_272' title='bbox 1487 1499 1587 1542; x_wconf 88' lang='lat' dir='ltr'><strong>sqq.</strong></span> <span class='ocrx_word' id='word_1_273' title='bbox 1616 1485 1670 1527; x_wconf 87' lang='lat' dir='ltr'><strong>ad</strong></span> <span class='ocrx_word' id='word_1_274' title='bbox 1691 1484 1951 1532; x_wconf 81' lang='lat' dir='ltr'><strong>Pichenam.</strong></span> 
     </span>
    </p>
   </div>
   <div class='ocr_carea' id='block_1_17' title="bbox 1169 1591 2063 2112">
    <p class='ocr_par' dir='ltr' id='par_1_18' title="bbox 1169 1591 2063 2112">
     <span class='ocr_line' id='line_1_53' title="bbox 1230 1591 2061 1655; baseline 0.012 -23"><span class='ocrx_word' id='word_1_275' title='bbox 1230 1591 1430 1643; x_wconf 72' lang='grc' dir='ltr'><em>Μεηηίο,</em></span> <span class='ocrx_word' id='word_1_276' title='bbox 1490 1594 1566 1636; x_wconf 80' lang='lat' dir='ltr'><strong>Sic</strong></span> <span class='ocrx_word' id='word_1_277' title='bbox 1587 1595 1688 1638; x_wconf 88' lang='lat' dir='ltr'><strong>MS.</strong></span> <span class='ocrx_word' id='word_1_278' title='bbox 1712 1595 1832 1640; x_wconf 82' lang='lat' dir='ltr'><strong>Harl.</strong></span> <span class='ocrx_word' id='word_1_279' title='bbox 1855 1600 1894 1651; x_wconf 85' lang='lat' dir='ltr'><strong>(a</strong></span> <span class='ocrx_word' id='word_1_280' title='bbox 1921 1599 2061 1655; x_wconf 82' lang='lat' dir='ltr'><strong>prima</strong></span> 
     </span>
     <span class='ocr_line' id='line_1_54' title="bbox 1173 1651 2061 1710; baseline 0.006 -18"><span class='ocrx_word' id='word_1_281' title='bbox 1173 1652 1325 1706; x_wconf 87' lang='lat' dir='ltr'><strong>manu)</strong></span> <span class='ocrx_word' id='word_1_282' title='bbox 1351 1651 1449 1693; x_wconf 83' lang='lat' dir='ltr'><strong>edd.</strong></span> <span class='ocrx_word' id='word_1_283' title='bbox 1471 1651 1572 1695; x_wconf 84' lang='lat' dir='ltr'><strong>Put.</strong></span> <span class='ocrx_word' id='word_1_284' title='bbox 1594 1668 1692 1710; x_wconf 85' lang='lat' dir='ltr'><strong>sqq.</strong></span> <span class='ocrx_word' id='word_1_285' title='bbox 1729 1678 1785 1686; x_wconf 91' lang='lat'><strong>--</strong></span> <span class='ocrx_word' id='word_1_286' title='bbox 1836 1654 2061 1698; x_wconf 83' lang='lat' dir='ltr'><strong>Memmio</strong></span> 
     </span>
     <span class='ocr_line' id='line_1_55' title="bbox 1171 1706 2062 1769; baseline 0.008 -19"><span class='ocrx_word' id='word_1_287' title='bbox 1171 1707 1307 1750; x_wconf 80' lang='lat' dir='ltr'><strong>MSS.</strong></span> <span class='ocrx_word' id='word_1_288' title='bbox 1324 1706 1474 1752; x_wconf 84' lang='lat' dir='ltr'><strong>Guelf.</strong></span> <span class='ocrx_word' id='word_1_289' title='bbox 1494 1711 1570 1751; x_wconf 77' lang='lat' dir='ltr'><strong>tes.</strong></span> <span class='ocrx_word' id='word_1_290' title='bbox 1590 1710 1708 1753; x_wconf 85' lang='lat' dir='ltr'><strong>Harl.</strong></span> <span class='ocrx_word' id='word_1_291' title='bbox 1732 1713 1771 1766; x_wconf 85' lang='lat' dir='ltr'><strong>(a</strong></span> <span class='ocrx_word' id='word_1_292' title='bbox 1789 1715 2062 1769; x_wconf 83' lang='lat' dir='ltr'><strong>sec.1nanu).</strong></span> 
     </span>
     <span class='ocr_line' id='line_1_56' title="bbox 1171 1765 2063 1824; baseline 0.01 -19"><span class='ocrx_word' id='word_1_293' title='bbox 1171 1789 1227 1797; x_wconf 87' lang='lat'><strong>-—</strong></span> <span class='ocrx_word' id='word_1_294' title='bbox 1256 1765 1490 1807; x_wconf 74' lang='lat' dir='ltr'><strong>&#39;Vivenm&#39;o</strong></span> <span class='ocrx_word' id='word_1_295' title='bbox 1514 1766 1646 1810; x_wconf 84' lang='lat' dir='ltr'><strong>MSS.</strong></span> <span class='ocrx_word' id='word_1_296' title='bbox 1674 1769 1708 1810; x_wconf 83' lang='lat' dir='ltr'>F</span> <span class='ocrx_word' id='word_1_297' title='bbox 1712 1767 1796 1812; x_wconf 84' lang='lat' dir='ltr'><strong>lor.</strong></span> <span class='ocrx_word' id='word_1_298' title='bbox 1823 1769 2063 1824; x_wconf 72' lang='lat' dir='ltr'><strong>(test.Vict.</strong></span> 
     </span>
     <span class='ocr_line' id='line_1_57' title="bbox 1172 1822 2060 1880; baseline 0.007 -16"><span class='ocrx_word' id='word_1_299' title='bbox 1172 1839 1275 1868; x_wconf 84' lang='lat' dir='ltr'><strong>cnm</strong></span> <span class='ocrx_word' id='word_1_300' title='bbox 1315 1824 1401 1865; x_wconf 86' lang='lat' dir='ltr'><strong>lac.</strong></span> <span class='ocrx_word' id='word_1_301' title='bbox 1429 1822 1656 1880; x_wconf 74' lang='lat' dir='ltr'><strong>Gronov.)</strong></span> <span class='ocrx_word' id='word_1_302' title='bbox 1696 1825 1808 1870; x_wconf 82' lang='lat' dir='ltr'><strong>Bud.</strong></span> <span class='ocrx_word' id='word_1_303' title='bbox 1841 1827 1882 1880; x_wconf 84' lang='lat' dir='ltr'><strong>(a</strong></span> <span class='ocrx_word' id='word_1_304' title='bbox 1947 1822 2060 1870; x_wconf 76' lang='lat' dir='ltr'><strong>rima</strong></span> 
     </span>
     <span class='ocr_line' id='line_1_58' title="bbox 1172 1881 2060 1935; baseline 0.005 -11"><span class='ocrx_word' id='word_1_305' title='bbox 1172 1882 1342 1935; x_wconf 68' lang='lat' dir='ltr'><strong>manu).</strong></span> <span class='ocrx_word' id='word_1_306' title='bbox 1380 1899 1448 1912; x_wconf 78' lang='grc'><strong>-’</strong></span> <span class='ocrx_word' id='word_1_307' title='bbox 1484 1881 1778 1925; x_wconf 75' lang='lat' dir='ltr'><strong>iuveniorum</strong></span> <span class='ocrx_word' id='word_1_308' title='bbox 1810 1885 1896 1928; x_wconf 85' lang='lat' dir='ltr'><strong>MS</strong></span> <span class='ocrx_word' id='word_1_309' title='bbox 1934 1917 1945 1928; x_wconf 95' lang='lat'><strong>.</strong></span> <span class='ocrx_word' id='word_1_310' title='bbox 1974 1884 2060 1928; x_wconf 84' lang='lat' dir='ltr'><strong>Va-</strong></span> 
     </span>
     <span class='ocr_line' id='line_1_59' title="bbox 1171 1937 2053 1999; baseline 0.005 -18"><span class='ocrx_word' id='word_1_311' title='bbox 1171 1940 1246 1981; x_wconf 81' lang='lat' dir='ltr'><strong>tic.</strong></span> <span class='ocrx_word' id='word_1_312' title='bbox 1271 1938 1380 1995; x_wconf 77' lang='lat' dir='ltr'><strong>Agr.</strong></span> <span class='ocrx_word' id='word_1_313' title='bbox 1409 1937 1543 1982; x_wconf 68' lang='lat' dir='ltr'><strong>Cor-b.</strong></span> <span class='ocrx_word' id='word_1_314' title='bbox 1567 1940 1636 1983; x_wconf 86' lang='lat' dir='ltr'><strong>ed.</strong></span> <span class='ocrx_word' id='word_1_315' title='bbox 1662 1940 1781 1999; x_wconf 83' lang='lat' dir='ltr'><strong>Spir.</strong></span> <span class='ocrx_word' id='word_1_316' title='bbox 1810 1966 1866 1974; x_wconf 96' lang='lat'><strong>—</strong></span> <span class='ocrx_word' id='word_1_317' title='bbox 1915 1942 2053 1985; x_wconf 78' lang='lat' dir='ltr'><strong>Hein—</strong></span> 
     </span>
     <span class='ocr_line' id='line_1_60' title="bbox 1169 1995 2060 2049; baseline 0.006 -12"><span class='ocrx_word' id='word_1_318' title='bbox 1169 1997 1258 2038; x_wconf 77' lang='lat' dir='ltr'><strong>sius</strong></span> <span class='ocrx_word' id='word_1_319' title='bbox 1282 1996 1460 2038; x_wconf 78' lang='lat' dir='ltr'><strong>volebat</strong></span> <span class='ocrx_word' id='word_1_320' title='bbox 1487 1995 1724 2049; x_wconf 74' lang='lat' dir='ltr'><strong>Iuventz&#39;r15</strong></span> <span class='ocrx_word' id='word_1_321' title='bbox 1765 1998 1850 2043; x_wconf 79' lang='lat' dir='ltr'><strong>Iac.</strong></span> <span class='ocrx_word' id='word_1_322' title='bbox 1877 1999 2060 2042; x_wconf 85' lang='lat' dir='ltr'><strong>Grono-</strong></span> 
     </span>
     <span class='ocr_line' id='line_1_61' title="bbox 1169 2053 2059 2112; baseline 0.006 -17"><span class='ocrx_word' id='word_1_323' title='bbox 1169 2053 1715 2112; x_wconf 64' lang='lat' dir='ltr'><strong>vinsMEnm&#39;oRufino.</strong></span> <span class='ocrx_word' id='word_1_324' title='bbox 1740 2081 1788 2088; x_wconf 79' lang='lat'>-</span> <span class='ocrx_word' id='word_1_325' title='bbox 1831 2057 1941 2099; x_wconf 76' lang='lat' dir='ltr'><strong>Mox</strong></span> <span class='ocrx_word' id='word_1_326' title='bbox 1966 2059 2059 2101; x_wconf 81' lang='lat' dir='ltr'><strong>illic</strong></span> 
     </span>
    </p>
   </div>
   <div class='ocr_carea' id='block_1_18' title="bbox 1173 2111 1910 2395">
    <p class='ocr_par' dir='ltr' id='par_1_19' title="bbox 1173 2111 1910 2395">
     <span class='ocr_line' id='line_1_62' title="bbox 1173 2111 1504 2154; baseline 0 -1"><span class='ocrx_word' id='word_1_327' title='bbox 1173 2112 1294 2153; x_wconf 75' lang='lat' dir='ltr'><strong>abest</strong></span> <span class='ocrx_word' id='word_1_328' title='bbox 1325 2127 1348 2153; x_wconf 82' lang='lat' dir='ltr'><strong>a</strong></span> <span class='ocrx_word' id='word_1_329' title='bbox 1370 2111 1504 2154; x_wconf 65' lang='lat' dir='ltr'><strong>(jorb.</strong></span> 
     </span>
     <span class='ocr_line' id='line_1_63' title="bbox 1228 2220 1889 2280; baseline 0.006 -16"><span class='ocrx_word' id='word_1_330' title='bbox 1228 2222 1409 2266; x_wconf 83' lang='lat' dir='ltr'><strong>Hormi.</strong></span> <span class='ocrx_word' id='word_1_331' title='bbox 1466 2221 1552 2266; x_wconf 88' lang='lat' dir='ltr'><strong>Ed.</strong></span> <span class='ocrx_word' id='word_1_332' title='bbox 1575 2220 1703 2280; x_wconf 75' lang='lat' dir='ltr'><strong>Spir..</strong></span> <span class='ocrx_word' id='word_1_333' title='bbox 1719 2224 1889 2268; x_wconf 73' lang='lat' dir='ltr'><strong>horem.</strong></span> 
     </span>
     <span class='ocr_line' id='line_1_64' title="bbox 1227 2336 1910 2395; baseline 0 -15"><span class='ocrx_word' id='word_1_334' title='bbox 1227 2336 1460 2380; x_wconf 80' lang='lat' dir='ltr'><strong>Caesaris.</strong></span> <span class='ocrx_word' id='word_1_335' title='bbox 1521 2336 1608 2380; x_wconf 82' lang='lat' dir='ltr'><strong>lnt.</strong></span> <span class='ocrx_word' id='word_1_336' title='bbox 1637 2336 1910 2395; x_wconf 81' lang='lat' dir='ltr'><strong>Vespasiani.</strong></span> 
     </span>
    </p>
   </div>
   <div class='ocr_carea' id='block_1_19' title="bbox 1158 2449 2058 3426">
    <p class='ocr_par' dir='ltr' id='par_1_20' title="bbox 1158 2449 2058 3426">
     <span class='ocr_line' id='line_1_65' title="bbox 1225 2449 2057 2498; baseline 0.002 -3"><span class='ocrx_word' id='word_1_337' title='bbox 1225 2452 1332 2496; x_wconf 76' lang='lat' dir='ltr'><strong>CAP.</strong></span> <span class='ocrx_word' id='word_1_338' title='bbox 1376 2449 1443 2494; x_wconf 78' lang='lat'><strong>13.</strong></span> <span class='ocrx_word' id='word_1_339' title='bbox 1534 2457 1714 2494; x_wconf 74' lang='lat' dir='ltr'><strong>secreta</strong></span> <span class='ocrx_word' id='word_1_340' title='bbox 1771 2460 2057 2498; x_wconf 66' lang='lat' dir='ltr'><strong>castrorum.</strong></span> 
     </span>
     <span class='ocr_line' id='line_1_66' title="bbox 1167 2506 2056 2557; baseline 0 -4"><span class='ocrx_word' id='word_1_341' title='bbox 1167 2510 1242 2554; x_wconf 78' lang='lat' dir='ltr'><strong>Sic</strong></span> <span class='ocrx_word' id='word_1_342' title='bbox 1283 2508 1418 2552; x_wconf 70' lang='lat' dir='ltr'><strong>MSS:</strong></span> <span class='ocrx_word' id='word_1_343' title='bbox 1456 2506 1610 2552; x_wconf 83' lang='lat' dir='ltr'><strong>Guelf.</strong></span> <span class='ocrx_word' id='word_1_344' title='bbox 1651 2507 1772 2553; x_wconf 84' lang='lat' dir='ltr'><strong>Harl.</strong></span> <span class='ocrx_word' id='word_1_345' title='bbox 1806 2508 1938 2553; x_wconf 88' lang='lat' dir='ltr'><strong>Bodl.</strong></span> <span class='ocrx_word' id='word_1_346' title='bbox 1975 2510 2056 2557; x_wconf 74' lang='lat' dir='ltr'><strong>les.</strong></span> 
     </span>
     <span class='ocr_line' id='line_1_67' title="bbox 1167 2564 2054 2622; baseline 0.003 -12"><span class='ocrx_word' id='word_1_347' title='bbox 1167 2568 1266 2612; x_wconf 85' lang='lat' dir='ltr'><strong>edd.</strong></span> <span class='ocrx_word' id='word_1_348' title='bbox 1303 2567 1420 2622; x_wconf 83' lang='lat' dir='ltr'><strong>Spir.</strong></span> <span class='ocrx_word' id='word_1_349' title='bbox 1454 2566 1556 2608; x_wconf 83' lang='lat' dir='ltr'><strong>Put.</strong></span> <span class='ocrx_word' id='word_1_350' title='bbox 1592 2565 1659 2609; x_wconf 92' lang='lat' dir='ltr'><strong>M.</strong></span> <span class='ocrx_word' id='word_1_351' title='bbox 1689 2576 1733 2608; x_wconf 80' lang='lat' dir='ltr'><strong>et</strong></span> <span class='ocrx_word' id='word_1_352' title='bbox 1760 2565 1810 2608; x_wconf 86' lang='lat' dir='ltr'><strong>V.</strong></span> <span class='ocrx_word' id='word_1_353' title='bbox 1847 2564 2054 2614; x_wconf 67' lang='lat' dir='ltr'><strong>Be&#39;roald.</strong></span> 
     </span>
     <span class='ocr_line' id='line_1_68' title="bbox 1165 2622 2053 2683; baseline 0.002 -15"><span class='ocrx_word' id='word_1_354' title='bbox 1165 2627 1287 2679; x_wconf 88' lang='lat' dir='ltr'><strong>(cum</strong></span> <span class='ocrx_word' id='word_1_355' title='bbox 1313 2625 1380 2666; x_wconf 77' lang='lat' dir='ltr'><strong>sil.</strong></span> <span class='ocrx_word' id='word_1_356' title='bbox 1414 2622 1551 2678; x_wconf 78' lang='lat' dir='ltr'><strong>vict.)</strong></span> <span class='ocrx_word' id='word_1_357' title='bbox 1579 2623 1672 2666; x_wconf 81' lang='lat' dir='ltr'><strong>Alc.</strong></span> <span class='ocrx_word' id='word_1_358' title='bbox 1701 2623 1841 2666; x_wconf 82' lang='lat' dir='ltr'><strong>Rhen.</strong></span> <span class='ocrx_word' id='word_1_359' title='bbox 1867 2640 1964 2683; x_wconf 85' lang='lat' dir='ltr'><strong>sqq.</strong></span> <span class='ocrx_word' id='word_1_360' title='bbox 1999 2627 2053 2670; x_wconf 83' lang='lat' dir='ltr'><strong>ad</strong></span> 
     </span>
     <span class='ocr_line' id='line_1_69' title="bbox 1164 2680 2058 2740; baseline 0 -15"><span class='ocrx_word' id='word_1_361' title='bbox 1164 2681 1433 2740; x_wconf 77' lang='lat' dir='ltr'><strong>Bipontinos</strong></span> <span class='ocrx_word' id='word_1_362' title='bbox 1451 2680 1789 2731; x_wconf 79' lang='lat' dir='ltr'><strong>etOberlinum,</strong></span> <span class='ocrx_word' id='word_1_363' title='bbox 1814 2682 1888 2739; x_wconf 86' lang='lat' dir='ltr'><strong>qui</strong></span> <span class='ocrx_word' id='word_1_364' title='bbox 1913 2698 2058 2725; x_wconf 83' lang='lat' dir='ltr'><strong>econ·</strong></span> 
     </span>
     <span class='ocr_line' id='line_1_70' title="bbox 1164 2738 2054 2783; baseline 0 -1"><span class='ocrx_word' id='word_1_365' title='bbox 1164 2741 1331 2783; x_wconf 84' lang='lat' dir='ltr'><strong>iectura</strong></span> <span class='ocrx_word' id='word_1_366' title='bbox 1363 2738 1583 2781; x_wconf 83' lang='lat' dir='ltr'><strong>Pichenae</strong></span> <span class='ocrx_word' id='word_1_367' title='bbox 1629 2738 1864 2780; x_wconf 80' lang='lat' dir='ltr'><strong>ediderunt</strong></span> <span class='ocrx_word' id='word_1_368' title='bbox 1902 2753 2054 2782; x_wconf 75' lang='lat' dir='ltr'><strong>secre-</strong></span> 
     </span>
     <span class='ocr_line' id='line_1_71' title="bbox 1165 2794 2054 2852; baseline 0.004 -14"><span class='ocrx_word' id='word_1_369' title='bbox 1165 2799 1293 2839; x_wconf 83' lang='lat' dir='ltr'><strong>tiora</strong></span> <span class='ocrx_word' id='word_1_370' title='bbox 1321 2803 1610 2846; x_wconf 69' lang='lat' dir='ltr'><strong>castrorum,</strong></span> <span class='ocrx_word' id='word_1_371' title='bbox 1642 2794 1745 2852; x_wconf 76' lang='lat' dir='ltr'><strong>quia</strong></span> <span class='ocrx_word' id='word_1_372' title='bbox 1770 2795 1906 2838; x_wconf 72' lang='lat' dir='ltr'><strong>MSS.</strong></span> <span class='ocrx_word' id='word_1_373' title='bbox 1933 2797 1969 2840; x_wconf 87' lang='lat' dir='ltr'>F</span> <span class='ocrx_word' id='word_1_374' title='bbox 1972 2798 2054 2842; x_wconf 84' lang='lat' dir='ltr'><strong>lor.</strong></span> 
     </span>
     <span class='ocr_line' id='line_1_72' title="bbox 1164 2851 2053 2909; baseline 0.001 -13"><span class='ocrx_word' id='word_1_375' title='bbox 1164 2855 1280 2909; x_wconf 84' lang='lat' dir='ltr'><strong>(test.</strong></span> <span class='ocrx_word' id='word_1_376' title='bbox 1312 2851 1455 2905; x_wconf 67' lang='lat' dir='ltr'><strong>Pich.)</strong></span> <span class='ocrx_word' id='word_1_377' title='bbox 1485 2852 1598 2895; x_wconf 86' lang='lat' dir='ltr'><strong>Bud.</strong></span> <span class='ocrx_word' id='word_1_378' title='bbox 1626 2853 1766 2896; x_wconf 74' lang='lat' dir='ltr'><strong>Corl).</strong></span> <span class='ocrx_word' id='word_1_379' title='bbox 1795 2851 1947 2895; x_wconf 82' lang='lat' dir='ltr'><strong>ferunt</strong></span> <span class='ocrx_word' id='word_1_380' title='bbox 1978 2869 2053 2897; x_wconf 84' lang='lat' dir='ltr'><strong>se-</strong></span> 
     </span>
     <span class='ocr_line' id='line_1_73' title="bbox 1162 2910 2053 2968; baseline 0.001 -14"><span class='ocrx_word' id='word_1_381' title='bbox 1162 2919 1395 2954; x_wconf 81' lang='lat' dir='ltr'><strong>cretorum</strong></span> <span class='ocrx_word' id='word_1_382' title='bbox 1417 2918 1682 2954; x_wconf 76' lang='lat' dir='ltr'><strong>castrorum</strong></span> <span class='ocrx_word' id='word_1_383' title='bbox 1696 2940 1708 2959; x_wconf 89' lang='lat'>,</span> <span class='ocrx_word' id='word_1_384' title='bbox 1738 2911 1837 2954; x_wconf 87' lang='lat' dir='ltr'><strong>MS.</strong></span> <span class='ocrx_word' id='word_1_385' title='bbox 1849 2910 1956 2968; x_wconf 58' lang='lat' dir='ltr'><strong>Bag.</strong></span> <span class='ocrx_word' id='word_1_386' title='bbox 1979 2927 2053 2955; x_wconf 82' lang='lat' dir='ltr'><strong>se·-</strong></span> 
     </span>
     <span class='ocr_line' id='line_1_74' title="bbox 1161 2967 2054 3024; baseline 0.002 -13"><span class='ocrx_word' id='word_1_387' title='bbox 1161 2975 1391 3011; x_wconf 77' lang='lat' dir='ltr'><strong>cretorum</strong></span> <span class='ocrx_word' id='word_1_388' title='bbox 1417 2967 1620 3024; x_wconf 81' lang='lat' dir='ltr'><strong>neglecto</strong></span> <span class='ocrx_word' id='word_1_389' title='bbox 1648 2967 1787 3012; x_wconf 84' lang='lat' dir='ltr'><strong>altero</strong></span> <span class='ocrx_word' id='word_1_390' title='bbox 1813 2969 2054 3014; x_wconf 82' lang='lat' dir='ltr'><strong>vocabulo.</strong></span> 
     </span>
     <span class='ocr_line' id='line_1_75' title="bbox 1162 3023 2051 3083; baseline 0.001 -14"><span class='ocrx_word' id='word_1_391' title='bbox 1162 3025 1250 3069; x_wconf 81' lang='lat' dir='ltr'><strong>Sed</strong></span> <span class='ocrx_word' id='word_1_392' title='bbox 1286 3041 1379 3069; x_wconf 85' lang='lat' dir='ltr'><strong>non</strong></span> <span class='ocrx_word' id='word_1_393' title='bbox 1412 3025 1545 3070; x_wconf 85' lang='lat' dir='ltr'><strong>video</strong></span> <span class='ocrx_word' id='word_1_394' title='bbox 1588 3025 1694 3083; x_wconf 84' lang='lat' dir='ltr'><strong>quid</strong></span> <span class='ocrx_word' id='word_1_395' title='bbox 1725 3023 1890 3068; x_wconf 77' lang='lat' dir='ltr'><strong>efficiat</strong></span> <span class='ocrx_word' id='word_1_396' title='bbox 1923 3033 2051 3070; x_wconf 66' lang='lat' dir='ltr'><strong>com·</strong></span> 
     </span>
     <span class='ocr_line' id='line_1_76' title="bbox 1160 3080 2051 3141; baseline 0.003 -16"><span class='ocrx_word' id='word_1_397' title='bbox 1160 3082 1386 3141; x_wconf 72' lang='lat' dir='ltr'><strong>parativus</strong></span> <span class='ocrx_word' id='word_1_398' title='bbox 1412 3082 1459 3125; x_wconf 89' lang='lat' dir='ltr'><strong>in</strong></span> <span class='ocrx_word' id='word_1_399' title='bbox 1495 3081 1576 3125; x_wconf 85' lang='lat' dir='ltr'><strong>hac</strong></span> <span class='ocrx_word' id='word_1_400' title='bbox 1604 3099 1667 3127; x_wconf 88' lang='lat' dir='ltr'><strong>re.</strong></span> <span class='ocrx_word' id='word_1_401' title='bbox 1728 3080 1904 3138; x_wconf 82' lang='lat' dir='ltr'><strong>Quodsi</strong></span> <span class='ocrx_word' id='word_1_402' title='bbox 1938 3083 2051 3128; x_wconf 79' lang='lat' dir='ltr'><strong>velis</strong></span> 
     </span>
     <span class='ocr_line' id='line_1_77' title="bbox 1159 3139 2050 3197; baseline 0 -14"><span class='ocrx_word' id='word_1_403' title='bbox 1159 3139 1324 3197; x_wconf 82' lang='lat' dir='ltr'><strong>aliquid</strong></span> <span class='ocrx_word' id='word_1_404' title='bbox 1378 3141 1543 3197; x_wconf 80' lang='lat' dir='ltr'><strong>fingere</strong></span> <span class='ocrx_word' id='word_1_405' title='bbox 1588 3140 1674 3182; x_wconf 80' lang='lat' dir='ltr'><strong>illis</strong></span> <span class='ocrx_word' id='word_1_406' title='bbox 1718 3139 1840 3182; x_wconf 80' lang='lat' dir='ltr'><strong>libris</strong></span> <span class='ocrx_word' id='word_1_407' title='bbox 1891 3140 2050 3193; x_wconf 73' lang='lat' dir='ltr'><strong>simile,</strong></span> 
     </span>
     <span class='ocr_line' id='line_1_78' title="bbox 1160 3194 2051 3263; baseline 0 -23"><span class='ocrx_word' id='word_1_408' title='bbox 1160 3213 1264 3240; x_wconf 81' lang='lat' dir='ltr'><strong>cum</strong></span> <span class='ocrx_word' id='word_1_409' title='bbox 1294 3196 1467 3254; x_wconf 78' lang='lat' dir='ltr'><strong>Ryckio</strong></span> <span class='ocrx_word' id='word_1_410' title='bbox 1499 3211 1522 3239; x_wconf 91' lang='lat' dir='ltr'><strong>e</strong></span> <span class='ocrx_word' id='word_1_411' title='bbox 1556 3197 1654 3240; x_wconf 74' lang='lat' dir='ltr'><strong>MS.</strong></span> <span class='ocrx_word' id='word_1_412' title='bbox 1678 3195 1786 3253; x_wconf 80' lang='lat' dir='ltr'><strong>Agr.</strong></span> <span class='ocrx_word' id='word_1_413' title='bbox 1821 3194 1940 3263; x_wconf 76' lang='lat' dir='ltr'><strong>legas</strong></span> <span class='ocrx_word' id='word_1_414' title='bbox 1970 3212 2051 3240; x_wconf 81' lang='lat' dir='ltr'><strong>se-</strong></span> 
     </span>
     <span class='ocr_line' id='line_1_79' title="bbox 1159 3252 2048 3312; baseline 0 -15"><span class='ocrx_word' id='word_1_415' title='bbox 1159 3262 1334 3297; x_wconf 79' lang='lat' dir='ltr'><strong>cretum</strong></span> <span class='ocrx_word' id='word_1_416' title='bbox 1357 3261 1644 3305; x_wconf 74' lang='lat' dir='ltr'><strong>castrorum,</strong></span> <span class='ocrx_word' id='word_1_417' title='bbox 1678 3254 1799 3312; x_wconf 91' lang='lat' dir='ltr'><strong>quod</strong></span> <span class='ocrx_word' id='word_1_418' title='bbox 1822 3260 1952 3297; x_wconf 67' lang='lat' dir='ltr'><strong>etnam</strong></span> <span class='ocrx_word' id='word_1_419' title='bbox 1977 3252 2048 3298; x_wconf 88' lang='lat' dir='ltr'><strong>Pi·</strong></span> 
     </span>
     <span class='ocr_line' id='line_1_80' title="bbox 1158 3311 2050 3368; baseline -0.001 -14"><span class='ocrx_word' id='word_1_420' title='bbox 1158 3311 1296 3354; x_wconf 85' lang='lat' dir='ltr'><strong>chena</strong></span> <span class='ocrx_word' id='word_1_421' title='bbox 1333 3327 1435 3354; x_wconf 89' lang='lat' dir='ltr'><strong>eum</strong></span> <span class='ocrx_word' id='word_1_422' title='bbox 1467 3311 1613 3368; x_wconf 81' lang='lat' dir='ltr'><strong>Lipsio</strong></span> <span class='ocrx_word' id='word_1_423' title='bbox 1647 3311 1907 3354; x_wconf 80' lang='lat' dir='ltr'><strong>suadebant.</strong></span> <span class='ocrx_word' id='word_1_424' title='bbox 1967 3311 2050 3355; x_wconf 88' lang='lat' dir='ltr'><strong>Ce-</strong></span> 
     </span>
     <span class='ocr_line' id='line_1_81' title="bbox 1159 3367 2046 3426; baseline 0 -14"><span class='ocrx_word' id='word_1_425' title='bbox 1159 3379 1302 3413; x_wconf 85' lang='lat' dir='ltr'><strong>terum</strong></span> <span class='ocrx_word' id='word_1_426' title='bbox 1338 3375 1516 3410; x_wconf 80' lang='lat' dir='ltr'><strong>secreta</strong></span> <span class='ocrx_word' id='word_1_427' title='bbox 1551 3377 1813 3412; x_wconf 81' lang='lat' dir='ltr'><strong>castrorum</strong></span> <span class='ocrx_word' id='word_1_428' title='bbox 1847 3367 2046 3426; x_wconf 67' lang='lat' dir='ltr'><strong>intellige</strong></span> 
     </span>
    </p>
   </div>
   <div class='ocr_carea' id='block_1_20' title="bbox 1084 3421 2046 3482">
    <p class='ocr_par' dir='ltr' id='par_1_21' title="bbox 1084 3421 2046 3482">
     <span class='ocr_line' id='line_1_82' title="bbox 1084 3421 2046 3482; baseline 0.002 -13"><span class='ocrx_word' id='word_1_429' title='bbox 1084 3421 1086 3426; x_wconf 32' lang='lat'>⁸</span> <span class='ocrx_word' id='word_1_430' title='bbox 1158 3433 1348 3469; x_wconf 84' lang='lat' dir='ltr'><strong>secretas</strong></span> <span class='ocrx_word' id='word_1_431' title='bbox 1368 3442 1495 3468; x_wconf 82' lang='lat' dir='ltr'><strong>curas</strong></span> <span class='ocrx_word' id='word_1_432' title='bbox 1526 3424 1578 3468; x_wconf 87' lang='lat' dir='ltr'><strong>ad</strong></span> <span class='ocrx_word' id='word_1_433' title='bbox 1611 3433 1752 3469; x_wconf 66' lang='lat' dir='ltr'><strong>castra</strong></span> <span class='ocrx_word' id='word_1_434' title='bbox 1773 3424 2046 3482; x_wconf 76' lang='lat' dir='ltr'><strong>pertinentes</strong></span> 
     </span>
    </p>
   </div>
   <div class='ocr_carea' id='block_1_21' title="bbox 1156 3481 2075 3640">
    <p class='ocr_par' dir='ltr' id='par_1_22' title="bbox 1156 3481 2075 3640">
     <span class='ocr_line' id='line_1_83' title="bbox 1159 3481 2075 3540; baseline 0.002 -17"><span class='ocrx_word' id='word_1_435' title='bbox 1159 3492 1201 3525; x_wconf 76' lang='lat' dir='ltr'><strong>ot</strong></span> <span class='ocrx_word' id='word_1_436' title='bbox 1230 3498 1442 3540; x_wconf 78' lang='lat' dir='ltr'><strong>compara</strong></span> <span class='ocrx_word' id='word_1_437' title='bbox 1474 3497 1657 3524; x_wconf 78' lang='lat' dir='ltr'><strong>arcuna</strong></span> <span class='ocrx_word' id='word_1_438' title='bbox 1685 3481 1872 3536; x_wconf 74' lang='lat' dir='ltr'><strong>imperii</strong></span> <span class='ocrx_word' id='word_1_439' title='bbox 1891 3481 1983 3526; x_wconf 84' lang='lat' dir='ltr'><strong>An.</strong></span> <span class='ocrx_word' id='word_1_440' title='bbox 2003 3483 2075 3540; x_wconf 60' lang='grc'><strong>2,.</strong></span> 
     </span>
     <span class='ocr_line' id='line_1_84' title="bbox 1156 3539 2046 3640; baseline 0.002 -58"><span class='ocrx_word' id='word_1_441' title='bbox 1156 3539 1253 3640; x_wconf 41' lang='lat' dir='ltr'><strong>gg&amp;</strong></span> <span class='ocrx_word' id='word_1_442' title='bbox 1301 3540 1637 3583; x_wconf 50' lang='lat' dir='ltr'><strong>dominationi*</strong></span> <span class='ocrx_word' id='word_1_443' title='bbox 1669 3552 1851 3582; x_wconf 79' lang='lat' dir='ltr'><strong>arcana</strong></span> <span class='ocrx_word' id='word_1_444' title='bbox 1881 3539 1970 3583; x_wconf 86' lang='lat' dir='ltr'><strong>An.</strong></span> <span class='ocrx_word' id='word_1_445' title='bbox 2002 3541 2046 3591; x_wconf 71' lang='grc' dir='ltr'><strong>Ξ,</strong></span> 
     </span>
    </p>
   </div>
  </div>
 </body>
</html>
