2138 4030
240 275 363 345 372
487 237 491 240 ’
802 274 1527 340 Hls'ronlARUM
1698 250 2003 356 ’ψέξῃ

232 400 318 470 ἠε
343 410 655 470 ambitioni
682 421 783 468 aut
805 406 1132 466 inimicitiis
1160 408 1325 478 locus
1349 409 1518 469 foret.
1605 403 1774 466 Nihil
1810 409 2088 481 evenisse,

246 518 350 556 cur
385 497 710 574 antiquitus
742 493 1428 552 instituta-exolescerent
1453 506 1557 551 aut
1579 493 1866 571 principis
1893 490 2088 552 honor

245 585 310 640 in
339 582 684 659 cuiusquam
709 578 1128 638 contumeliam
1161 590 1503 637 verteretur.
1590 579 1851 636 sufficere
1883 600 2088 637 omnes

244 669 547 745 obsequio.
633 667 698 722 id
737 663 922 738 magis
957 663 1297 734 vitandum,
1352 683 1427 720 ne
1460 664 1787 740 pervicacia
1821 674 2087 741 quorun-

224 756 382 812 -dam
420 752 761 810 inritaretur
788 749 1040 806 *animus
1084 768 1242 805 novo
1287 749 1624 826 principatu
1671 759 1984 826 suspensus
2032 761 2089 806 et

241 840 440 898 vnlt‘us
464 856 697 915 quoque
721 854 786 891 ac
812 853 1107 891 sermones
1132 833 1403 891 omnium
1425 835 1927 911 circumspectans,
2013 833 2089 892 Se

241 924 577 981 meminisse
603 932 967 995 temporum,
1022 919 1238 996 quibus
1263 929 1436 976 natus
1469 920 1575 989 sit,
1627 940 1805 997 quam
1839 920 2090 977 civitatis

240 1011 492 1067 formam
545 1016 740 1082 patres
791 1004 1002 1082 avique
1057 1004 1446 1061 instituerint:
1534 1005 1817 1062 ulteriora
1869 1004 2090 1073 mirari,

239 1091 566 1171 praesentia
591 1089 787 1167 sequi:
828 1089 1019 1148 bonos
1042 1090 1423 1165 imperatores
1445 1101 1581 1147 voto
1609 1101 1902 1166 expetere,
1943 1103 2091 1166 qua-

238 1182 556 1254 lescunque
593 1175 860 1235 tolerare.
945 1173 1084 1233 Non
1119 1174 1304 1249 magis
1339 1194 1442 1232 sua
1476 1173 1742 1231 oratione
1766 1169 2092 1232 Thraseam

223 1283 414 1342 ..quam
449 1260 667 1319 iudicio
707 1272 942 1318 senatus
984 1260 1304 1319 adflictum.
1371 1260 1671 1317 saevitiam
1691 1257 1945 1317 Neronis
1980 1279 2089 1334 per

238 1347 584 1407 huiusmodi
621 1346 906 1419 imagines
943 1345 1234 1405 inlusisse.
1322 1364 1429 1402 nec
1466 1345 1665 1400 minus
1706 1343 1822 1401 sibi
1859 1344 2093 1402 anxiam

236 1435 414 1491 talem
444 1431 761 1488 amicitiam
788 1450 964 1508 quam
988 1430 1120 1487 aliis
1148 1429 1435 1486 exsilium.
1521 1427 1794 1506 Denique
1818 1441 2092 1487 constan-

236 1520 348 1590 tia,
383 1516 732 1575 fortitudine
747 1513 1074 1575 Catonibus
1097 1513 1364 1574 etBrutis
1388 1526 1739 1591 aequaretur
1750 1512 2090 1571 Helvidius:

238 1624 297 1661 se
321 1623 513 1661 unum
538 1621 659 1659 esse
689 1621 756 1658 ex
783 1601 888 1658 illo
927 1613 1165 1670 senatu,
1220 1599 1325 1678 qui
1361 1600 1536 1656 simul
1573 1598 1858 1660 servierit.
1942 1599 2094 1658 Sua-

239 1691 377 1747 dere
411 1688 590 1746 etiam
622 1684 856 1757 Prisco,
909 1706 984 1743 ne
1025 1705 1201 1763 supra
1242 1683 1573 1762 principem
1621 1684 1950 1744 scanderet:
2017 1705 2092 1742 ne

238 1881 378 1927 cellus
403 1881 534 1926 dicit:
576 1895 669 1924 non
703 1895 832 1924 suam
864 1881 1136 1931 sententiam*
1262 1881 1569 1935 quorundam.
1657 1877 1735 1922 Sic
1783 1875 1919 1920 MSS.
1972 1875 2096 1920 Flor-

236 1938 519 1999 impugnaffi,
581 1937 658 1981 sed
712 1945 862 1984 vetera
914 1939 1135 1996 exempla;
1205 1941 1328 1989 (test.
1350 1935 1492 1993 Vict.)
1526 1934 1634 1992 Reg.
1672 1934 1811 1980 Corb.
1846 1934 1962 1979 Bud.
1994 1934 2094 1977 edd.

234 2014 341 2041 nam
362 1992 613 2041 secundum
637 2004 786 2039 vetera
809 1993 1009 2054 exempla
1032 2012 1134 2039 cen·
1205 1995 1324 2053 Spir.
1349 1993 1555 2037 Rhenan.
1579 2008 1678 2051 sqq.
1714 2015 1768 2026 -
1825 1994 2095 2048 cuiusquam

235 2055 374 2098 suisse
407 2053 639 2097 consulem
663 2052 968 2110 designatum,
1008 2053 1133 2096 cuius
1205 2050 1511 2096 MSS.Guelf.
1534 2051 1613 2106 (ibi
1638 2050 1959 2106 quoiusqcmm)
1975 2048 2095 2092 Harl.

236 2112 311 2156 illa
365 2111 421 2154 sit
459 2109 699 2154 sententia.
784 2109 905 2155 Haec
951 2109 1134 2155 Tacitus
1204 2109 1339 2152 Bodl.
1376 2109 1462 2152 Ies.
1497 2108 1600 2152 edd.
1634 2108 1740 2152 Put.
1774 2107 1838 2152 M.
1860 2116 1905 2151 et
1926 2106 1983 2151 V.
2004 2105 2096 2150 Be-

236 2183 366 2212 more
391 2182 473 2211 suo
493 2169 541 2210 in
563 2166 745 2211 brevius
768 2166 1004 2218 contrahit,
1031 2166 1134 2224 quia
1205 2167 1346 2210 roald.
1369 2167 1470 2209 Alc.

237 2243 263 2270 e
291 2224 662 2283 praecedentibus
691 2223 793 2268 satis
827 2231 1002 2267 constat
1024 2238 1133 2267 ean-
1265 2225 1563 2266 inritaretur.
1622 2222 1698 2266 Sic
1719 2221 1821 2275 MS.
1833 2221 1958 2265 Flor.
1979 2222 2096 2276 (test.
2132 2260 2135 2261 γ

237 2282 343 2326 dem
376 2281 574 2327 consulis
608 2280 826 2339 designati
856 2280 994 2324 fuisse
1029 2298 1134 2323 sen-
1207 2281 1347 2336 Vict.)
1380 2288 1423 2322 et
1455 2279 1527 2323 ed.
1559 2278 1678 2337 Spir.
1710 2303 1768 2314 -—-
1827 2281 2096 2322 irritaretur

238 2338 441 2383 tentiam.
484 2338 674 2381 Diversa
695 2337 1046 2396 interpungendi
1067 2355 1134 2382 ra·
1207 2338 1307 2381 Ms,
1337 2335 1489 2380 Guelf.
1517 2337 1620 2379 edd.
1642 2337 1745 2379 Put.
1771 2352 1821 2396 sq
1856 2367 1869 2380 .

236 2396 360 2442 tione
393 2395 535 2439 utitur
566 2392 821 2446 Beklterus,
867 2395 944 2451 qui
978 2394 1134 2440 habet:
1265 2396 1495 2438 omnium.
1585 2394 1687 2439 MS.
1737 2393 1837 2438 Gne
1855 2392 1888 2439 f.
1939 2395 2095 2438 homi-

237 2457 324 2497 sed
373 2454 613 2497 consulem
667 2453 965 2506 designatum
1025 2467 1135 2495 cen-
1203 2468 1333 2496 num.
1935 2490 1941 2503 ‚

236 2512 382 2555 suisse
421 2512 622 2561 dicebat,
673 2512 933 2553 secundum
977 2517 1136 2554 vetera
1262 2523 1312 2553 se
1351 2509 1639 2554 meminisse.
1720 2508 1824 2554 MS.
1866 2507 2005 2554 Corb.
2045 2523 2098 2552 se

239 2570 466 2624 exempla
487 2576 571 2612 etc.
1205 2568 1456 2610 monuisse.
1543 2566 1785 2611 Rhenanus
1843 2582 1937 2609 non
1995 2566 2098 2610 satis

295 2640 355 2668 ne
388 2625 645 2672 ambitioni.
717 2621 820 2669 MS.
856 2622 1009 2671 Guelf.
1054 2641 1136 2670 nee:
1206 2622 1401 2667 feliciter
1460 2623 1734 2668 coniiciebat
1790 2624 2096 2677 meminisset,

239 2683 446 2727 ambitio.
1208 2688 1427 2740 expuncta
1459 2681 1619 2724 vocula
1650 2696 1724 2733 se,
1765 2689 1815 2725 ut
1846 2682 1902 2724 ita
1931 2683 2095 2723 memi-

299 2747 384 2783 aut
416 2740 685 2784 inimicitiis.
740 2739 843 2785 MS.
879 2739 1018 2784 Corb.
1053 2750 1139 2785 out
1208 2740 1348 2781 nisset
1369 2737 1691 2795 intelligeretur
1714 2738 1844 2782 etiam
1878 2738 1934 2781 ad
1967 2738 2098 2781 verba

241 2797 533 2842 inimicitiae:
590 2795 674 2841 Ed.
705 2796 827 2856 Spir.
860 2806 905 2841 et
941 2800 1136 2844 manici-
1211 2795 1437 2839 ulteriora
1463 2796 1646 2839 mirari.

240 2856 344 2909 piis.
1269 2868 1423 2920 quam·
1474 2853 1695 2920 civitatis.
1785 2850 1887 2896 MS.
1946 2825 2097 2896 Guele.

301 2933 384 2967 aut
421 2923 660 2981 principis.
746 2924 849 2969 MS.
892 2924 1046 2970 Guelf.
1088 2935 1140 2969 at
1213 2925 1353 2967 quam
1379 2925 1418 2953 θ’
1444 2913 1626 2978 υῑῖαίζθχ
1927 2960 1933 2965 ,

241 2983 483 3037 principis,
599 3019 605 3024 x
1268 2975 1389 3010 voto.
1447 2966 1531 3009 Ed.
1549 2970 1667 3026 szr.
1694 2975 1819 3012 vota.
1877 2967 1988 3011 Mox
2000 2966 2100 3011 MS.

296 3054 651 3099 'contumeliam‘
727 3051 815 3096 Ed·
852 3051 971 3111 spir·
1015 3053 1139 3097 iniu'
1211 3023 1663 3137 θῗάιξᾷίείἴυιξιῗανέἰε
1695 3082 1795 3126 MS.
1828 3082 1864 3126 F
1866 3080 1953 3124 lor.
1988 3089 2099 3125 teste

245 3125 387 3155 'mm'
481 3182 491 3192 ‚
765 3180 775 3191 ,
1023 3183 1034 3194 ‚
1213 3139 1436 3183 Victorio.
1523 3138 1750 3195 afflictum
1804 3139 1906 3183 MS.
1947 3137 2102 3183 Guelf.

268 3234 269 3238 ,
300 3182 526 3250 ⁰⁶5⁶qust
588 3180 674 3225 Ed·
699 3180 818 3240 SPW·
841 3182 1042 3239 Obseqm·
1213 3196 1315 3240 edd.
1336 3204 1445 3241 vett.
1485 3196 1560 3240 vEt
1585 3196 1657 3240 ed.
1677 3197 1796 3255 Spir.
1820 3197 1990 3255 pergit:
2021 3197 2099 3253 as-

301 3252 564 3295 vitandum.
621 3249 725 3294 Hoc
746 3253 936 3295 verbum
958 3267 1051 3295 non
1074 3261 1140 3296 est
1202 3254 1388 3309 flictum
1405 3268 1495 3305 pet·
1515 3255 1735 3296 semeiam
1755 3255 1951 3298 Neronis
1964 3269 1979 3297 ε
2011 3267 2100 3307 per

245 3310 297 3353 in
336 3307 471 3352 MSS.
513 3306 637 3351 Harl.
681 3307 814 3352 Bodl.
859 3309 941 3353 Ies.
982 3308 1136 3352 Guelf.
1212 3313 1310 3354 eius
1370 3313 1598 3365 imagines
1655 3312 1879 3356 inlusisse.
1965 3309 2099 3354 MSS.

245 3365 362 3411 Bud.
430 3363 619 3408 Addidit
656 3365 852 3409 secunda
894 3382 1052 3411 manus
1090 3367 1137 3409 in
1215 3367 1353 3412 Corb.
1376 3376 1418 3411 et
1439 3368 1550 3427 Agr.
1572 3382 1658 3421 per·
1681 3369 1916 3411 eiusmodi.

245 3438 390 3482 marg.
425 3419 576 3466 Guelf.
620 3429 663 3464 et
695 3421 818 3466 Harl.
899 3423 1138 3468 Rhenanus
1270 3428 1496 3468 inlusisse.
1551 3426 1628 3469 Sic
1656 3424 1789 3468 MSS.
1817 3425 1946 3468 Flor.
1978 3427 2096 3478 (test.

247 3478 432 3526 censuit
462 3479 714 3521 vitandum
759 3496 887 3536 posse
933 3481 1074 3525 intelli
1109 3480 1137 3529 i.
1209 3481 1328 3526 Vict.
1354 3499 1457 3526 cum
1478 3480 1596 3536 aliis)
1621 3482 1799 3525 Fax-nes.
1829 3481 1930 3525 Vat.
1958 3480 2096 3525 Corb.

246 3537 323 3582 cui
361 3534 571 3596 opinioni
607 3534 838 3580 Ernestius
892 3547 1011 3583 recte
1055 3497 1136 3582 ag·
1207 3538 1322 3582 Bud.
1357 3539 1462 3598 Reg.
1501 3538 1650 3583 Guelf.
1691 3539 1812 3583 Harl.
1846 3538 1979 3583 Bodl.
2014 3539 2138 3588 les„a

247 3602 445 3641 versatus
469 3601 550 3638 est.
1206 3595 1305 3640 edd.
1319 3597 1435 3654 Spir.
1461 3595 1579 3666 [ips.
1596 3612 1692 3655 sqq.
1708 3631 1719 3649 ‚
1774 3595 1861 3640 nisi
1886 3594 2079 3654 quodali
