2138 4030
141 56 220 86 „⁴0

154 236 389 319 ᾒ;ἓ·8ξ3·
493 252 499 260 ’
575 238 883 304 L1B.1v.
957 239 1151 303 CAP.
1191 241 1433 306 21.ss2.
1811 246 1928 307 391

164 345 165 349 Ἰ
236 372 400 431 XXI.
486 344 724 440 Civilis,
794 373 1053 431 adventu
1117 383 1526 430 veteranarum
1597 362 1931 433 cohortium

65 461 204 516 iusti
228 460 359 515 'iam
390 457 675 515 exercitus
699 458 939 528 ductor,
976 461 1077 533 sed
1105 458 1338 515 consilii
1365 459 1674 532 ambiguus
1711 471 1767 518 et
1803 463 1925 517 vim

59 542 399 605 Romanam
429 554 710 618 reputans
740 554 981 599 cunctos
1010 545 1112 620 qui
1138 545 1383 600 aderant
1413 544 1477 598 in
1501 546 1677 602 verba
1701 544 1923 621 Vespa-

62 629 212 686 siani
253 629 461 702 adigit:
529 627 825 704 mittitque
860 629 1081 701 legatos
1123 631 1196 685 ad
1240 630 1386 685 duas
1433 629 1719 701 legioneS,
1774 653 1923 707 quae

61 715 258 790 priore
287 715 409 771 acie
434 713 635 789 pulsae
659 713 723 768 in
742 711 954 769 Vetera
980 725 1164 770 castra
1193 722 1625 783 concesserant,
1672 727 1739 773 ut
1764 716 1920 774 idem

62 811 489 868 sacramentum
537 798 884 872 acciperent.
970 797 1269 856 Redditur
1307 810 1688 874 responsum,
1731 821 1921 877 neque

60 885 381 960 proditoris
416 903 607 960 neque
642 879 903 940 hostium
933 903 993 939 se
1021 878 1283 940 consiliis
1306 885 1413 943 uti.
1497 882 1644 940 Esse
1668 885 1782 942 sibi
1809 885 1918 941 vi-

7 996 15 999 ·
57 970 287 1028 tellium
342 967 697 1044 principem,
763 989 871 1043 pro
927 989 1044 1044 quo
1092 970 1268 1025 fidem
1310 978 1376 1027 et'
1411 989 1571 1026 arma
1617 989 1802 1047 usque
1844 973 1917 1027 ad

58 1074 396 1130 supremum
433 1054 706 1129 spiritum
745 1064 1094 1112 retenturos,
1181 1054 1434 1129 proinde
1470 1056 1711 1130 perfuga
1741 1053 1920 1111 Bata-

55 1160 164 1196 vus
193 1140 482 1198 arbitrum
509 1160 708 1196 rerum
735 1138 1143 1197 Romanarum
1172 1159 1247 1194 ne
1283 1151 1507 1212 ageret,
1551 1141 1914 1196 sed'meritas

57 1225 286 1281 sceleris
326 1245 544 1300 poenas
582 1235 952 1299 exspectaret.
1041 1222 1209 1296 Quae
1232 1225 1337 1281 ubi
1369 1226 1550 1281 relata
1565 1222 1784 1294 Civili,
1820 1226 1912 1280 in-

57 1330 262 1366 census
298 1310 384 1366 ira
420 1310 758 1367 universam
781 1307 1142 1365 Batavorum
1172 1321 1404 1383 gentem
1446 1310 1510 1365 in
1547 1330 1705 1365 arma
1740 1311 1912 1385 rapit.

58 1393 392 1468 Iunguntur
431 1393 701 1451 Bructeri
740 1393 1134 1470 Tencterique
1173 1406 1230 1451 et
1273 1396 1453 1452 excita
1491 1395 1717 1452 nuntiis
1758 1393 1913 1452 Ger-

54 1480 247 1535 mania
277 1481 351 1536 ad
375 1481 652 1555 praedam
677 1480 1031 1555 famamque.
1818 1475 1822 1478 Δ

222 1589 418 1650 ΧΧΠ.
504 1585 804 1647 Adversus
845 1586 949 1646 has
985 1592 1387 1649 concurrentis
1422 1591 1565 1648 belli
1602 1591 1789 1647 minas
1826 1592 1909 1648 le-
1953 1607 1955 1609 ’

50 1676 169 1749 gati
216 1677 518 1749 legionum
559 1674 890 1731 Mummius
927 1673 1231 1751 Lupercus
1278 1688 1335 1733 et
1367 1676 1673 1734 Numisius
1715 1675 1914 1735 Rufus*

52 1762 273 1818 vallum
332 1776 652 1838 murosque
705 1761 1036 1821 firmabant.

107 2025 213 2070 CAP.
244 2026 314 2070 21.

398 2026 514 2069 iusti
553 2027 653 2069 iam
702 2027 942 2070 exercitus
1016 2043 1254 2084 operarum
1293 2042 1385 2070 esse
1418 2034 1558 2093 putat.

1159 1763 1435 1819 subversa
1490 1763 1698 1836 longae
1751 1763 1910 1839 pacis

1645 2025 1762 2071 Voc.
1795 2030 1901 2071 uni-

49 2087 221 2126 ductor.
282 2083 383 2127 MS.
400 2084 510 2142 Agr.
535 2093 577 2126 et
595 2083 663 2127 ed.
688 2083 807 2141 Spir.
834 2085 948 2127 iusti
1016 2099 1205 2127 versam
1231 2101 1322 2126 non
1348 2083 1506 2141 legitur
1530 2084 1574 2126 iu
1599 2085 1700 2128 MS.
1721 2086 1835 2129 Bud.

46 2142 281 2183 exercitus
323 2143 420 2182 iam
459 2145 639 2183 ductor.
730 2141 811 2183 Ed.
848 2142 937 2184 Be-

46 2197 191 2241 roald.
238 2214 320 2256 pro
358 2201 520 2240 ductor
558 2197 731 2240 exhibet
766 2202 940 2251 doctor,

46 2254 168 2312 quod
197 2255 350 2298 vitium
371 2254 597 2299 Victorius
616 2255 663 2297 in
688 2272 770 2299 suo
795 2272 938 2299 exem·

48 2311 158 2370 plari
194 2313 385 2356 correxit
417 2329 441 2355 e
470 2313 573 2355 cod.
600 2313 751 2366 Flmu,
784 2323 833 2357 ut
864 2314 936 2359 vi-

47 2369 195 2412 detur.
616 2415 618 2417 .

103 2428 263 2479 adigit.
322 2427 427 2470 MS.
451 2425 560 2485 Agr.
585 2429 766 2482 adogit.

100 2500 164 2539 ud
194 2502 314 2540 duas
346 2498 561 2552 legiones.
596 2527 599 2536 ·
640 2498 743 2541 MS.
781 2496 934 2540 Guelf.

44 2558 109 2596 od
141 2569 255 2597 suus
297 2557 519 2608 legiones.
563 2578 617 2588 —
691 2554 800 2598 Mox
832 2552 932 2597 MS.

44 2611 155 2668 Agr.
189 2620 231 2653 et
268 2611 338 2655 ed.
363 2611 477 2670 Spir.
509 2627 654 2668 neque
676 2613 935 2667 proditoris

42 2669 254 2712 consiliis-—
266 2685 412 2726 neque
434 2672 634 2712 hostium
658 2685 709 2712 se
735 2670 818 2712 uti.

43 2739 313 2840 Hpffrsggafi
361 2739 458 2839 BSig
484 2738 617 2839 MgS.
642 2738 931 2839 Reg.(i7r{1}ilelf.

44 2813 134 2896 Αΐιῖ
155 2813 343 2911 ἐψὶἶτὲ
382 2799 614 2909 siler-fuZuqe'
632 2800 672 2898 ebt
691 2812 930 2897 (JV-punga:

44 2911 248 2954 Beroald.
274 2912 398 2964 (eum
424 2910 827 2967 sil.Vie1.)Alciat.

98 2982 348 3025 arbitrum.
405 2979 481 3024 Sic
502 2981 602 3024 MS.
628 2981 761 3025 Bodl.
796 2987 837 3038 (a
865 2998 926 3024 se·

44 3037 188 3081 cunda
223 3041 375 3094 manu)
417 3037 516 3080 edd.
553 3037 656 3081 Pun.
695 3039 764 3081 M.
798 3048 840 3082 et
869 3038 926 3080 V.

42 3093 248 3137 Beroald.
275 3095 394 3149 (cum
418 3094 566 3138 silent.
583 3095 715 3151 vict.)
740 3113 840 3155 sqq.
873 3121 929 3128 —

42 3152 293 3194 arbitrium
326 3150 461 3196 MSS.
501 3151 624 3196 Flor.
670 3154 797 3207 (test.
838 3155 926 3196 lac.

42 3207 271 3265 Gronov.)
306 3208 410 3265 Reg.
449 3208 590 3252 Corb.
623 3208 775 3253 Guelf.
799 3210 932 3253 Bodl.

38 3265 153 3309 Bud.
180 3266 421 3324 edd-‚Spita
443 3265 632 3310 Emesa·
700 3266 788 3310 Sed
819 3267 930 3310 Bro-

39 3331 120 3366 ter.
167 3322 440 3366 Lassemand.
485 3322 666 3381 Bipont.
718 3323 928 3368 oberlin.

38 3395 135 3438 sqq.
173 3380 373 3424 maluere
407 3381 653 3424 arbitrum.
728 3380 926 3424 Utrum-

40 3451 125 3494 que
147 3435 279 3480 latine
303 3435 486 3480 dicitur.
547 3437 605 3482 ef.
626 3438 713 3482 An.
738 3438 803 3487 13,
830 3440 897 3482 14.

95 3521 212 3558 quae
232 3509 319 3551 ubi.
379 3506 492 3550 Edd.
519 3506 730 3551 Beroald.
757 3516 800 3551 et
822 3509 921 3552 Alc.

40 3563 200 3618 quippe
228 3565 321 3613 ubi,
357 3564 479 3622 quod
504 3564 736 3609 Ernestius
762 3564 925 3611 vitium

1071 2170 1293 2212 Bructeri
1302 2167 1611 2223 Tencterique.
1648 2168 1824 2213 MS.Gu
1831 2169 1870 2212 el
1879 2172 1903 2214 ff.

1010 2227 1252 2269 Bructerii
1282 2226 1596 2282 Tencterique.
1667 2225 1750 2271 Ed.
1783 2227 1902 2284 Spir-

1012 2285 1138 2325 bruti
1153 2283 1430 2338 tenterique.

1068 2367 1179 2410 CAP.
1202 2367 1273 2408 22.
1334 2369 1651 2410 concurrentis
1675 2368 1789 2409 belli
1809 2369 1898 2410 mi-

1006 2440 1108 2467 nos.
1166 2422 1364 2480 Ryckius
1384 2429 1697 2467 concurrentis
1716 2424 1901 2481 explicat

1005 2481 1164 2533 „simul
1183 2481 1475 2536 ingruentis.”
1518 2481 1771 2524 Ernestius:
1793 2498 1901 2533 „un-

1006 2538 1142 2596 dique
1178 2537 1476 2592 ingruentis„
1537 2537 1594 2583 cf.
1624 2538 1719 2583 Cic.
1749 2555 1819 2596 ep.
1845 2539 1899 2583 ad

1006 2595 1092 2637 div.
1114 2594 1154 2645 7,
1173 2592 1242 2636 33.
1263 2609 1512 2638 concursus
1533 2597 1898 2649 occupationum.

1006 2650 1238 2709 Bipontini
1268 2656 1578 2695 concurrentis
1603 2653 1828 2711 accipiunt
1851 2654 1898 2696 in

1005 2709 1261 2753 accusativo
1287 2710 1479 2766 positum
1501 2718 1764 2766 mutantque
1784 2718 1899 2752 con-2

1004 2773 1270 2815 currentes,
1303 2767 1521 2822 probante
1537 2766 1785 2818 Oberlino,
1817 2768 1892 2825 qui

1003 2832 1154 2866 tamen
1198 2823 1399 2880 reposuit
1439 2833 1631 2866 veterem
1680 2824 1892 2869 for-mam.

1004 2880 1215 2925 Ceterum
1243 2880 1345 2922 MS.
1359 2879 1510 2924 Guelf.
1539 2881 1770 2940 edd.Spir.
1791 2882 1891 2926 Put.

1001 2938 1069 2978 M.
1103 2946 1145 2980 et
1165 2936 1222 2980 V.
1262 2937 1466 2982 Beroald.
1499 2939 1620 2992 (cum
1655 2940 1722 2981 sil.
1757 2938 1892 2995 Vici.)

1002 2993 1162 3038 Aleiat.
1199 3010 1301 3036 eum
1330 3003 1483 3037 tene-nt
1508 2997 1743 3039 verborum
1775 2997 1891 3040 ordi·

999 3052 1628 3152 ”fffflsse2¹53¹¹15155n53³¹ffi¹5
1661 3127 1681 3152 s
1700 3053 1896 3153 ”⁵²23ss

1001 3125 1337 3210 (doncurrcntis.
1498 3141 1507 3151 ·
1627 3141 1637 3154 ⁹
1685 3126 1761 3169 qq·

1058 3248 1330 3292 Mummius.
1423 3249 1545 3294 Libri
1587 3250 1783 3301 variant,
1825 3250 1885 3292 uti

1002 3323 1041 3350 c.
1070 3307 1165 3355 18..
1207 3307 1290 3349 nisi
1321 3307 1442 3365 quod
1478 3308 1550 3352 ed.
1578 3308 1700 3365 Spir.
1722 3307 1794 3352 hic
1814 3306 1885 3349 ha-

999 3364 1075 3406 bet
1106 3364 1294 3406 Munius
1334 3374 1382 3408 ut
1421 3364 1555 3410 MSS.
1591 3364 1714 3408 Fior.
1759 3364 1885 3418 (test.

1001 3419 1139 3475 vict.)
1165 3430 1207 3465 et
1230 3420 1382 3466 Guelf.

1052 3510 1294 3552 Numisius
1307 3510 1474 3566 Rufus.
1534 3509 1615 3555 Ed.
1638 3509 1755 3569 Spir.
1779 3511 1891 3554 Mu-·

996 3567 1143 3610 nisius
1162 3568 1330 3622 ruffus.
