2138 4030
197 192 251 228 A.
272 191 422 227 U.823.

199 238 249 272 A.
271 234 318 272 C.
363 236 426 272 70·

624 191 812 252 ·LIB.
855 193 925 253 l..
985 188 1182 253 CAP.
1213 195 1314 254 22.
1349 199 1451 257 23.
1895 202 1975 259 39

281 322 477 384 XXII.
543 321 680 379 Non
719 333 842 379 erat
867 317 1131 389 Othonis
1165 323 1362 378 mollis
1397 335 1454 380 et
1490 330 1724 402 corpori
1760 330 1972 388 similis

112 413 361 473 animus,
457 419 516 465 et
548 406 752 463 intimi
788 406 1143 464 libertorum
1180 424 1618 485 servorumque·
1640 415 1971 491 corruptius

111 518 290 577 quam
331 496 397 551 in
437 493 665 569 privata
708 492 884 548 domo
933 488 1125 549 habiti
1161 493 1359 549 aulam
1395 491 1652 550 Neronis
1689 510 1744 555 et
1779 500 1967 572 luXUS,

109 580 426 648 adulteria,
491 576 870 634 matrimonia
923 587 1259 653 ceterasque
1314 597 1634 651 regnorum
1688 582 1968 643 libidines

110 669 284 726 avido
318 664 555 733 talium,
600 662 650 718 si
677 662 946 732 auderet,
988 673 1056 719 ut
1084 681 1188 719 sua
1215 673 1601 735 ostentanteS,
1645 667 1967 742 quiescenti

106 766 176 811 ut
201 751 393 809 aliena
425 747 886 825 exprobrabant,
926 747 1276 821 urgentibus
1314 747 1490 806 etiam
1521 744 1965 826 mathematiciS,

33 901 47 904 ‚v
106 840 252 896 dum
284 833 471 892 novos
502 845 698 890 motus
721 843 778 889 et
799 831 1025 888 clarum
1047 828 1283 889 Othoni
1305 853 1529 891 annum
1555 835 1963 897 observatione

26 903 28 905 ι
107 925 367 981 siderum
398 919 738 987 adfirmant,
778 935 961 990 genus
985 913 1300 974 hominum
1322 920 1665 993 potentibus
1689 921 1963 995 infidum,

105 1006 475 1085 sperantibus
514 1004 723 1073 fallax,
762 1003 922 1079 quod
959 1002 1024 1057 in
1065 1002 1298 1060 civitate
1340 1015 1542 1062 nostra
1579 1016 1637 1063 et
1670 1008 1965 1066 vetabitur

35 1128 40 1134 ·
108 1111 335 1168 semper
361 1101 418 1148 et
441 1088 810 1148 retinebitur.
897 1084 1124 1146 Multos
1151 1099 1368 1146 secreta
1389 1087 1697 1165 Poppaeae
1729 1089 1962 1150 mathe-

102 1178 376 1245 maticOS,
438 1174 758 1249 pessimum
800 1171 1146 1248 principalis
1193 1174 1562 1231 matrimonii
1599 1176 1963 1235 instrumen-
2020 1243 2026 1254 Ι

104 1276 260 1332 tum,
301 1257 658 1327 habuerant,
701 1275 732 1312 e
757 1256 974 1333 quibus
992 1255 1366 1315 Ptolemaeus
1392 1255 1628 1317 Othoni
1653 1262 1719 1317 in
1740 1259 1960 1339 Hispa-

104 1349 206 1404 nia
245 1363 464 1413 comeS,
507 1363 641 1400 cum
678 1342 1123 1417 superfuturum
1161 1363 1295 1399 eum
1321 1342 1546 1402 Neroni
1578 1348 1960 1422 promisisset,

101 1443 412 1508 postquam
458 1448 527 1484 ex
572 1438 787 1484 eventu
828 1427 1001 1497 fides,
1065 1428 1400 1486 coniectura
1448 1430 1568 1487 iam
1618 1443 1675 1489 et
1720 1454 1960 1513 rumore

103 1517 333 1575 senium
355 1512 583 1571 Galbae
612 1524 669 1570 et
692 1513 995 1570 iuventam
1022 1508 1286 1570 Othonis
1319 1517 1788 1590 computantium
1827 1539 1960 1593 per-
2020 1576 2023 1578 ,

100 1611 355 1660 suaserat
400 1600 526 1656 fore
568 1610 637 1655 ut
670 1598 736 1653 in
768 1597 1086 1672 imperium
1119 1599 1552 1661 adscisceretur.
1651 1602 1753 1658 sed
1791 1600 1958 1679 Otho

99 1700 382 1763 tanquam
408 1683 618 1758 peritia
645 1694 701 1739 et
727 1683 962 1739 monitu
996 1684 1255 1741 fatorum
1288 1686 1585 1760 praedicta
1620 1687 1958 1762 accipiebat,

99 1771 377 1848 cupidine
399 1769 627 1842 ingenii
649 1764 900 1824 humani
921 1768 1205 1824 libentius
1234 1770 1482 1827 obscura
1510 1773 1805 1832 credendi.

267 1878 498 1939 XXIII.
573 1875 696 1935 Nec
742 1879 942 1935 deerat
988 1876 1389 1952 PtolemaeuS,
1454 1882 1574 1939 iam
1623 1895 1682 1941 et
1723 1886 1957 1942 sceleris

99 1968 437 2035 instinctor,
479 1964 555 2021 ad
585 1964 746 2038 quod
770 1963 1048 2020 facillime
1073 1965 1149 2023 ab
1170 1965 1459 2024 eiusmodi
1491 1979 1630 2027 voto
1653 1971 1953 2031 transitur.

1057 2220 1215 2265 Guelf.
1255 2223 1558 2268 ptholomeus
1612 2225 1687 2270 hic
1730 2234 1773 2269 et
1816 2205 1950 2271 infra.

1054 2279 1171 2324 Edd.
1194 2280 1297 2325 Put.
1316 2282 1386 2324 M.
1413 2291 1456 2325 et
1482 2283 1538 2326 V.
1562 2284 1849 2328 Ptolomeus.

153 2224 265 2267 CAP.
292 2222 365 2266 22.
423 2221 609 2264 similis.
667 2218 750 2262 Ed.
771 2219 890 2278 Spir.
918 2221 977 2263 si-

94 2284 208 2327 mul.
265 2281 358 2324 Pro
385 2279 568 2334 corpori
586 2277 688 2321 MS.
714 2277 852 2322 Corb.
879 2292 986 2321 cor-

56 2378 58 2382 ,
92 2339 243 2396 poris.
1112 2364 1160 2406 in
1182 2364 1442 2419 imperium.
1492 2367 1578 2412 Ed.
1595 2367 1711 2426 Spir.
1733 2384 1838 2414 cum
1851 2367 1952 2412 MS.

152 2419 477 2465 matrimonia.
562 2417 672 2461 Scil.
716 2435 799 2477 pro
837 2419 985 2463 lubitu

93 2481 203 2523 inita
225 2487 299 2522 aut
319 2492 500 2520 rursum
525 2476 721 2522 discissa.
781 2478 839 2521 cf.
861 2479 986 2522 Suet.

95 2537 190 2581 Cat:
216 2535 338 2579 e.25.
395 2533 620 2576 MS.Bud.
641 2536 862 2578 adultera
883 2552 983 2578 ma-

94 2594 345 2643 trimonia,
378 2591 442 2634 uli
464 2591 637 2648 Lipsius
669 2591 865 2635 volebat.
946 2593 981 2637 I.

93 2653 169 2696 Fr.
181 2649 443 2695 Gronovius
461 2650 755 2703 paedagogia
775 2664 858 2706 pro
881 2666 982 2692 ma-

94 2709 315 2752 trimonia
334 2707 556 2754 tentabat,
587 2706 835 2749 secundum
859 2708 982 2752 Suet.

94 2767 198 2811 Ner.
223 2765 344 2809 c.28.
382 2761 603 2821 Ryckius:
625 2765 864 2808 ctdulteria
880 2780 982 2807 ma·

94 2832 357 2867 tronarum.
412 2820 473 2864 cf.
497 2820 685 2864 sueton.
709 2821 817 2865 Ner.
845 2839 885 2868 e.
909 2823 982 2866 27.

93 2882 294 2924 Frustra.
354 2877 463 2920 Mox
476 2878 647 2934 Lipsius
666 2878 888 2921 malebat:
915 2895 980 2923 ce·

93 2947 285 2994 teraque
311 2951 559 2990 regnorum
580 2938 718 2978 αυίάο
739 2938 924 2980 talium.

148 3022 293 3050 novos
325 3013 497 3049 motus,
557 3005 672 3051 Edd.
702 3006 804 3050 Put.
841 3007 907 3051 M.
939 3016 983 3051 et

94 3074 138 3111 et
157 3065 214 3109 V.
238 3078 383 3107 novos
408 3070 604 3106 moetus.

149 3136 396 3179 vetabitur.
454 3133 558 3177 MS.
578 3135 692 3177 Bud.
722 3137 982 3184 vecabatur,

95 3203 140 3236 ct
180 3209 283 3235 mox
320 3192 542 3246 principis
581 3209 665 3249 pro
698 3194 981 3247 principalis.

94 3250 236 3294 Paulo
252 3257 354 3294 ante
374 3264 456 3303 pro
473 3252 765 3302 sperantibus
779 3250 849 3294 ed.
862 3249 980 3311 Spir.

95 3309 169 3352 dat
187 3306 533 3362 superantibus.

150 3379 528 3421 instrumentum.
585 3375 686 3422 Hoc
706 3379 980 3426 vocabulum

98 3435 219 3478 deest
240 3434 287 3477 in
314 3433 387 3477 ed.
408 3432 528 3492 Spir.

152 3504 462 3552 Ptolemaeus.
521 3502 607 3549 Ed.
621 3504 739 3567 Spir.
764 3521 868 3552 cum
880 3506 982 3552 MS.

1057 2419 1207 2465 Guelf.
1235 2423 1403 2467 omittit
1424 2425 1490 2467 in.

1112 2506 1464 2551 adscisceretur.
1535 2509 1638 2553 MS.
1660 2508 1824 2553 *Guelf.
1856 2510 1948 2554 ἀά-

1051 2564 1337 2608 scisseretur.
1410 2565 1523 2609 Mox
1558 2567 1678 2610 idem
1710 2569 1950 2623 impericia

1053 2636 1137 2679 pro
1153 2623 1338 2675 peritia.

1110 2706 1344 2748 credendi.
1423 2704 1502 2750 Sic
1546 2707 1833 2752 suadentibus
1864 2709 1947 2753 Pi-

1054 2762 1218 2810 chena,
1278 2763 1454 2820 Lipsio,
1509 2764 1715 2809 Acidalio
1766 2767 1944 2810 edidere

1051 2819 1230 2873 Ernest.
1257 2820 1464 2863 Oherlin.
1495 2838 1592 2880 sqq.
1617 2847 1673 2854 —-
1715 2827 1946 2867 credentis

1053 2877 1123 2919 ed.
1147 2876 1326 2920 Broter.
1365 2893 1388 2918 e
1416 2880 1676 2923 coniectura
1699 2880 1873 2927 Petavii
1900 2889 1945 2924 et

1052 2933 1218 2976 Huetii.
1278 2933 1413 2978 MSS.
1444 2944 1487 2980 et
1514 2937 1616 2981 edd.
1641 2946 1743 2981 ante
1763 2939 1943 2982 Ernest.

1053 2992 1205 3041 credi,
1248 2991 1371 3048 quod
1403 2991 1515 3036 ferri
1549 3003 1695 3053 potest
1718 3004 1851 3054 atque
1873 3012 1945 3039 ex·

1052 3047 1211 3106 plicari
1231 3065 1254 3091 e
1276 3057 1501 3094 structura
1529 3067 1710 3109 graeca,
1740 3069 1827 3111 qua
1855 3069 1939 3111 po-

1052 3103 1178 3149 nitur
1199 3105 1348 3149 nudus
1374 3107 1620 3155 infinitivus
1646 3126 1731 3167 pro
1762 3108 1872 3160 ὥςτε
1902 3126 1942 3154 c.

1052 3162 1136 3205 inf.
1199 3163 1260 3206 cf.
1292 3173 1388 3208 not.
1428 3167 1483 3208 ad
1517 3166 1607 3209 An.
1643 3170 1710 3219 11,
1745 3170 1786 3212 1.
1867 3166 1944 3211 Sic

1052 3219 1162 3263 infr.
1191 3237 1231 3264 c.
1255 3220 1322 3263 55.
1352 3223 1499 3265 insita
1531 3226 1813 3267 mortalibus
1846 3240 1942 3268 na-

1052 3286 1162 3319 tura
1179 3292 1378 3334 propere
1397 3282 1551 3338 sequi,
1581 3296 1699 3337 quae
1715 3283 1843 3337 piget
1866 3283 1940 3325 in-

1052 3337 1223 3378 choare
1236 3352 1251 3386 ;
1301 3338 1343 3387 2,
1376 3338 1447 3381 20.
1487 3339 1628 3382 insita
1666 3341 1942 3390 mortalibus

1052 3399 1228 3436 natura
1254 3426 1266 3437 .
1286 3426 1297 3437 .
1320 3426 1330 3437 .
1351 3427 1362 3438 .
1390 3397 1684 3449 introspicere
1713 3404 1798 3441 etc.
1869 3397 1941 3442 Ad

1054 3450 1263 3503 cupidine
1289 3460 1384 3494 tum
1406 3451 1625 3512 intelliges
1654 3454 1940 3515 participium

1053 3505 1182 3555 verbi
1206 3508 1487 3558 substantivi.
