2138 4030
142 249 206 284 Ἀ.
227 247 278 283 U.
298 245 383 280 82⁴.

159 293 208 326 A.
231 290 275 326 C.
325 291 382 325 71.

585 242 755 308 LIB.
798 246 898 308 IV.
968 243 1163 309 CAP.
1200 248 1297 309 63.
1337 249 1434 311 64.
1802 254 1923 315 451

71 383 325 461 praedae
349 380 424 436 ad
457 377 750 435 excidium
790 376 1044 435 civitatis
1075 371 1488 453 trahebanturz
1531 381 1799 441 obstabat
1830 404 1928 444 ra-

70 469 156 526 tio
180 466 326 524 belli
347 476 404 521 et
433 482 656 519 novum
694 462 1009 538 imperium
1036 458 1454 520 inchoantibus
1477 467 1640 522 utilis
1669 466 1925 539 clemen-

67 553 188 611 tiae
213 553 386 608 fama.
454 547 708 606 Civilem
734 547 907 603 etiam
936 547 1202 603 beneficii
1228 550 1509 605 memoria
1534 551 1722 624 flexit,
1760 558 1924 631 quod

71 638 269 697 filium·
297 635 422 691 eius
464 632 657 708 primo
692 651 890 688 rerum
926 642 1093 688 motu
1127 632 1192 688 in
1229 634 1461 690 colonia
1500 631 1923 712 Agrippinensi

74 718 506 798 deprehensum
541 713 827 772 honorate
863 717 1278 774 custodierant.
1373 721 1474 775 sed
1511 717 1923 782 Transrhena—

73 809 169 864 nis
205 802 702 880 gentibusinvisa
747 802 950 858 civitas
988 802 1288 877 opulentia
1336 816 1645 880 auctuque.
1730 828 1923 885 neque

75 893 258 950 alium
282 891 459 947 finem
486 887 630 943 belli
652 887 963 956 rebantur,
1007 904 1184 963 quam
1221 888 1270 942 si
1303 890 1636 962 promiscua
1665 911 1728 947 ea
1757 897 1922 952 sedes

74 977 351 1035 omnibus
406 971 726 1030 Germanis
779 973 933 1028 foret
988 985 1089 1029 aut
1144 973 1382 1029 disiecta
1436 974 1624 1034 Ubios
1689 997 1923 1055 quoque

74 1061 455 1138 dispersisset.

241 1142 460 1203 LXIV.
558 1140 746 1216 Igitur
798 1139 1102 1210 Tencteri,
1177 1137 1394 1200 Rheno
1449 1145 1700 1202 discreta
1766 1165 1926 1221 gens,

74 1232 267 1289 missis
303 1229 505 1303 legatis
532 1229 806 1284 mandata
847 1229 1002 1300 apud
1041 1227 1357 1283 concilium
1395 1226 1925 1305 Agrippinensium

77 1319 169 1375 edi
198 1317 435 1384 iubent,
473 1333 621 1390 quae
646 1311 1042 1368 ferocissimus
1077 1313 1348 1385 e‘legatis
1388 1314 1451 1368 in
1482 1311 1640 1372 hunc
1677 1319 1925 1375 modum

74 1402 348 1479 protulit:
400 1397 693 1468 „Redisse
727 1416 833 1453 vos
870 1396 933 1451 in
973 1417 1186 1472 corpus
1209 1417 1542 1475 nomenque
1571 1398 1927 1460 Germaniae

78 1484 536 1558 „communibus
584 1482 708 1537 deis
753 1493 810 1537 et
856 1483 1172 1556 praecipuo
1223 1483 1471 1540 deorum
1511 1483 1696 1542 Marti
1735 1499 1925 1559 grates

74 1574 378 1647 „agimusz
422 1568 707 1642 vobisque
733 1568 1128 1640 gratulamur,
1171 1569 1330 1644 quod
1360 1571 1598 1626 tandem
1630 1572 1804 1628 liberi
1831 1573 1928 1629 in·-

75 1670 210 1729 „ter
247 1657 467 1722 liberos
507 1653 689 1709 eritiS.
774 1672 912 1706 nam
950 1653 1024 1707 ad
1061 1647 1223 1710 hunc
1254 1653 1412 1709 diem
1438 1655 1685 1711 flumina
1716 1649 1781 1713 ac
1809 1668 1930 1714 ter-

76 1763 218 1814 „ras
247 1753 303 1797 et
331 1740 559 1796 coelum
598 1737 1034 1813 quodammodo
1066 1736 1257 1810 ipsum
1297 1739 1624 1796 clauserant
1645 1739 1929 1812 Romani,

76 1841 186 1898 „ut
211 1824 504 1900 colloquia
529 1841 984 1898 congressusque
1011 1834 1244 1878 nostros
1271 1837 1562 1894 arcerent,
1599 1827 1722 1895 vel,
1767 1829 1930 1903 quod

79 1908 606 1984 „contumeliosius
660 1918 747 1964 est
796 1907 938 1962 viris
988 1909 1061 1962 ad
1112 1927 1271 1963 arma
1316 1909 1495 1977 natiS‚
1564 1910 1818 1968 inermes
1863 1932 1929 1970 ac

79 2017 312 2076 „prope
353 1994 502 2051 nudi
548 1992 659 2048 sub
701 1992 939 2047 custode
976 2002 1033 2048 et
1066 1992 1255 2067 pretio
1292 1993 1599 2050 coiremUS.
1705 1995 1824 2053 Sed
1853 2008 1931 2055 ut

76 2131 109 2155 „
127 2082 378 2141 amicitia
409 2077 765 2154 societasque
791 2088 988 2133 nostra
1015 2076 1079 2132 in
1103 2087 1407 2133 aeternum
1426 2089 1553 2136 rata
1581 2079 1688 2149 sit,
1725 2092 1930 2156 postu-

1037 2331 1159 2376 Harl.
1196 2331 1324 2377 Bodl.
1362 2333 1443 2376 les.
1482 2332 1583 2377 edd.
1615 2330 1792 2381 Puteo‘l.
1825 2353 1926 2397 sqq.

1036 2389 1092 2432 ad
1114 2388 1335 2447 Ryckium
1357 2399 1399 2432 et
1423 2399 1574 2446 postea
1603 2393 1675 2436 ed.
1702 2394 1789 2439 Iac.
1811 2393 1927 2439 Gro-

1037 2447 1182 2494 novii‚
1213 2446 1382 2504 vulgari
1409 2448 1536 2495 vitio,
1576 2449 1678 2506 quia
1702 2465 1728 2493 s
1753 2467 1775 2493 e
1803 2468 1930 2509 prae·
1974 2481 1978 2485 -

1038 2503 1212 2602 cedtlenti
1237 2503 1461 2549 vocabulo
1497 2521 1600 2548 cum
1635 2514 1681 2548 et
1713 2510 1931 2566 particula

1038 2574 1119 2601 coa
1142 2569 1222 2601 uit.

136 2341 321 2384 Civilem
344 2336 503 2379 etiam.
575 2331 677 2376 MS.
703 2330 854 2374 Guelf.
877 2330 965 2374 fert

78 2409 122 2445 et
143 2416 224 2458 pro
248 2398 408 2440 eciam.
778 2402 780 2404 ·

134 2460 711 2516 honorate'oustodlerant.
742 2459 826 2504 Ed.
844 2459 961 2516 Spir.

76 2534 303 2592 honoratg
327 2522 533 2590 σαειιζάίξ
560 2526 710 2562 erant.
742 2545 799 2555 --
855 2517 965 2560 Mox

77 2591 293 2632 universa
313 2595 397 2640 pro
428 2592 604 2635 mulsa,
655 2583 850 2632 actuque
880 2590 965 2632 pro

73 2654 323 2699 unctaque.

130 2713 369 2771 opulentia
388 2715 631 2763 auctaque.
687 2704 855 2748 Utrum
878 2702 967 2746 sint

76 2786 342 2836 syuonvma‚
372 2785 426 2811 au
451 2765 504 2808 ad
533 2765 583 2808 ἓν
602 2761 678 2807 διὰ
704 2762 840 2806 δυοῖν
858 2760 968 2818 figu-

77 2850 170 2877 ram
201 2821 433 2872 referenda
462 2824 633 2866 dubitat
656 2819 790 2863 Roth.
823 2835 868 2876 p.
893 2821 965 2862 21.

79 2887 190 2934 Mihi
222 2886 434 2932 videntur
470 2896 564 2922 esse
591 2892 863 2937 synonyma.

134 2971 278 3015 quam
301 2955 350 2996 si
359 2949 648 3007 promiscua.
699 2945 798 2988 MS.
814 2943 965 2988 Guelf.

75 3005 243 3084 ι(μιαηξὶ
265 3026 346 3071 pro
370 3022 529 3065 quam.
591 3003 690 3047 MS.
706 3003 828 3045 Flor.
849 3003 966 3057 (test.

77 3086 215 3140 Viot.)
233 3080 498 3137 promisca,
529 3074 592 3118 uti
618 3074 747 3117 solet.

137 3155 276 3199 Ubios
299 3163 490 3207 quoque.
547 3143 763 3202 Ed.Spir.
784 3144 863 3185 ubi
877 3143 966 3205 ᾁοε

77 3227 207 3273 quos.

133 3284 247 3329 CAP.
275 3279 348 3324 64.
406 3274 666 3319 concilium.
726 3270 808 3314 Ed.
847 3270 965 3329 Spir.

75 3344 472 3451 Pssss‘fflsssszspuffi
564 3387 639 3431 sie
670 3386 806 3429 Mss.
839 3385 964 3429 Flor.

76 3458 191 3512 (test.
205 3453 323 3496 Viet.
335 3465 447 3495 mum
461 3445 675 3511 Piehenzq
700 3443 838 3487 Corb.
854 3443 963 3500 Agr.

72 3513 192 3558 Bud.
217 3511 317 3555 edd.
347 3507 463 3565 Spir.
487 3500 626 3570 Ryck.
643 3502 816 3542 larnest.
838 3499 963 3542 Brot.

79 3586 177 3628 sqq.
203 3591 259 3602 —·
297 3570 380 3608 sed
400 3573 651 3617 praecapuo
665 3555 797 3602 MSS.
811 3555 962 3600 Guelf.

1094 2633 1151 2659 az
1181 2623 1339 2659 terras
1368 2624 1414 2658 et
1445 2620 1641 2663 coelum.
1698 2619 1782 2664 Ed.
1808 2622 1928 2681 Spir-

1038 2682 1082 2717 et
1117 2676 1266 2737 cglum
1298 2682 1343 2716 et
1370 2678 1515 2743 ferra.
1577 2676 1682 2721 MS.
1705 2677 1843 2724 corb.
1872 2697 1930 2727 σο

1040 2764 1242 2800 terram.

1095 2814 1340 2869 colloquia.
1399 2814 1497 2857 MS.
1511 2814 1633 2859 Flor.
1654 2825 1762 2860 teste
1775 2815 1929 2862 Victo·
1986 2817 1991 2837 ¹

1037 2871 1107 2913 rio
1136 2872 1398 2927 conloquia.
1466 2871 1675 2916 Ceterum
1702 2878 1931 2932 colloquia

1037 2942 1403 2983 congressusque
1437 2944 1532 2972 esse
1558 2945 1814 2990 synonyma
1850 2933 1928 2976 do-

1039 2987 1131 3028 cuit
1152 2984 1286 3028 Roth.
1318 3002 1359 3043 p.
1390 2989 1442 3028 JO

1093 3049 1304 3084 nostros.
1364 3043 1443 3087 Ed.
1471 3042 1586 3099 Spir.
1613 3051 1808 3090 vestros.

1092 3102 1294 3140 inermes
1330 3115 1387 3142 (ιο
1415 3114 1562 3154 prope
1603 3105 1732 3157 nudi.

1034 3155 1148 3198 Bud.
1171 3157 1368 3198 inermes
1390 3172 1470 3199 nec
1492 3159 1640 3211 probe
1660 3161 1791 3203 nudi.

1090 3214 1174 3256 sub
1199 3218 1388 3256 custode
1412 3223 1456 3257 et
1478 3218 1647 3267 pretio.
1705 3216 1923 3273 Ed.Spir.

1035 3272 1117 3312 sub
1135 3272 1320 3322 precio,
1351 3272 1508 3315 mediis
1537 3272 1729 3317 omissis.

1093 3326 1303 3369 amicitia
1329 3331 1630 3383 societasque.
1704 3330 1924 3387 Synony-

1035 3400 1125 3427 ma.
1184 3383 1245 3426 cf.
1268 3384 1403 3428 Roth.
1436 3402 1480 3443 p.
1510 3389 1576 3428 10.

1091 3446 1206 3481 rata
1237 3443 1312 3485 sit.
1385 3441 1461 3485 Sic
1491 3442 1628 3485 MSS.
1663 3442 1772 3500 Reg.
1813 3443 1924 3501 Agr.

1034 3497 1137 3541 edd.
1176 3497 1294 3555 Spir.
1339 3498 1517 3542 Ernest.
1561 3500 1689 3541 Brot.
1725 3515 1823 3557 sqq.
1868 3528 1928 3538 ...-

1033 3561 1148 3595 rata
1178 3558 1273 3597 sint
1304 3556 1441 3600 MSS.
1471 3555 1624 3600 Guelf.
1646 3555 1770 3600 Harl.
1795 3557 1927 3600 Bodl.

1153 3614 1326 3674 Ff2

1826 3104 1926 3146 MS.
