2138 4030
184 245 238 280 A.
257 242 309 280 U.
326 243 411 281 82³.

185 288 303 326 mc,
347 287 407 320 το.
479 335 482 338 s

621 244 797 305 LIB.
833 243 884 304 l.-

101 400 279 457 quam
307 397 456 436 cum
496 373 831 433 virtutibus

101 465 337 523 ditator.

100 549 370 625 publicae
396 564 623 604 avarus,
709 543 1033 600 amicorum
1064 543 1559 620 libertorumque,
1602 546 1706 601 ubi
1740 548 1805 603 in
1837 547 1956 606 ·bo-—'

102 655 212 692 nos
253 632 580 700 incidisset,
629 629 755 684 sine
789 624 1247 703 reprehensione
1284 629 1539 703 patiens:
1595 629 1647 684 si
1681 633 1823 687 mali
1855 634 1951 690 fo-

102 730 262 788 rent,
304 737 489 793 usque
523 716 598 772 ad
631 715 864 789 culpam
903 714 1158 787 ignarus,
1256 714 1356 769 sed
1395 714 1627 771 claritas
1666 717 1952 776 natalium

103 816 162 861 et
194 815 384 860 metus
426 815 759 875 temporum
805 799 1104 867 obtentui,
1159 809 1256 868 ut,
1309 800 1470 875 quod
1519 800 1766 871 segnitia
1812 815 1954 873 erat,

104 888 388 964 sapientia
410 892 733 944 vocaretur.
818 882 978 942 Dum
1006 883 1240 957 vigebat
1271 895 1455 953 aetaS‚
1498 880 1746 943 militari
1775 886 1952 944 laude

104 975 262 1049 apud
289 971 636 1028 Germanias
658 970 878 1028 floruit.
954 989 1062 1045 pro
1090 969 1327 1025 consule
1348 966 1613 1026 Africam
1639 972 1955 1043 moderate,

104 1059 221 1115 iam
257 1058 453 1113 senior
484 1056 812 1113 citeriorem
840 1053 1188 1129 Hispaniam
1225 1054 1356 1128 pari
1388 1055 1608 1116 iustitia
1645 1057 1958 1128 continuit,

104 1143 294 1200 maior
317 1143 546 1217 privato
575 1142 762 1209 visus,
802 1141 946 1196 dum
971 1139 1235 1213 privatus
1258 1139 1397 1209 fuit,
1436 1151 1493 1197 et
1516 1141 1785 1199 omnium
1812 1163 1957 1200 con-

108 1248 282 1285 sensu
308 1247 486 1302 capax
518 1226 753 1300 imperii
779 1225 894 1281 nisi
918 1224 1273 1299 imperasset.

925 373 1114 430 famae
1152 392 1260 429 nec
1298 371 1630 431 incuriosus
1662 396 1770 434 nec
1800 397 1950 434 ven-

274 1325 345 1385 L.
403 1325 727 1399 Trepidam
762 1325 973 1381 urbem
1010 1344 1075 1380 ac
1113 1323 1289 1380 simul
1315 1323 1682 1382 atrocitatem
1706 1327 1957 1384 recentis

110 1411 370 1479 sceleriS‚
426 1410 603 1466 simul
641 1420 863 1465 veteres
894 1404 1158 1465 Othonis
1189 1428 1383 1464 mores
1418 1422 1729 1483 paventem
1766 1432 1959 1469 novus

107 1496 344 1571 insuper
368 1496 440 1551 de
466 1494 706 1553 Vitellio
732 1495 982 1551 nuntius
1007 1494 1287 1552 exterruit
1309 1505 1444 1550 ante
1468 1495 1702 1551 caedem
1730 1494 1958 1555 Galbae
1989 1528 1994 1537 ·

959 237 1153 303 CAP.
1185 242 1286 303 49.
1322 242 1425 306 50.
1598 230 1603 235 ’
1821 209 1946 306 ‘173
2030 254 2031 258 ¹

433 459 717 536 pecuniae
752 458 976 515 alienae
1012 477 1136 514 non
1176 459 1486 532 adpeten8‚
1541 479 1678 516 suae
1722 481 1949 536 pareuS,
1980 485 1987 489 ·

164 1740 449 1782 venditator.
483 1739 585 1794 ‘Sic
603 1739 702 1783 MS.
726 1739 848 1782 Flor.
879 1740 995 1793 (test.

110 1795 246 1849 vict.)
272 1798 371 1839 edd.
390 1797 507 1852 Lips.
524 1797 650 1840 Pich.
668 1796 799 1839 Grut.
821 1813 919 1855 sqq.
939 1824 997 1832 -

108 1857 379 1896 vendicator
419 1855 522 1897 MS.
564 1855 679 1896 Bud.
727 1853 827 1896 edd.
874 1853 904 1895 S
939 1854 994 1896 ir.

109 1911 213 1954 Put.
251 1911 456 1954 Beroald.
491 1910 594 1956 Alc.
634 1911 837 1958 Rhenan.
868 1912 907 1954 A
928 1913 999 1959 d„

109 1968 232 2026 quod
266 1967 509 2011 Oberlinus
543 1969 704 2024 accipit
731 1984 814 2025 pro
846 1970 998 2010 vindi-

109 2034 268 2073 cator,
309 2041 393 2068 nec
427 2026 729 2082 spernendum
761 2040 855 2068 esse
885 2041 998 2068 cen-

32 2133 34 2137 ·
110 2092 197 2133 set,
228 2092 270 2124 et
292 2081 454 2138 legitur
476 2083 535 2125 ita
557 2082 602 2123 in
615 2081 712 2125 MS.
729 2080 878 2126 Guelf.
928 2082 997 2126 De

109 2140 268 2184 ceteris
292 2139 417 2182 libris
439 2138 663 2182 silentium
687 2147 767 2182 est.

161 2198 382 2252 pecuniae
403 2198 590 2245 alienae
611 2204 696 2240 etc.
755 2195 859 2240 MS.
881 2196 993 2254 Agr.

108 2255 255 2297 alieni
283 2268 380 2295 non
413 2261 661 2309 appetens,
710 2255 787 2296 sui
814 2270 999 2309 parcus,

106 2313 282 2367 publice
301 2325 490 2354 avaras.
552 2309 787 2369 Vulgatam
809 2313 896 2356 scri
932 2321 998 2356 tu-

109 2386 207 2412 ram
230 2376 412 2412 tuentur
431 2367 568 2412 MSS.
587 2368 710 2412 Flor.
734 2369 849 2424 (test.
866 2368 892 2410 ἶ
910 2369 1002 2427 iet.)

112 2426 267 2471 Guelf.
293 2433 337 2468 et
361 2425 461 2468 edd.
487 2434 618 2474 vett„
653 2426 738 2468 nisi
769 2427 894 2485 quod
926 2428 998 2472 ed.

113 2483 322 2527 Beroald.
367 2482 441 2526 dat
482 2483 635 2525 aliene
677 2500 759 2540 pro
801 2486 998 2529 alienae.

113 2540 345 2585 Victorius
365 2555 458 2582 non
483 2540 635 2584 omisit
655 2540 894 2598 corrigere.
939 2542 999 2586 cf.

111 2598 294 2642 Sallust.
320 2596 414 2640 Cat.
454 2613 493 2640 e.
520 2599 560 2643 5.
619 2598 832 2642 Sidoni-us
866 2599 1002 2657 Apol-

114 2655 197 2700 lin.
218 2671 289 2713 ep.
313 2654 354 2708 3,
376 2653 418 2698 5.

170 2715 376 2766 ignarus.
448 2711 680 2756 Acidalius
716 2721 759 2757 et
793 2713 1001 2760 Heinsius

115 2771 327 2816 volebant
365 2769 577 2824 ignavus.
647 2771 735 2815 Sed
772 2773 1001 2830 vulgatum

115 2829 231 2871 bene
263 2843 310 2871 se
337 2825 482 2871 habet.
561 2828 673 2872 Tam
704 2828 885 2887 ignarus
916 2831 1004 2875 fuit

114 2885 334 2931 vitiorum
363 2885 408 2926 in
442 2884 598 2929 amicis
630 2885 915 2944 libertisque,
954 2897 1004 2932 ut

117 2941 315 2986 excusari
339 2948 382 2984 et
403 2940 536 3001 culpa
558 2942 739 3002 purgari
765 2944 813 2988 in
839 2945 923 2991 hac
954 2961 1004 2989 re

116 3015 211 3043 non
239 3006 404 3056 posset.

175 3057 395 3098 obtentui.
463 3054 540 3099 sie
563 3058 698 3102 MSS.
726 3057 853 3103 Flor.
886 3061 1003 3115 (test.

119 3113 159 3156 R
193 3111 310 3168 ckio)
332 3112 442 3171 Reg.
467 3112 601 3157 Bodl.
627 3115 740 3160 Bud.
762 3117 872 3171 Agr.
901 3118 1000 3160 edd.

119 3130 264 3213 Rben.
287 3171 386 3213 Ald.
409 3186 460 3228 sq
497 3203 508 3215 .
579 3172 667 3215 Sed
692 3172 746 3215 de
764 3174 863 3219 MS.
879 3175 1005 3218 Flor.

119 3226 242 3270 aliud
274 3235 458 3270 testatur
523 3229 733 3273 ictorius:
773 3230 811 3273 is
841 3232 903 3275 ibi
929 3232 1002 3274 in-

120 3284 246 3329 venit
276 3283 474 3326 obtinui.
531 3285 613 3328 Ed.
637 3286 668 3330 S
702 3288 754 3331 ir.
779 3289 1005 3333 obeimuit.

120 3340 261 3408 MSS.
293 3340 416 3384 Harl.
456 3341 539 3386 les.
574 3343 672 3387 Gue
691 3343 725 3389 f.
762 3345 916 3402 (Bodl.
954 3345 1003 3391 in

122 3397 473 3507 assai-..232
500 3399 622 3515 41:235
644 3401 1004 3521 matzatz:

125 3527 224 3555 rum
250 3521 377 3570 puto.
428 3514 549 3557 Nam
573 3514 768 3559 formula
800 3520 1008 3561 obtentui

127 3569 256 3626 (zum
300 3570 546 3615 Vomano}
582 3574 772 3628 dienen)
813 3575 869 3619 ab
918 3575 1005 3620 boc

1069 1739 1170 1783 loco
1205 1740 1347 1784 aliena
1379 1749 1462 1785 est.
1523 1742 1580 1785 cf.
1607 1742 1693 1786 An.
1722 1744 1758 1794 1,
1787 1744 1855 1793 10.
1888 1743 1957 1795 12,

1067 1796 1109 1838 7.
1167 1796 1283 1841 Hist.
1306 1800 1346 1850 2,
1369 1800 1436 1843 14.
1495 1799 1644 1843 Immo
1666 1802 1860 1844 claritas

1069 1855 1268 1897 obtinuit
1293 1855 1336 1899 h.
1369 1872 1408 1900 e.
1443 1855 1641 1900 claritate
1670 1856 1886 1901 natalium
1916 1867 1959 1902 et

1069 1921 1191 1954 metu
1216 1921 1471 1972 temporum
1492 1913 1633 1959 Galba
1660 1915 1880 1968 obtinuit,
1907 1925 1957 1960 ut

1070 1978 1155 2011 ete.

1124 2041 1343 2095 segnitia.
1407 2042 1504 2088 MS.
1527 2042 1681 2087 Guels.
1703 2045 1914 2089 saeuitia.

1124 2117 1254 2168 apud
1278 2115 1576 2158 Germanias.
1636 2115 1816 2160 Tacitus
1838 2115 1958 2159 Hillo

1069 2172 1275 2230 displicet
1323 2175 1380 2224 ob
1438 2189 1570 2215 usum
1618 2172 1959 2232 praepositionis

1069 2233 1211 2285 apud.
1270 2229 1411 2273 Buhle
1450 2230 1543 2272 eius
1592 2246 1695 2273 usus
1735 2229 1959 2274 rationem

1068 2287 1216 2330 reddit
1272 2286 1468 2346 dicitque
1510 2287 1741 2345 Romanos
1790 2287 1962 2331 b'ellum

1071 2354 1228 2388 contra
1248 2343 1503 2388 Germanos
1530 2346 1766 2388 maximam
1787 2355 1963 2400 partem

1071 2403 1118 2445 in
1142 2403 1153 2444 i
1189 2402 1245 2444 sis
1258 2401 1527 2445 Germaniae
1547 2401 1755 2446 confiniis
1768 2402 1964 2446 Galliam

1070 2468 1113 2504 et
1186 2459 1333 2503 taliam
1377 2476 1534 2505 versus
1573 2459 1770 2518 gessisse.
1872 2461 1963 2505 Sed

1071 2516 1245 2575 vulgari
1265 2517 1490 2561 latinitatis
1518 2517 1612 2573 lege
1635 2521 1763 2570 apud
1788 2518 1854 2562 sie
1869 2531 1962 2586 po·-

1073 2577 1219 2625 nitur,
1249 2581 1306 2624 ut,
1329 2576 1561 2632 regionem
1584 2573 1775 2624 indicet,
1805 2574 1964 2621 lauore

1073 2633 1270 2678 termino
1305 2632 1371 2685 (ut
1402 2630 1867 2677 Franco-Gallorum
1904 2648 1968 2678 en

1073 2691 1384 2743 Allemagne).
1457 2688 1515 2733 cf.
1552 2691 1640 2732 An.
1679 2692 1717 2741 1,
1741 2689 1813 2735 34.
1845 2707 1970 2749 quae

1074 2751 1199 2803 apud
1221 2747 1507 2789 Germanias
1530 2748 1624 2789 illis
1645 2761 1750 2789 cam
1770 2751 1966 2804 legioni-

1074 2808 1157 2848 bus
1178 2804 1494 2859 pulcherrima
1499 2804 1694 2861 fecisset
1703 2821 1721 2858 ;
1749 2804 1840 2850 An.
1866 2811 1904 2859 1,
1919 2809 1964 2853 2.
2019 2831 2026 2833 -
2090 2845 2096 2853 .

1074 2866 1202 2918 apud
1221 2864 1428 2907 Siciliam
1468 2875 1711 2920 oppressus
1722 2877 1739 2914 ,·
1774 2863 1837 2918 ib.
1860 2880 1901 2909 c.
1918 2866 1962 2910 5.

1074 2923 1205 2975 apud
1226 2920 1390 2962 urbem
1402 2918 1590 2963 Nolam.
1620 2975 1623 2978 ‚
1641 2920 1766 2965 Suet.
1779 2921 1964 2982 Vespas-

1074 2994 1113 3022 ο.
1143 2980 1184 3021 5.
1205 2979 1332 3031 apud
1353 2975 1601 3021 Iudaeam.

1127 3061 1217 3102 pro
1257 3048 1455 3089 consule.
1530 3044 1608 3089 Sic
1653 3046 1789 3091 MSS.
1831 3047 1963 3093 Flor.

1075 3105 1194 3159 (test.
1216 3102 1335 3147 Vici.
1359 3119 1464 3147 eum
1484 3102 1697 3160 Pichena)
1719 3104 1836 3150 Bud.
1857 3106 1963 3152 edd.

1077 3164 1165 3204 lac.
1189 3159 1397 3205 Gronov.
1412 3161 1590 3204 Ernest.
1615 3169 1658 3211 et
1684 3177 1829 3220 nuper
1847 3163 1961 3208 Bek-

1075 3219 1170 3262 ker.
1239 3217 1299 3262 cf.
1327 3227 1421 3261 not.
1447 3219 1500 3261 ad
1516 3219 1605 3260 An.
1625 3217 1666 3269 2,
1682 3219 1752 3264 52.
1778 3228 1822 3264 et
1843 3221 1966 3266 alibi.

1068 3277 1325 3330 proconsul
1362 3275 1495 3319 MSS.
1527 3274 1667 3319 Corb.
1701 3276 1811 3334 fleg.
1856 3279 1964 3323 edd.

1073 3333 1192 3391 Spir.
1220 3332 1320 3375 Put.
1346 3348 1442 3391 sqq.
1468 3332 1523 3376 ad
1547 3332 1634 3376 Iac.
1657 3332 1964 3380 Gronovium.

1077 3413 1133 3423 --
1164 3390 1265 3434 MS.
1295 3388 1443 3432 Guelf.
1472 3390 1684 3435 Pmcos‘s.
1745 3392 1868 3435 ldem
1904 3393 1961 3438 li·
2004 3383 2006 3387 ’

1077 3450 1156 3491 ber
1180 3462 1284 3490 mox
1305 3451 1583 3493 moderante
1599 3464 1683 3506 pro
1705 3452 1962 3496 moderate.

1133 3520 1343 3590 oninium
1383 3534 1625 3565 consensu.
1715 3519 1799 3565 Ed.
1839 3520 1960 3581 Spit.

1077 3590 1207 3620 omna
1228 3592 1465 3621 consensu.

2120 3200 2138 3306 Α
