2138 4030
209 261 432 344 aava

714 262 886 325 LIB.
922 262 970 324 I.
1045 257 1240 322 CAP.
1279 261 1383 323 84.

1847 266 1964 329 1¹21

125 399 288 472 ‚‚,illi‚
325 414 481 474 quos
512 414 646 451 cum
681 392 934 451 maxime
957 391 1237 450 Vitellius
1272 391 1339 448 in
1363 410 1476 448 nos
1498 392 1639 463 ciet,
1682 394 1972 474 Germani

124 529 158 556 „
169 485 440 542 audeant.

543 478 732 536 ulline
777 476 982 535 Italiae
1026 477 1254 535 alumni
1292 489 1350 534 et
1385 474 1659 535 Romana
1698 502 1835 540 vere
1874 484 1972 543 iu..

123 580 383 640 „ventus
417 565 499 638 sad
542 564 886 643 sanguinem
933 576 989 621 et
1033 563 1269 620 caedem
1317 563 1764 638 depoposcerint
1805 571 1973 627 ordi.

124 675 334 726 „nem‚
377 652 541 709 cuius
571 649 883 725 splendore
920 661 976 706 et
1006 648 1192 722 gloria
1232 648 1431 704 sordes
1465 658 1522 703 et
1555 649 1970 713 obscuritatem

122 738 619 810 „Vitellianarum
653 735 914 809 partium
946 732 1466 809 praestringimus?
1542 731 1824 793 Nationes
1861 741 1987 797 ali-'

122 842 314 901 „quas
353 819 660 895 occupavit
694 818 1003 890 Vitellius,
1061 819 1375 891 imaginem
1415 819 1713 894 quandam
1754 826 1972 881 exerci-

123 921 263 979 „tus
289 903 495 965 habet:
542 916 774 961 senatus
810 906 1122 962 nobiscum
1156 915 1258 963 est.

123 993 436 1069 „publica,
477 992 618 1047 inde
652 986 848 1047 hostes
880 990 968 1046 rei
995 990 1264 1066 publicae
1295 988 1682 1052 constiterint.

1344 903 1426 959 sic
1461 903 1559 974 fit,
1601 917 1669 964 ut
1700 902 1843 966 hinc
1877 929 1973 967 res

1769 988 1974 1067 Quia?

122 1098 276 1148 „vos
318 1072 776 1153 pulcherrimam
823 1071 977 1133 hanc
1021 1075 1231 1133 urbem
1282 1073 1558 1131 domibus
1603 1088 1662 1135 et
1706 1079 1874 1136 tectis
1916 1091 1974 1139 et

122 1336 214 1380 An.
253 1339 292 1387 1,
317 1337 362 1381 3.
397 1335 467 1380 17.
495 1335 568 1379 26.
608 1364 666 1372 --
719 1348 817 1377 non
857 1334 1009 1377 hercle

122 1395 225 1438 edd.
251 1395 358 1454 Put.
379 1408 478 1451 sqq.

177 1511 269 1560 illi,
322 1522 440 1565 quos
474 1522 578 1550 cum
615 1507 828 1550 maxime
861 1507 918 1550 V.
958 1507 1008 1549 in

121 1583 206 1610 nos
230 1569 338 1617 ciet,
369 1565 428 1607 G.
462 1568 689 1608 audeant.
758 1563 822 1606 Ita
855 1563 1009 1607 locum

120 1626 292 1682 Lipsius
325 1623 518 1666 restituit
553 1638 577 1664 e
609 1622 714 1666 MS.
744 1622 871 1670 Vat„
924 1621 1010 1664 nisi

152 1683 241 1724 uod
262 1680 324 1724 ibi
343 1680 428 1723 fuit
456 1681 654 1722 audiant
676 1694 760 1734 pro
787 1683 1011 1722 audeant.

118 1700 320 1783 {andem
347 1737 616 1795 scripturam
640 1736 834 1779 Pichena
860 1753 884 1779 e
906 1734 1008 1779 MS.

118 1797 246 1842 Flor.
261 1810 446 1853 prorsus
462 1794 758 1844 confirmavit,
780 1793 1011 1836 Ernestius

120 1871 145 1898 e
184 1852 337 1897 Guelf.
425 1852 546 1895 Ante
577 1850 777 1909 Lipsium
817 1852 870 1893 ab
915 1849 1011 1892 aliis

120 1911 383 1968 vulgabatur
413 1916 646 1953 contextus
677 1923 701 1950 a
734 1907 952 1950 Rhenano
987 1922 1012 1950 e

120 1969 222 2013 MS.
246 1966 363 2010 Bud.
391 1965 659 2016 constitutus
681 1965 728 2006 in
760 1964 882 2007 hunc
909 1979 1009 2006 mo-

121 2027 254 2070 dum:
286 2025 378 2075 illi,
409 2023 573 2079 quibus
593 2038 698 2064 cum
722 2022 933 2064 maxime
949 2022 1010 2064 V.

119 2086 167 2127 in
199 2095 286 2125 nos
315 2082 419 2132 ciet,
467 2079 525 2123 G.
562 2080 761 2122 audiant
797 2078 876 2132 (sic
909 2077 1010 2124 edd.

120 2140 265 2184 Rhen.
293 2138 429 2191 Ald.;
469 2145 514 2180 at
543 2137 589 2178 in
617 2136 836 2193 castigatt.
862 2134 1009 2179 Rhen-

119 2196 326 2242 voluerat
369 2195 633 2250 audeant);
677 2195 730 2235 ab
765 2191 860 2236 aliis
901 2192 1012 2236 ede—-

119 2257 285 2299 bantur
305 2253 437 2297 baec:
466 2254 537 2294 illi
559 2264 670 2307 quos
694 2264 818 2292 nunc
843 2250 1009 2292 maxi-

121 2328 196 2356 me
218 2311 277 2354 V.
300 2313 349 2354 in
370 2324 460 2352 nos
482 2311 587 2359 ciet,
615 2307 673 2351 G.
693 2311 901 2349 audeant
926 2306 1010 2362 (sie

122 2369 225 2414 edd.
256 2367 360 2411 Put.
394 2367 463 2410 M.
501 2374 544 2408 et
572 2366 627 2408 V.
661 2365 868 2408 Beroald.
902 2364 1008 2408 Ale.

122 2438 336 2498 Micyll.).
395 2437 481 2480 Ed.
504 2436 622 2494 Spir.
650 2437 757 2478 illos
777 2436 866 2494 2²²⁰
890 2434 950 2490 (b.
971 2451 1009 2478 e.

123 2499 315 2553 quibus)
376 2511 480 2538 cum
531 2494 744 2536 maxime
797 2493 1011 2534 Vitellius

122 2555 299 2609 ignosci
321 2561 367 2596 et
396 2553 616 2606 germani
640 2551 841 2595 audiant
876 2549 1011 2604 (nont

125 2611 355 2655 Vitellius.
410 2610 597 2664 Ignosci
621 2617 705 2652 etc.
742 2617 793 2651 ut
829 2607 1010 2665 quidam

505 2667 608 2710 MS.
656 2666 793 2710 Corb.
844 2665 1012 2721 quibus

122 2668 362 2727 prodidere
372 2670 407 2724 ).
606 2726 810 2765 amaeam
906 2721 994 2764 MS

122 2743 227 2769 cum
258 2729 473 2768 maxime
506 2754 545 2767 ..
567 2755 577 2766 .

124 2785 364 2828 CovarruV.
387 2782 487 2839 quis
506 2796 609 2823 cum
633 2781 861 2823 maxime.
908 2778 1012 2821 MS.

118 2840 249 2884 Harl.
282 2856 307 2883 a
339 2855 410 2898 pr.
442 2855 506 2883 m.
545 2852 660 2894 quos
704 2853 808 2880 cum
847 2835 1014 2880 maxi-

124 2914 224 2942 me.
242 2929 254 2941 .
270 2900 530 2948 ,audeant;
557 2912 645 2939 sec.
668 2911 827 2937 manus
851 2893 1013 2937 delevit

125 2971 244 2999 cum.
302 2955 356 2997 In
388 2958 599 2996 audeant
629 2968 734 2996 cum
766 2952 867 2995 MS.
889 2951 923 2993 F
926 2951 1012 3002 lor.

124 3013 309 3071 aliisque
364 3010 489 3054 libris
543 3010 831 3055 consentiunt
872 3007 1010 3052 MSS.

124 3070 256 3114 Bodl.
283 3069 365 3112 les.
442 3069 651 3112 Priorem
681 3067 928 3116 eorundem
962 3065 1012 3107 li·

124 3129 314 3171 brorum
333 3127 419 3170 scri
453 3135 600 3169 turam
611 3123 842 3168 Broterius
861 3121 1012 3165 omisit

125 3184 355 3234 adnotare.
415 3142 571 3227 §olent
596 3197 701 3225 cum
725 3179 876 3223 Guelf.
902 3194 1013 3223 con-

126 3241 313 3298 spirare.
371 3241 475 3285 MS.
505 3240 616 3297 Reg.
648 3238 782 3281 habet
813 3239 1015 3280 audiant

126 3314 150 3340 a
170 3314 261 3342 sec.
283 3313 421 3341 manu
434 3331 448 3350 ,
476 3300 688 3339 audeant
718 3312 742 3340 a
763 3311 832 3352 pr.
856 3308 1010 3337 manu.

125 3354 271 3398 Hodie
304 3371 440 3398 nemo
480 3354 651 3396 dubitat
685 3351 819 3396 unice
854 3367 1012 3398 veram

127 3428 220 3456 esse
253 3412 524 3471 scripturam
548 3427 572 3454 a
594 3410 744 3468 Lipsio
766 3409 1012 3454 inductam.

128 3468 200 3512 De
234 3468 429 3513 formula
468 3484 574 3511 cum
613 3467 850 3518 maxime,
901 3481 1014 3524 quae

130 3525 302 3584 saepius
334 3542 517 3569 corrum
554 3525 667 3574 itur,
706 3523 796 3568 vid.
828 3532 924 3567 not.
957 3524 1014 3567 ad

133 3582 220 3632 An.
241 3581 282 3634 3,
305 3582 375 3627 59.
415 3582 455 3635 4,
536 3614 548 3628 .
617 3582 723 3627 Non
757 3582 913 3633 tacebo
937 3580 1013 3625 vi-

1081 1331 1276 1379 ctorium
1305 1348 1428 1379 mmo
1455 1334 1673 1379 maximo
1697 1334 1747 1379 in
1773 1336 1844 1380 ed‘.
1865 1336 1970 1384 Ber.

1078 1392 1296 1435 intactum
1330 1391 1578 1451 reliquisse.
1600 1416 1656 1427 —
1702 1393 1800 1438 Nec
1821 1395 1972 1440 minus

1078 1449 1290 1505 frequens
1323 1457 1387 1492 est
1418 1450 1687 1507 permutatio
1721 1451 1970 1496 verborum

1079 1510 1252 1607 augere
1276 1514 1319 1550 et
1339 1507 1522 1551 audo-e.
1583 1506 1643 1552 cf.
1667 1516 1761 1552 not.
1781 1509 1838 1552 ad
1853 1508 1969 1557 Hist.

1084 1567 1122 1614 1,
1175 1597 1186 1607 .

1137 1637 1501 1690 depoposcerint.
1589 1634 1666 1678 Sic
1700 1634 1803 1680 MS.
1843 1636 1970 1682 Flor.

1082 1696 1198 1749 (tes't.
1223 1693 1343 1735 Vict.
1376 1708 1480 1735 cum
1512 1692 1602 1735 Iac.
1634 1690 1865 1750 Gronov.)
1897 1693 1971 1745 ed,

1082 1753 1169 1796 Iac.
1189 1750 1392 1794 GronOV.
1415 1773 1474 1782 —
1503 1752 1862 1805 depoposcerent
1871 1751 1972 1797 MS.

1081 1809 1199 1856 Bud.
1236 1832 1294 1840 —
1350 1810 1644 1862 deposcerent
1677 1806 1782 1853 MS.
1818 1806 1970 1862 Guelf.

1082 1870 1143 1925 (et
1157 1867 1345 1909 fortasse
1357 1864 1539 1910 Oxonn.
1550 1895 1564 1914 ‚
1592 1880 1850 1924 quanquam
1859 1865 1972 1910 Bro-

1080 1922 1218 1969 terius
1261 1923 1421 1966 diserte
1460 1938 1556 1964 non
1601 1922 1818 1980 prodidit)
1866 1922 1970 1971 edd.

1081 1982 1197 2040 Spir.
1218 1980 1362 2023 Rhen.
1388 1978 1496 2023 Ald.
1517 1994 1614 2038 sqq.
1646 2007 1707 2016 —-
1753 1994 1970 2034 reposce-.-

1082 2047 1188 2083 rent
1220 2037 1323 2081 edd.
1359 2035 1464 2081 Put.
1496 2037 1566 2080 M.
1602 2044 1646 2079 et
1669 2037 1724 2080 V.
1756 2037 1970 2087 Beroald.

1081 2095 1185 2142 Alc.
1253 2094 1350 2137 Iam
1379 2097 1700 2149 deposcerent,
1729 2095 1853 2153 quod
1888 2095 1974 2140 ho·
1997 2134 2001 2141 .

1081 2155 1154 2198 die
1185 2151 1424 2209 vulgatur,
1471 2159 1587 2196 stare
1620 2167 1750 2209 posse
1783 2153 1974 2200 minime

1083 2225 1331 2268 negavero:
1364 2209 1508 2252 multo
1541 2216 1692 2252 tamen
1727 2211 1971 2268 elegantius

1081 2276 1145 2311 est
1163 2267 1302 2311 futur.
1317 2275 1455 2311 exact.
1471 2269 1831 2321 depoposcerint,
1846 2269 1973 2327 quod

1082 2324 1316 2383 quomodo
1348 2323 1396 2366 in
1427 2323 1505 2367 tali
1532 2333 1739 2368 contextu
1763 2334 1973 2382 ponatur,

1079 2383 1254 2483 Effigie
1277 2380 1805 2497 {⁰232RmEZ'iL‘J-Zn1ifeii
1824 2385 1972 2483 §sm-4·

1175 2474 1184 2484 .
1239 2471 1250 2483 .
1314 2469 1326 2481 .
1430 2471 1443 2482 .
1810 2471 1823 2484 .
1914 2459 1970 2489 nr.

1082 2496 1249 2542 omittit
1298 2497 1539 2545 ordinem,
1598 2506 1769 2554 puncto
1825 2457 1974 2556 poliito

1080 2563 1181 2598 ante
1201 2554 1337 2596 cuius.
1396 2553 1500 2599 MS.
1517 2553 1667 2597 Guelf.
1689 2554 1738 2598 in
1762 2564 1973 2604 contextu

1081 2613 1213 2656 habet
1237 2611 1501 2662 hominem,
1531 2611 1578 2654 in
1609 2612 1809 2670 margine
1836 2615 1973 2659 ordi--¹

1081 2685 1205 2712 nem.

1135 2737 1540 2794 praestringimus.
1580 2739 1646 2782 Ex
1660 2740 1974 2790 emendatione

1083 2799 1120 2842 I.
1157 2799 1232 2841 Fr.
1271 2796 1524 2844 Gronovii‚
1575 2812 1711 2855 quam
1758 2797 1807 2842 in
1857 2816 1969 2843 con-

1082 2864 1249 2899 textum
1289 2853 1460 2910 recepit
1496 2847 1762 2900 Oberlirius.
1830 2857 1973 2911 MSS.

1084 2920 1126 2956 et
1150 2911 1251 2955 edd.
1310 2910 1448 2953 riores
1466 2913 1851 2967 perstringimus,
1880 2906 1974 2963 vul-T

1084 2969 1177 3027 gari
1201 2969 1263 3027 syl
1286 2970 1469 3011 abarum
1495 2983 1582 3023 per
1603 2977 1646 3013 et
1671 2984 1790 3026 prae
1814 2972 1975 3016 confu-

1083 3028 1224 3070 sione.
1284 3025 1345 3069 cf.
1371 3023 1674 3085 Oudendorp.
1707 3028 1763 3073 ad
1782 3027 1971 3085 Sueton,

1085 3084 1194 3129 Oct.
1222 3100 1264 3128 c.
1283 3084 1358 3128 29.

1140 3155 1394 3209 imaginem
1427 3158 1682 3211 quandam.
1739 3155 1826 3211 Ed.
1849 3156 1971 3216 Spir,

1083 3213 1343 3267 imaginem
1365 3213 1589 3269 aliquam.

1142 3283 1250 3324 inde
1271 3282 1444 3326 hostes.
1501 3281 1605 3335 MS,
1620 3281 1743 3332 Flor.
1769 3283 1820 3338 (t.
1830 3281 1970 3337 vict.)

1084 3341 1175 3407 dat·
1209 3340 1257 3381 in
1293 3353 1378 3398 pro
1417 3341 1547 3392 inde,
1600 3338 1771 3384 scilicet
1808 3340 1970 3384 lineola

1084 3412 1265 3441 om1ssa.

1141 3467 1354 3511 domibus
1376 3473 1420 3509 et
1442 3467 1588 3509 tectis.
1648 3465 1706 3510 cf.
1728 3465 1822 3509 Liv.
1843 3466 1882 3517 5,
1897 3463 1968 3510 54.

1082 3524 1174 3568 Dio
1209 3523 1279 3573 56,
1315 3525 1358 3568 5.
1444 3522 1673 3567 Sententia
1714 3523 1886 3582 saepius
1921 3523 1969 3575 in

1086 3581 1362 3632 orationibus
1386 3589 1610 3641 usurpata.
