2138 4030
606 219 783 281 LIB.
819 219 922 282 IV.
993 217 1189 283 CAP.
1223 220 1321 281 69.
1364 223 1461 282 70.
1838 223 1964 284 459

106 354 392 413 Nondum
447 352 725 421 victoria,
792 351 910 406 iam
959 349 1252 406 discordia
1299 362 1451 419 erat,
1520 350 1652 407 aliis
1708 353 1967 427 foedera,

109 439 466 517 quibusdam
491 458 628 512 opes
654 437 924 511 viresque
947 447 1050 492 aut
1067 444 1416 491 vetustatem
1442 436 1690 508 originis
1709 458 1816 511 per
1840 439 1967 497 iur-

109 525 204 598 gia
230 523 602 581 iactantibus,
685 519 913 577 Taedio
939 522 1276 578 futurorum
1315 521 1646 594 praesentia
1675 522 1965 597 placuere.

110 609 449 667 scribuntur
472 609 547 663 ad
575 605 866 663 Treveros
903 605 1181 680 epistolae
1218 603 1460 660 nomine
1491 602 1855 678 Galliarum,
1898 624 1966 669 ut

111 695 472 752 abstinerent
513 691 692 748 armis
734 690 1095 765 impetrabili
1130 690 1302 745 venia
1339 699 1395 746 et
1434 690 1651 764 paratis
1688 692 1967 765 depreca-

111 760 392 848 toribus5¹
435 777 486 834 si
528 775 872 851 poeniteret.
918 795 920 800 ·
980 773 1222 832 Restitit
1266 775 1423 833 idem
1460 772 1813 832 Valentinus
1856 782 1966 837 ob,-

111 865 436 939 struxitque
475 861 729 918 civitatis
768 880 906 916 suae
941 879 1108 916 aures
1146 856 1305 915 haud
1337 859 1584 933 perinde
1618 859 1963 922 instruendo

109 951 268 1007 bello
295 950 556 1005 intentus
580 967 755 1022 quam
783 946 1060 1021 frequens
1088 944 1492 1003 concionibus,

279 1045 465 1104 LXX.
553 1043 742 1117 Igitur
793 1064 917 1100 non
960 1043 1210 1099 Treveri
1246 1063 1437 1119 neque
1474 1042 1772 1118 Lingones
1814 1047 1967 1105 cete-

83 1139 283 1189 'raeve
351 1126 665 1187 rebellium
729 1129 991 1185 civitates
1063 1149 1172 1203 pro
1239 1129 1647 1202 magnitudine
1719 1120 1970 1208 suscepti

111 1215 470 1274 discriminis
521 1233 706 1287 agere.
795 1234 869 1269 ne
915 1215 1092 1270 duces
1145 1212 1384 1289 quidem
1425 1214 1490 1269 in
1522 1235 1711 1271 unum
1750 1233 1969 1276 consu—

110 1304 248 1362 lere.
371 1300 490 1359 Sed
539 1298 748 1356 Civilis
809 1299 937 1354 avia
986 1295 1304 1371 Belgarum
1368 1299 1747 1372 circumibat,
1824 1305 1968 1360 dum

111 1386 431 1445 Claudium
500 1383 843 1442 Labeonem
909 1403 1114 1457 capere
1176 1394 1278 1439 aut
1350 1386 1661 1441 exturbare
1739 1389 1968 1450 nititur.

111 1470 402 1529 Classicus
449 1489 622 1542 segne
667 1469 1015 1544 plerumque
1067 1467 1255 1524 otium
1308 1465 1548 1526 trahens
1592 1471 1756 1529 velut
1798 1486 1967 1548 parto

113 1547 361 1631 imperio
403 1555 730 1613 fruebatur.
816 1574 892 1608 ne
934 1552 1127 1610 Tutor
1164 1553 1405 1629 quidem
1444 1557 1762 1616 maturavit
1798 1572 1972 1634 supe'-

95 1642 335 1720 Oriorem
373 1638 729 1698 Germaniae
781 1639 975 1714 ripam
1026 1650 1083 1696 et
1135 1640 1319 1694 ardua
1357 1633 1606 1714 Alpium
1661 1645 1969 1716 praesidiis

112 1727 401 1786 claudere.
511 1720 708 1800 Atque
762 1723 1002 1780 interim
1044 1723 1498 1781 unaetvicesima
1546 1725 1697 1799 legio
1737 1725 1793 1782 V
1795 1729 1970 1786 indo-

111 1812 299 1880 nissa,
361 1809 641 1869 Sextilius
690 1805 859 1865 Felix
906 1828 1041 1866 cum
1092 1808 1414 1865 auxiliariis
1451 1806 1812 1869 'cohortibus
1864 1836 1972 1895 per

110 1895 381 1955 Raetiam
439 1895 734 1969 inrupere.
850 1893 1087 1950 accessit
1136 1894 1228 1949 ala
1286 1894 1708 1967 singularium,
1780 1900 1971 1958 ,excita

114 1982 259 2037 olim
287 2002 320 2037 a
347 1978 624 2048 Vitellio,
659 1977 872 2035 deinde
896 1979 962 2034 in
997 1989 1190 2054 partes
1213 1976 1564 2052 Vespasiani
1597 1982 1970 2056 transgressa.

110 2076 376 2142 praeerat
425 2062 614 2121 Iulius
647 2062 1023 2137 Briganticus
1071 2082 1273 2120 sorore
1315 2061 1526 2122 Civilis
1572 2067 1834 2140 genitus,
1905 2083 1972 2129 ut

193 215 427 300 2:¹3⁸}ss

165 2329 252 2368 per
305 2315 476 2370 iurgia.
565 2314 626 2357 Ex
683 2314 1002 2358 emendatione

1131 2317 1369 2360 Raetiam.
1433 2316 1518 2360 Ed.
1543 2317 1660 2375 Spir.
1683 2319 1887 2364 Retiom.
1913 2348 1968 2358 —-

111 2370 258 2415 Paulli
301 2370 521 2423 Manutii,
591 2388 724 2429 quam
777 2371 851 2415 hic
897 2389 1002 2416 curn

1075 2375 1174 2416 MS,
1196 2373 1352 2422 GueLf.
1377 2375 1480 2418 edd.
1500 2375 1604 2419 Put.
1619 2377 1686 2422 M.
1712 2387 1755 2420 et
1771 2378 1826 2421 V.
1853 2380 1969 2431 Rhe.

111 2428 261 2486 Lipsio
313 2430 686 2478 communicavit,
737 2429 861 2485 isque
904 2445 1003 2472 eam

111 2487 158 2529 in
204 2487 354 2529 locum
402 2489 570 2545 recepit
615 2502 734 2528 anno
782 2486 907 2530 1574,
946 2510 1004 2520 —

106 2545 318 2599 periuria
347 2543 481 2587 MSS.
503 2545 626 2586 Flor.
657 2544 783 2598 (teste
808 2542 1002 2602 Ryckio)

82 2600 228 2658 *Bud.
270 2600 379 2658 Reg.
413 2601 552 2645 Coi-b.
596 2601 667 2650 ed.
699 2601 842 2657 Spir..
896 2617 1002 2643 ean-

111 2658 304 2716 demque
329 2659 599 2715 scripturam
620 2657 794 2716 Lipsius
829 2658 874 2704 in
911 2660 1002 2702 suis

111 2715 345 2759 codicibus
388 2715 517 2759 vidit.
567 2739 624 2748 —-
704 2716 1004 2771 periuriaque

111 2772 247 2816 MSS.
272 2771 575 2816 Guelfsflarl.
615 2773 743 2816 Bodl.
775 2773 857 2815 les.
899 2774 1001 2816 edd.

112 2828 436 2872 Put.Bei·oald.
463 2831 586 2884 (cnm
607 2830 811 2886 si!.Viet.)
827 2846 925 2888 sqq.
951 2832 1005 2874 ad

113 2885 330 2942 Lipsium.
356 2911 407 2918 —
435 2902 528 2942 pro
553 2890 648 2929 iure
660 2887 761 2930 MS.
777 2888 885 2944 Agr.
905 2888 1005 2931 edd.

116 2942 259 3001 Ryek.
293 2943 478 3002 Bipont.
514 2968 567 2977 —
632 2944 865 2987 Manutius
907 2962 1003 2989 reni

117 3016 200 3042 acu
225 3001 379 3059 tetigit.

175 3083 469 3136 impetrabili.
539 3084 640 3127 MS.
671 3083 823 3135 Guelf.
857 3088 1005 3140 impe-

115 3141 349 3239 Ζῗᾶἓαόίίί.
375 3170 432 3177 -
464 3143 570 3184 Mox
594 3159 752 3186 omnes
775 3144 874 3187 libri
893 3159 1006 3199 per-

177 3281 285 3328 CAP,
330 3281 401 3325 70.
502 3268 789 3328 circumibat.

119 3337 273 3382 Guels.
300 3340 534 3382 circuibat.

902 3285 1007 3331 MS.

177 3436 233 3464 ne
261 3423 406 3474 Tiam-
430 3425 626 3479 quidem.
686 3423 767 3468 Ed.
787 3424 906 3483 Spir.
929 3442 1014 3471 neo

122 3478 166 3521 Τ
163 3487 266 3522 utor
310 3483 509 3535 quidem.
551 3509 610 3522 --·
674 3482 781 3526 Mox
828 3499 923 3527 uam
968 3493 1011 3528 et

124 3539 151 3575 Ι.
167 3537 239 3589 gio
272 3539 503 3582 vicesima.

1075 2433 1214 2474 tiam.
1237 2454 1295 2462 —
1345 2432 1458 2474 Edd.
1474 2433 1680 2476 Beroald.
1702 2437 1971 2493 sqq.Rhae-

1076 2490 1206 2530 tiam.
1269 2488 1356 2531 Sed
1378 2488 1466 2532 vid.
1495 2499 1593 2533 not.
1613 2491 1665 2533 ad
1688 2492 1775 2536 An.
1805 2494 1841 2541 1,
1867 2494 1937 2540 44.

1133 2548 1364 2600 inrupere.
1446 2547 1549 2590 MS.
1593 2547 1744 2592 Guelf.
1791 2554 1967 2595 irrum-

1071 2617 1199 2658 pere.

1131 2673 1215 2712 ala
1235 2671 1558 2726 singularium.
1627 2674 1862 2722 Fabrettus
1884 2679 1971 2734 (In-

1075 2729 1250 2785 scriptt.
1290 2745 1331 2772 c.
1366 2731 1408 2772 5.
1460 2747 1502 2788 p.
1540 2731 1659 2788 354.)
1711 2736 1973 2789 singulares

1075 2786 1212 2827 fuisse
1240 2786 1428 2842 gradum
1459 2787 1640 2832 militiae
1668 2790 1974 2849 praetorianae
2004 2803 2007 2808 ’

1078 2843 1333 2900 proximum
1356 2854 1521 2888 censet.
1593 2846 1970 2909 Ernestiustquo-

1079 2916 1166 2958 que
1199 2902 1363 2956 cogitat
1394 2902 1448 2944 de
1493 2904 1631 2960 gradu
1668 2906 1973 2954 honoratioris

1077 2957 1258 3000 militiae
1291 2956 1523 3014 eque‘stris.
1604 2964 1691 3005 Sed
1722 2964 1804 3008 hae
1838 2967 1972 3010 nimis

1076 3031 1213 3070 vagae
1256 3025 1360 3057 sunt
1400 3016 1662 3074 opiniones,
1716 3038 1802 3065 nec
1836 3025 1970 3081 quid-

1079 3088 1214 3128 quam
1279 3072 1382 3114 inde
1438 3075 1662 3120 doctiores
1721 3080 1972 3126 evadimus.

1081 3129 1238 3184 Quum
1273 3130 1421 3173 onmis
1457 3148 1528 3176 res
1563 3135 1752 3191 pendeat
1790 3145 1818 3180 ‘e
1857 3155 1973 3181 cou-

1080 3187 1263 3237 iectura‚
1296 3189 1437 3243 possis
1460 3191 1591 3234 etiam
1615 3197 1884 3247 singulares
1907 3195 1974 3240 in-

1079 3243 1281 3301 telligere
1301 3246 1468 3302 equites
1493 3264 1584 3292 non
1609 3251 1866 3303 turmatim,
1897 3255 1973 3295 scd

1080 3299 1338 3356 singulatim
1385 3311 1428 3346 et
1467 3321 1550 3347 suo
1595 3307 1785 3365 quisque
1837 3311 1975 3352 modo

1083 3365 1356 3416 pugnantes.
1385 3359 1703 3421 μονομάχους.
1726 3415 1729 3420 s

1144 3429 1458 3480 Briganticus.
1517 3433 1602 3476 Ed.
1630 3434 1749 3491 Spir.
1782 3436 1978 3490 brigall-

1084 3500 1181 3528 cus.
1216 3509 1271 3518 —
1341 3488 1446 3531 Mox
1483 3492 1638 3535 eadem
1675 3496 1851 3536 retenti·
1893 3510 1991 3555 pro·

1085 3545 1268 3587 recenti.
