2138 4030
1528 86 1554 99 l

1750 227 1799 262 Α.
1815 224 1871 261 U.
1886 224 1974 262 ⁸23.

1753 271 1806 307 A.
1825 267 1874 304 C.
1893 270 1980 307 27⁸).

773 206 1477 326 ulsromARuM

386 357 604 420 XLIV.
628 403 631 408 «
688 357 875 435 Capto
889 358 1138 415 Valente
1165 370 1370 415 cuncta
1396 360 1471 414 ad
1492 359 1733 415 victoris
1757 379 1902 435 opes
1922 378 2067 418 con-

213 468 378 518 versa
424 446 597 510 initio
646 465 752 521 per
789 443 1138 518 Hispaniam
1185 465 1216 500 a
1257 443 1447 518 prima
1485 441 1797 520 Adiutrice,
1835 445 2067 520 legione

212 545 376 601 ort0,
418 551 566 607 quae
603 530 886 587 memoria
919 524 1182 583 Othonis
1217 529 1443 584 infensa
1477 527 1721 586 Vitellio
1744 523 2067 587 'decumam

217 636 451 695 quoque
502 635 566 671 ac
615 627 831 671 sextam
888 613 1079 670 traxit.
1180 634 1287 669 nec
1341 611 1573 670 Galliae
1624 616 2067 675 cunctabantur.

217 715 274 760 et
312 694 686 758 Britanniam
733 698 957 754 inditus
1004 715 1138 769 erga
1175 696 1603 772 Vespasianum
1641 701 1841 769 favor,
1905 701 2067 776 qnod

215 789 339 844 illic
364 786 650 842 secundae
674 782 898 857 legioni
923 779 1228 851 aClaudio
1255 783 1624 858 praepositus
1657 795 1715 841 et
1751 785 1908 840 bello
1940 784 2074 841 cla-

217 893 318 929 rus
347 881 569 944 egerat,
612 889 736 925 non
763 868 890 922 sine
926 878 1093 923 motu
1130 867 1399 924 adiunxit
1433 879 1789 938 ceterarum,
1833 869 1899 924 in
1933 869 2069 946 qui-

215 959 327 1014 bus
374 955 640 1031 plerique
684 952 1054 1009 centuriones
1091 971 1156 1008 ac
1188 952 1406 1008 milites
1449 973 1483 1009 a
1517 951 1761 1012 Vitellio
1806 953 2069 1030 provecti

221 1053 524 1118 expertum
549 1040 670 1094 iam
695 1036 1019 1112 principem
1045 1036 1204 1093 anxii
1226 1039 1551 1097 mutabant.

387 1122 569 1185 XLV.
655 1120 745 1179 Ea
785 1122 1077 1178 discordia
1120 1133 1176 1178 et
1213 1122 1434 1178 crebris
1468 1123 1611 1178 belli
1647 1121 1839 1181 civilis
1864 1142 2070 1180 rumo-

219 1213 383 1269 ribus
425 1207 702 1264 Britanni
746 1207 1030 1263 sustulere
1077 1207 1304 1262 animos
1355 1218 1590 1264 auctore
1623 1207 1913 1277 Venutio,
1967 1207 2072 1283 qui

218 1315 392 1370 super
427 1293 664 1349 insitam
696 1289 973 1348 ferociam
1015 1303 1069 1348 et
1093 1289 1355 1348 Romani
1391 1292 1653 1348 nominis
1693 1292 1898 1350 odium
1931 1311 2074 1367 pro-

217 1381 362 1457 priis
391 1380 457 1434 in
483 1376 997 1436 Cartismanduam
1036 1377 1296 1450 reginam
1340 1378 1593 1434 stimulis
1628 1378 2072 1436 accendebatur.

223 1464 672 1523 Cartismandua
719 1460 1122 1535 Brigantibus
1152 1462 1525 1536 imperitabat
1574 1458 1816 1537 pollens
1851 1454 2074 1519 nobili-

217 1562 360 1616 tate:
407 1561 463 1606 et
492 1559 729 1605 auxerat
765 1547 1121 1621 potentiam,
1163 1559 1473 1623 postquam
1514 1560 1681 1622 capto
1719 1568 1825 1622 per
1863 1548 2068 1604 dolum

218 1655 352 1709 rege
390 1631 703 1693 Caractaco
754 1631 1094 1705 instruxisse
1132 1629 1497 1709 triumphum
1533 1630 1771 1691 Claudii
1808 1628 2072 1690 Caesaris

177 271 180 279 ,
213 206 336 292 308

206 1895 392 1952 fertur,
423 1892 656 1937 Broterius
677 1893 855 1949 fertur.
919 1891 1004 1933 Sed
1036 1906 1110 1933 ve·-

217 1961 335 1996 teres
362 1951 465 1994 libri
493 1950 602 1993 nihil
636 1959 825 1993 mutant.
887 1949 967 1992 Ed.
992 1950 1113 2007 Spir-

219 2010 574 2053 massilientae'um
599 2009 821 2064 adfertur
844 2009 1042 2051 insulas.

279 2092 397 2136 CAP.
416 2092 488 2136 44.
542 2107 574 2133 α
603 2092 766 2145 prima
788 2092 1024 2133 Adiutrice
1045 2092 1112 2131 le-

220 2143 356 2206 ‘grone
378 2156 497 2191 orto.
560 2148 642 2190 Ed.
659 2149 774 2205 Spir.
791 2150 953 2202 prima
976 2150 1110 2190 adiu-

225 2210 361 2252 trice.-
390 2207 625 2260 legionum
652 2213 775 2249 orto.

281 2293 461 2335 indimS.
551 2288 628 2332 Sic
657 2288 794 2332 MSS.
831 2286 953 2331 Flor.
991 2291 1114 2345 (test.

224 2349 362 2405 vict.)
386 2347 495 2405 Reg.
524 2339 663 2390 Coi-b.
700 2346 770 2390 ed.
791 2343 907 2403 Spir.
932 2369 988 2379 —
1038 2347 1113 2389 in·-

223 2409 358 2450 clitus
383 2406 457 2450 vet
491 2406 685 2459 inclytus
706 2402 807 2447 MS.
831 2402 981 2446 Guelf.
1010 2403 1112 2446 edd.

223 2462 402 2507 Puteol.
429 2478 524 2520 sqq.
547 2484 604 2493 --
641 2460 737 2504 MS.
756 2459 868 2505 Bud.
891 2460 1023 2503 dubie
1048 2462 1113 2501 in-

223 2523 347 2564 ditus
372 2525 435 2564 ‘an
467 2520 667 2561 inclitus.
746 2516 850 2560 Non
893 2532 1007 2576 nego
1034 2518 1111 2558 in-

224 2581 400 2621 clutum
431 2575 633 2619 favorem
671 2573 757 2618 dici
793 2590 949 2641 posse,
982 2582 1029 2617 ut
1058 2574 1115 2617 sit

223 2635 356 2680 favor
380 2635 497 2677 fama
531 2631 762 2690 gloriaque
792 2631 978 2689 insignis
1010 2632 1112 2686 (πε-

226 2689 475 2749 ριβόητος)τ
529 2691 605 2732 sed
641 2705 732 2732 non
760 2687 988 2746 intelligo,
1032 2704 1114 2731 c-ur

222 2750 479 2793 Britanniae
510 2763 610 2805 erga
639 2746 958 2805 Vespasianum
987 2746 1114 2788 favor

225 2825 278 2852 eo
313 2805 536 2851 vdcabulo
584 2811 792 2846 ornetur:
846 2802 956 2845 nihil
993 2801 1113 2845 enim

227 2865 373 2908 adhuc
423 2861 680 2920 accepimus
731 2860 786 2903 de
825 2859 903 2904 illo
942 2859 1114 2908 favore,

224 2937 314 2978 quo
362 2919 586 2978 epitheton
629 2921 825 2961 inclutus
862 2925 1111 2960 excusetur.

224 2978 508 3022 Vocabulum
565 2976 739 3018 irtdims
797 2974 955 3017 eximie
1011 2974 1114 3017 loco

227 3034 457 3079 c'onvenit.
519 3033 629 3076 Nam
653 3034 827 3074 inditus
860 3039 1028 3088 spectat
1059 3030 1112 3073 ad

227 3107 415 3149 sequens
452 3090 732 3133 ineinbrumt
762 3094 888 3145 quod
917 3090 1007 3130 illic

226 3156 409 3204 egerat,
460 3157 509 3190 ut
554 3146 770 3203 intelligas
811 3162 864 3190 eo
907 3146 1110 3188 favorem

224 3206 416 3249 inditum
464 3219 572 3247 esse.
666 3203 893 3246 Ernestius
935 3201 1114 3245 volebat

225 3265 416 3306 insitus.-
447 3260 523 3303 sed
551 3261 647 3315 quis
674 3260 785 3303 seret
808 3260 1009 3302 favorem
1037 3260 1110 3300 iu-

224 3322 369 3363 situm
403 3321 526 3375 quod
550 3319 640 3359 illic
666 3325 750 3360 etc.
822 3317 885 3358 lm
895 3333 967 3359 uio
991 3317 1111 3358 insi-

144 3416 147 3419 .
224 3386 324 3419 turn
341 3383 401 3418 est
423 3373 587 3431 aliquid
614 3383 770 3415 natura
791 3382 834 3415 et
850 3375 982 3430 longa
1003 3389 1110 3416 con·

221 3433 454 3477 suetudine
499 3439 540 3472 et
582 3429 708 3473 cuius
752 3431 970 3487 originem
1018 3446 1107 3473 uon

222 3490 483 3546 investiges,
521 3488 707 3543 ideoque
730 3487 891 3530 <licitur
910 3488 1108 3536 insitum,

218 3550 318 3607 quia
344 3562 435 3590 nun
464 3560 574 3603 opus
598 3552 659 3585 est
686 3554 727 3585 ut
754 3544 949 3586 indatur.

1241 1895 1474 1936 secundae
1499 1894 1685 1948 legioni.
1745 1891 1827 1936 Ed.
1851 1889 1972 1951 Spir.
1993 1903 2071 1934 se·

1183 1955 1361 1994 cundae
1385 1952 1589 2004 legionis.
1868 1967 1876 1973 “

1244 2029 1518 2068 ceterorum.
1580 2020 1726 2065 luten.
1751 2019 1998 2079 legionum.

1599 2091 1681 2136 Ed.
1715 2092 1834 2149 spir.
1873 2090 2074 2144 experti.

1186 2151 1352 2194 Eadem
1390 2167 1481 2193 non
1513 2151 1641 2193 habet
1664 2151 1818 2201 anxii,
1861 2157 1904 2192 et
1927 2156 2074 2191 nuta-

1184 2211 1297 2251 bant
1317 2224 1399 2265 pro
1426 2211 1686 2250 mutabunt.

1242 2291 1353 2335 CAP.
1388 2290 1457 2333 45.
1540 2291 1587 2331 V
1584 2292 1755 2333 enutio.

1185 2358 1291 2396 vett.
1333 2347 1435 2391 edd.
1472 2348 1523 2390 V
1519 2348 1696 2390 enus‘io.

1188 2410 1253 2460 12,
1275 2408 1349 2449 40.
1375 2404 1621 2449 Oberlinus
1678 2403 1934 2447 emendavit
1975 2404 2070 2446 Ve-

1183 2466 1334 2509 natio.
1359 2488 1415 2496 -
1480 2462 1569 2506 Pro
1593 2470 1785 2505 auctor-e
1803 2461 1908 2506 MS.
1932 2460 2074 2505 corb.

1183 2523 1272 2567 fert
1302 2530 1476 2565 actore.

1243 2101 1505 2146 expertum.

1850 2267 1984 2332 MSS.
2031 2295 2073 2331 et

1777 2345 1814 2389 E
1845 2346 1948 2390 loco
1984 2346 2075 2389 An.

1247 2607 1681 2649 Carensmanduam.
1739 2603 1817 2648 Sic
1840 2603 1940 2648 edd.
1954 2602 2072 2660 spir.

1185 2663 1319 2721 Lipsii
1342 2663 1611 2721 posteriores
1639 2659 1716 2715 (ibi
1746 2656 2075 2704 Carthisr'non-

1183 2723 1346 2776 duam)
1384 2719 1507 2763 Pich.
1536 2734 1634 2775 sqq.
1662 2740 1720 2750 —
1771 2718 2074 2762 Cat-thiman-

1184 2782 1330 2821 duam
1353 2776 1456 2819 edd.
1476 2776 1651 2818 Puteol.
1675 2791 1772 2834 sqq.
1804 2791 1907 2820 cum
1931 2774 2072 2819 silen-

1186 2834 1476 2935 titossietorii.
1534 2833 1594 2877 cf.
1615 2839 1710 2878 not.
1732 2835 1785 2878 ad
1808 2836 1894 2879 An.
1915 2833 1984 2885 12,
2002 2833 2074 2879 36.

1187 2910 1209 2936 e
1313 2924 1322 2934 .

1242 2978 1596 3019 accendebatur.
1671 2973 1771 3019 MS.
1804 2955 1956 3019 Guelf.
1992 2990 2073 3019 ac-

1187 3036 1519 3078 tendebantur.

1247 3116 1516 3160 Car-actaeo.
1577 3115 1654 3160 Sic
1683 3116 1784 3160 edd.
1811 3116 1935 3161 Pich.
1958 3116 2074 3160 Ber-

1186 3189 1477 3275 n-egiiss‘lv‘iis.
1502 3173 1980 3276 ἕξεῖἲῗζῗῗιίέῗὲέῗέ
2000 3173 2074 3274 ῗῖἰί

1185 3289 1371 3387 εΙιεΙηειιιι
1400 3289 1654 3340 Ceratae-03
1684 3287 1755 3332 ed.
1778 3288 1896 3347 Spir.
1921 3287 2070 3332 Cara-

1182 3354 1255 3389 tac
1274 3362 1335 3389 ιο.

1239 3429 1523 3471 instruxisse
1565 3429 1853 3482 triumphum
1889 3427 2078 3472 Cltmdic'

1184 3488 1415 3530 Caesaris.
1487 3484 1725 3529 Claudium
1754 3484 1865 3528 sacta
1886 3484 2072 3544 expedi-
2099 3488 2102 3492 ¹

1178 3545 1298 3586 tione
1345 3543 1605 3587 Britannica
1640 3542 2074 3601 1ι·ἰιιῐηρὶιεεεε,1ὶο-
