2138 4030
1763 278 1811 326 Α,
1830 267 1991 329 ωερε.

1758 323 1809 363 Ἀ.
1830 323 1901 362 C.·¹
1920 325 1981 364 70.

211 288 295 352 52
765 280 1482 348 HISTORIARUM

149 471 151 475 ,
217 417 466 485 Dexter,
501 415 820 493 Pompeius
841 417 1181 491 Longinu5‚
1226 415 1277 472 si
1300 406 1597 491 incipiens
1619 412 1812 481 adhue
1839 425 1897 474 et
1927 413 2068 474 nee·-
2118 455 2124 465 ι

215 505 361 559 dum
387 498 586 559 adulta
615 503 822 561 seditio
848 503 1194 558 melioribus
1229 500 1496 557 consiliis·
1526 498 1916 583 flecteretursj'*
1955 498 2068 559 tr'i*

213 590 515 646 hunorum
530 587 816 645 Subrium
841 597 897 643 et
908 584 1173 654 Cetrium
1194 586 1414 643 milites
1437 586 1630 642 adorti
1651 583 1877 664 minis,¹
1901 582 2066 644 Eon-

212 673 419 746 ginum
450 673 723 729 manibus
749 682 1019 728 coercent
1046 680 1509 748 exarmantque,'
1541 671 1676 747 qnia
1705 667 2065 728 non'ordine

209 758 458 814 militiae
490 760 591 814 sed
619 778 649 813 e
675 755 902 814 Galbae
929 756 1132 812 amicis
1161 757 1313 813 fidus
1346 755 1603 832 principi
1638 754 1743 812 sno
1775 746 2064 814 addisci:

211 843 507 901 scentibus
535 842 859 917 suspeetior
879 839 1021 904 erat.
1106 839 1289 914 Legio
1328 841 1566 898 classica
1603 837 1758 896 nihil
1794 838 2063 899 cunctata

207 928 597 1004 praetorianis
620 926 981 999 adiungitur.

206 1012 446 1088 ingestis
474 1013 612 1087 pilis
639 1012 1012 1087 proturbant.
1102 1010 1456 1067 Germanica
1493 1012 1708 1067 vexilla
1745 1011 1849 1068 diu
1888 1011 2064 1068 nuta-

205 1119 342 1155 vere
368 1098 646 1154 invalidis
667 1093 861 1153 adhuc
887 1096 1233 1171 corporibus
1259 1107 1314 1152 et
1334 1097 1577 1171 placatis
1600 1096 1843 1165 animiS,
1901 1098 2062 1175 quod

205 1204 303 1241 eos
328 1204 360 1239 a
382 1181 617 1240 Nerone
640 1177 1064 1238 Alexandriam
1090 1182 1440 1256 praemissos
1467 1192 1642 1257 atque
1678 1181 1820 1240 inde
1852 1201 2062 1255 rursus

201 1270 380 1342 longa
427 1267 804 1340 navigatione
850 1267 1052 1340 aegros
1097 1267 1466 1348 impensiore>
1498 1286 1636 1322 cura
1673 1263 1866 1323 Galba
1901 1268 2060 1331 refo—

186 1355 392 1412 'vehah

203 1547 399 1590 Cetrius.
457 1546 570 1590 Edd.
595 1547 699 1590 inde
724 1563 747 1589 a
771 1545 873 1590 Put.
896 1547 950 1590 ad
973 1546 1094 1590 hune

200 1605 321 1647 diem
346 1604 499 1647 ferunt
517 1605 698 1647 Cet-ius.
757 1605 845 1647 Sed
870 1621 976 1647 mox
988 1606 1091 1647 MS.

200 1660 355 1704 Guelf.
383 1662 483 1704 edd.
508 1662 610 1704 Put.
632 1663 700 1704 M.
726 1671 767 1704 et
792 1662 842 1707 V.
871 1663 976 1705 dant
998 1662 1093 1703 Ce—

198 1721 363 1769 trium,
393 1727 441 1761 ut
465 1720 522 1761 ita
546 1721 694 1777 priore
714 1718 817 1761 loco
846 1720 1008 1762 Cerius
1029 1720 1094 1763 vi·

195 1776 262 1818 tio
286 1792 528 1834 operarum
555 1777 845 1819 tribuendum
867 1777 1091 1832 videatur.
1164 1779 1248 1821 tiae
1282 1777 1322 1820 b.
1354 1791 1393 1819 e.
1427 1776 1594 1819 tribuni
1630 1773 1762 1817 titulo
1795 1783 1843 1817 et
1870 1774 2057 1818 nomine

197 1833 299 1891 Bip.
323 1834 606 1892 suspicantur
633 1835 815 1876 Curtius
837 1850 885 1876 ex
907 1832 998 1877 An.
1026 1835 1091 1879 12.
1165 1834 1512 1879 desciscentibus
1547 1839 1779 1889 suspectus
1814 1840 1930 1882 erat,
1977 1830 2058 1875 sed

199 1891 266 1935 55.
1164 1892 1269 1950 quia
1304 1908 1327 1934 e
1350 1890 1518 1934 Galbae
1548 1889 1703 1933 amicis
1737 1904 1880 1948 eoque
1907 1896 2058 1948 suspe-

254 1956 299 1990 et
321 1951 537 1990 necdum.
601 1947 678 1992 Sic
701 1948 799 1991 MS.
823 1947 945 1993 Flor.
971 1948 1088 2002 (test.
1163 1950 1280 1993 otior
1305 1956 1414 1992 erat.
1787 1981 1789 1983 .
1914 1975 1917 1978 ⁴

198 2005 314 2049 Viet.
336 2021 377 2048 c.
401 2005 485 2048 lac.
509 2005 674 2060 Gron)
705 2005 805 2047 edd.
829 2005 916 2048 Iac.
942 2004 1088 2047 Gron.
1214 2007 1422 2061 principi
1441 2020 1542 2048 suo.
1600 2003 1832 2047 Ernestius
1853 2018 1939 2047 suo
1958 2003 2056 2046 a-li·

1165 1606 1363 1662 positum
1397 1619 1482 1663 pro
1512 1604 1569 1644 ob
1600 1601 1841 1653 ordinem,
1877 1611 1926 1657 μῑ
1949 1618 2056 1649 sen-

1165 1663 1300 1705 tentia
1331 1662 1410 1705 sit:
1447 1659 1550 1718 quia
1581 1674 1704 1708 non,
1735 1669 1784 1703 ut
1804 1658 1992 1703 Subrius
2015 1669 2062 1703 et

1166 1720 1368 1770 Cetrius,
1408 1720 1466 1761 ob
1502 1718 1711 1760 ordinem
1739 1719 1913 1761 tantum
1938 1715 2059 1760 mili-

1069 921 1295 1003 lllyrici
1320 926 1604 983 exercitus
1631 926 1801 983 electi
1823 923 2080 1006 Celsumv

1167 1547 1218 1590 lis
1251 1555 1330 1591 est.
1389 1545 1511 1589 Hine
1537 1546 1698 1587 ordine
1729 1544 1877 1602 potius
1906 1544 2069 1603 accipe

194 2063 371 2106 Ernest.
394 2078 492 2119 sqq.
556 2063 616 2105 lta
642 2062 728 2105 iam
743 2062 986 2104 Rhenanus
1011 2079 1089 2106 vo·

192 2121 336 2163 luerat
364 2119 412 2162 iu
445 2119 665 2178 castigatt.
707 2144 762 2152 —
833 2127 878 2161 et
914 2123 1090 2161 nedum

191 2178 327 2221 MSS.
352 2177 464 2234 Reg,
487 2178 606 2220 Bud.
630 2176 770 2220 Corb.
794 2177 862 2220 ed.
888 2177 1007 2234 Spir.
1034 2201 1090 2210 --

191 2244 236 2276 et
269 2238 483 2276 nondum
517 2234 658 2278 MSS.
687 2234 812 2278 Harl.
841 2234 973 2278 Bodl.
1003 2235 1088 2278 les.

193 2291 345 2336 Guelf.
381 2292 483 2341 edd,
517 2292 621 2335 Put.
644 2308 741 2350 sqq.
772 2293 825 2334 ad
851 2291 937 2334 lac.
964 2290 1087 2334 Gro-

191 2366 305 2395 nov.
375 2348 442 2392 Co
479 2349 551 2391 ula
596 2357 639 2392 ec
682 2357 803 2393 certe
847 2349 1086 2392 redundat.

192 2408 250 2452 cf.
266 2409 355 2450 An.
381 2409 420 2458 1,
442 2410 478 2452 ‘.
502 2409 569 2449 10.
593 2416 635 2450 et
655 2406 777 2450 alibi.
837 2407 962 2449 Suet.
979 2406 1085 2450 Oct.

191 2483 232 2509 c.
261 2467 330 2507 10.
353 2465 425 2508 29.
484 2463 586 2508 Tib.
615 2481 655 2508 c.
678 2466 749 2507 44.
808 2463 914 2506 Ner.
951 2481 990 2507 c.
1027 2464 1086 2506 34

190 2532 232 2565 et
265 2521 385 2565 alibi.
444 2521 565 2565 Num
601 2522 718 2580 apud
750 2520 958 2565 Tacitum
991 2521 1080 2564 fuit

191 2588 234 2621 et
270 2594 351 2621 nee
386 2582 524 2622 tum?
592 2579 706 2622 Nam
745 2582 859 2621 dum
902 2588 946 2621 et
983 2587 1086 2621 tum

189 2638 360 2695 saepius
382 2646 632 2693 permutata
657 2636 867 2680 vidimus.
907 2637 967 2679 cf.
989 2644 1083 2681 not.

191 2695 243 2736 ad
268 2693 358 2736 An.
384 2697 421 2742 1,
443 2694 483 2736 3.
513 2696 555 2743 2,
577 2695 649 2737 36.
682 2695 724 2746 3,
748 2695 811 2737 18.
836 2702 876 2737 et
902 2692 1024 2737 alibi..

245 2752 416 2793 milites
440 2755 609 2794 adorti.
668 2751 753 2795 Ed.
778 2752 897 2810 Spir.
934 2758 976 2793 et
1000 2767 1082 2792 nu·

187 2823 269 2865 per
298 2807 489 2851 Bekker.
530 2812 693 2851 adorti
725 2810 906 2851 milites.
975 2808 1081 2851 MS.

189 2864 338 2908 Guelf.
358 2866 425 2908 bis
447 2865 575 2909 habet
595 2867 765 2909 milites
786 2866 873 2910 sic:
907 2866 1081 2908 milites

186 2923 380 2964 adhorti
394 2923 538 2964 minis
559 2926 744 2968 milites.

247 2980 358 3035 quia
381 2994 480 3021 non
510 2980 673 3022 ordine
695 2981 911 3024 militiae.
970 2979 1080 3023 Aci-

187 3036 330 3081 dalius
364 3037 570 3081 volebat:
615 3052 711 3079 non
748 3040 916 3080 ordine
948 3037 1080 3081 mili-

186 3097 308 3146 tiae,
334 3097 417 3135 sed
446 3094 559 3149 quia
580 3102 666 3138 etc.
727 3095 961 3139 Heinsius:
989 3110 1078 3138 ex—

184 3158 468 3207 armantque
505 3152 572 3202 vi,
621 3166 717 3192 non
753 3154 920 3195 ordine
955 3155 1080 3195 mili-

185 3212 290 3254 tiae.
334 3207 533 3251 Pichena
555 3207 781 3266 vulgatam
803 3211 1075 3267 scripturam

184 3264 395 3323 explicat:
421 3265 564 3323 „quia
584 3266 974 3325 praetorianorum
999 3267 1075 3310 tria

166 3324 332 3382 'hunus
359 3321 506 3370 factus
530 3338 621 3365 non
654 3321 800 3366 suerat
829 3341 910 3381 per
943 3325 1072 3367 ordi-

182 3379 289 3424 nem
316 3387 370 3429 et¹
388 3379 550 3438 gradus
579 3378 790 3427 militiae,
832 3390 882 3424 ut
911 3382 1072 3425 ceterit

85 3466 105 3473 ν
179 3438 257 3481 sed
291 3435 461 3480 Galbae
496 3445 666 3480 tantum
706 3437 897 3480 amicitia
932 3449 976 3483 et
1010 3439 1071 3481 fa-

178 3510 303 3538 vore.
321 3495 347 3514 ”
403 3494 489 3538 Sed
515 3493 624 3537 haec
651 3493 792 3536 inesse
826 3505 1069 3552 nequeunt,

171 3609 459 3665 massacius,
489 3624 602 3668 quae
624 3607 790 3666 ellipsis
809 3609 1066 3654 intolerabi-

1161 2065 1313 2107 brario
1329 2063 1679 2119 germanissante
1696 2061 1894 2105 additum
1916 2061 2056 2120 suspi-

1163 2130 1302 2164 catur.
1345 2120 1517 2163 Verum
1542 2133 1627 2162 suo
1650 2134 1750 2174 non¹
1765 2126 1889 2162 caret
1914 2134 1991 2161 sua
2016 2119 2058 2162 vi

1161 2179 1412 2235 eodemque
1437 2176 1533 2219 inre
1556 2176 1628 2243 hie
1649 2176 1832 2233 ponitur
1855 2190 1955 2233 quo
1988 2185 2055 2220 est
2133 2234 2138 2238 ⁴

1161 2237 1283 2279 026,
1308 2235 1534 2288 principis
1554 2248 1624 2275 sui
1645 2234 1902 2288 sang-oium
1931 2235 2051 2278 c.40.

1161 2294 1496 2349 imperatorem
1527 2306 1695 2343 εαυτῆς
1734 2290 2061 2335 Germ.·c..13.

1153 2353 1412 2405 principem
1434 2364 1597 2399 suum3
1655 2348 1714 2393 ib.
1749 2365 1786 2392 r.
1815 2349 2054 2403 14.;ρν·ι”ηφ-

1160 2409 1251 2462 cipi
1281 2423 1383 2450 suo.
1456 2408 1508 2450 ln
1549 2405 1622 2451 tali
1656 2407 1907 2449 verborum
1942 2406 2059 2452 coh-1

1158 2474 1277 2508 textu
1299 2480 1416 2508 suus
1431 2467 1643 2518 princeps
1673 2479 1730 2520 op
1765 2463 1919 2506 onitur
1938 2461 2051 2507 -wi-

1158 2538 1332 2579 cunque
1349 2523 1566 2578 principi.
1593 2523 1651 2565 cf.
1670 2521 1717 2563 in
1742 2537 1779 2563 r.
1804 2519 1926 2564 e..⁹›7.
1943 2518 2050 2564 «Ce-

1156 2589 1302 2623 terum
1337 2580 1424 2623 vid.
1456 2587 1553 2622 not.
1584 2580 1638 2623 ad
1668 2580 1760 2624 An.
1793 2578 1836 2621 2.
1864 2579 1938 2622 40.
1965 2579 2048 2622 sub

1157 2654 1233 2682 vv.
1261 2639 1311 2679 in
1332 2652 1519 2680 servum
1541 2651 1697 2679 suum.
1971 2657 1975 2662 -
2012 2652 2018 2660 ⁴

1216 2696 1399 2738 Celsum
1427 2695 1622 2749 ingestis
1646 2693 1766 2748 pilis.
1816 2692 1916 2735 Pro
1942 2693 2048 2737 Cel:-

1153 2768 1260 2796 sum
1295 2752 1399 2795 MS.
1426 2752 1549 2794 Flor.
1582 2753 1698 2806 (test.
1729 2749 1867 2806 Vici.)
1899 2758 1942 2792 et
1972 2751 2047 2795 ed.

1152 2811 1270 2867 Spir.
1310 2808 1461 2851 ferunt
1495 2810 1701 2851 Festum.
1785 2807 1874 2851 Sed
1913 2814 2047 2866 supra

1151 2868 1308 2912 Celsus
1320 2866 1374 2909 ad
1389 2867 1552 2909 electos
1566 2867 1685 2924 lllyr.
1699 2865 1916 2909 exercitus
1930 2866 2061 2925 dieo-¹

1151 2926 1281 2968 batur
1307 2925 1482 2966 missus.
1543 2924 1661 2981 Edd,
1681 2923 1785 2965 Pui.
1812 2937 1909 2980 sqq.
1938 2938 2044 2966 cum

1151 2982 1251 3026 MS.
1274 2979 1425 3024 Guelf.
1449 2980 1739 3024 consentiunt
1769 2979 1817 3022 in
1840 2980 2042 3024 Celsum.

1149 3037 1251 3083 MS.
1295 3038 1414 3081 Bud.
1468 3039 1542 3082 dat
1591 3038 1791 3081 Festum
1841 3038 2042 3089 Celsum,
2099 3073 2102 3077 .

1150 3096 1418 3153 scripturam
1452 3113 1475 3138 e
1507 3096 1688 3139 diversis
1725 3094 1850 3139 libris
1874 3094 2043 3139 confla·

1148 3163 1257 3196 tam.
1319 3153 1410 3195 Pro
1434 3154 1651 3206 ingestis,
1684 3151 1805 3210 quod
1828 3152 2039 3211 suppedi-

1146 3220 1243 3253 tant
1267 3210 1401 3254 MSS.
1425 3211 1539 3254 Bud.
1568 3212 1678 3268 Agr.
1702 3210 1809 3267 Reg.
1833 3209 2038 3268 ed.'Spir.
2104 3217 2109 3226 “

1146 3269 1281 3335 (υθιιπὶςε
1317 3270 1484 3334 recepit
1514 3269 1688 3310 Ernest.
1715 3266 1874 3310 Oberl.
1907 3269 2040 3366 sqth),

1146 3327 1215 3367 ain
1243 3325 1365 3377 libri,
1389 3334 1437 3367 ut
1452 3326 1587 3369 MSS.
1605 3323 1981 3368 Harl.Bodl.Gue
2024 3355 2034 3366 .

1145 3384 1243 3425 odd.
1267 3382 1367 3425 Put.
1390 3397 1490 3440 sqq.
1515 3384 1568 3426 ad
1595 3383 1769 3425 Ernest.
1797 3391 1840 3424 et
1873 3381 2035 3424 deiude

1141 3439 1268 3481 Brot.
1293 3447 1334 3482 et
1349 3439 1470 3496 Bip„
1495 3441 1602 3483 dant
1624 3439 1816 3494 infestis.
1880 3439 1929 3481 ln
1951 3453 2034 3481 no·

1140 3499 1194 3539 tis
1217 3505 1364 3539 tamen
1390 3497 1623 3540 Broterius
1645 3496 1933 3558 commendpt
1956 3492 2032 3537 ih-

1142 3612 1221 3654 lac.
1258 3610 1481 3667 Gronov.)
1518 3612 1670 3673 Corb.⁴
1698 3611 1911 3667 praebent

175 3551 262 3594 nisi
286 3551 322 3594 si
343 3567 446 3595 cum
470 3551 646 3594 Ferleio
669 3550 888 3609 intelligas
918 3555 1067 3595 tribu·
1137 3555 1288 3609 gestis.
1350 3554 1482 3598 MSS.
1495 3555 1615 3598 Flor.
1649 3553 1902 3608 (iestst'iet.
1923 3566 2030 3653 ellan
