2138 4030
193 261 319 324 304
764 252 1476 319 HISTORIAR'UM
1732 255 1966 338 2:222}
2047 252 2050 257 ’

194 393 365 451 mites
405 389 583 446 vitata
618 387 908 447 Ravenna
939 386 1260 444 Hostiliam
1293 384 1723 447 Cremonamve
1766 386 2049 468 Pergeref.

193 478 324 536 aliis
346 475 613 551 placebat
641 474 835 531 accitis
863 493 931 530 ex
959 473 1118 529 urbe.
1135 472 1442 547 praetoriis
1477 469 1820 533 cohortibus
1851 478 2047 537 valida

190 582 372 620 manu
408 579 804 636 perrumpere.
891 557 1014 632 ipse
1038 557 1239 614 inutili
1265 558 1636 615 cunctatione
1659 561 1872 634 agendi
1897 572 2048 620 tem-

190 668 335 724 pora
385 644 771 702 consultando
823 642 1203 716 consumpsit.
1300 663 1449 699 mox
1490 655 1810 722 utrumque
1851 648 2050 704 consi-

187 735 338 791 lium
383 740 752 806 aspernatUS‚
804 726 967 803 quod
1003 726 1158 783 inter
1197 727 1475 803 ancipitia
1523 729 1906 789 deterrimum
1941 740 2047 802 est,

189 821 331 876 dum
357 814 548 872 media
577 813 871 890 sequitur,
914 829 1022 867 nec
1047 831 1221 868 ausus
1250 822 1335 868 est
1359 812 1498 869 satis
1523 833 1631 871 nec
1656 817 1937 891 providit.

356 909 516 972 XLI.
603 907 805 966 Missis
833 909 906 964 ad
932 907 1244 966 Vitellium
1278 909 1490 967 litteris
1519 913 1804 970 auxilium
1842 927 2047 990 postu-—

187 1002 288 1059 lat.
373 1015 587 1053 venere
618 1006 732 1068 tres
758 989 1027 1052 cohortes
1054 1014 1190 1050 cum
1223 995 1314 1051 ala
1334 992 1711 1067 Britannica,
1748 1019 1941 1077 neque
1967 1002 2045 1066 ad

185 1083 511 1142 fallendum
554 1091 723 1154 aptus
759 1092 1041 1135 numerus
1071 1099 1263 1156 neque
1285 1082 1360 1135 ad
1388 1083 1839 1155 penetrandum.
1879 1124 1884 1141 ,«
1924 1085 2045 1143 Sed

187 1170 408 1226 Valens
451 1186 527 1222 ne
572 1164 636 1220 in
679 1171 843 1221 tanto
889 1164 1128 1240 quidem
1172 1164 1514 1222 discrimine
1556 1166 1800 1225 infamia
1841 1170 2048 1240 caruit,

185 1275 303 1332 quo
344 1252 544 1309 minus
579 1269 785 1324 rapere
822 1249 1076 1306 inlicitas
1127 1250 1458 1324 voluptates
1508 1253 1929 1331 adulteriisque
1977 1275 2044 1311 ac

186 1338 402 1415 stupris
444 1335 708 1412 polluere
756 1329 1055 1409 hospitum
1097 1335 1310 1391 domus
1349 1336 1702 1398 crederetur.
1800 1340 2046 1398 aderant

185 1426 274 1482 vis
301 1435 356 1481 et
381 1419 631 1498 pecunia
659 1430 714 1476 et
736 1420 962 1476 ruentis
981 1421 1253 1477 fortunae
1278 1421 1599 1478 novissima
1624 1422 1831 1483 libido.
1913 1420 2044 1481 Ad..

180 1520 365 1567 ventu
397 1508 635 1563 demum
672 1505 936 1580 peditum
974 1505 1356 1582 equitumque
1382 1508 1639 1581 pravitas
1667 1508 1903 1565 consilii
1935 1531 2044 1585 pa-

182 1595 327 1663 tuit,
408 1591 545 1669 quia
601 1610 711 1646 nec
766 1590 980 1645 vadere
1035 1610 1141 1666 per
1197 1586 1392 1647 hostes
1446 1603 1566 1649 tam
1619 1613 1800 1668 parva
1861 1614 2041 1652 manu

179 1683 437 1756 poterat,
480 1677 658 1733 etiam
689 1674 740 1730 si
764 1674 1043 1730 fidissima
1067 1675 1249 1744 soret,
1293 1696 1398 1733 nec
1425 1675 1711 1751 integram
1745 1678 1922 1735 fidem
1951 1693 2042 1737 at-

182 1766 458 1823 tulerant.
570 1761 764 1835 pudor
807 1771 1001 1818 tamen
1043 1772 1099 1817 et
1134 1762 1454 1834 praesentis
1499 1763 1666 1818 ducis
1712 1767 2041 1823 reverentia

179 1851 549 1915 morabatur,
589 1841 749 1902 haud
782 1845 1063 1902 diuturna
1098 1844 1294 1902 vincla
1328 1849 1486 1922 apud
1515 1848 1717 1904 avidos
1743 1850 2039 1924 periculo-

181 1957 314 1993 rum
342 1946 398 1991 et
423 1931 726 1990 dedecoris
753 1949 1004 1990 securos·

143 2063 151 2075 .,
179 2041 348 2084 versa
378 2038 500 2076 non
544 2027 916 2074 mutaverant
954 2014 1371 2074 comitantibus
1405 2013 1674 2075 cohortes
1696 2014 2040 2078 Ariminum

1090 1927 1182 1986 Eo
1209 1942 1371 1988 metu
1411 1943 1469 1987 et
1507 1934 1708 2007 paneis
1745 1954 1892 2011 quos
1930 1938 2069 1992 ad-¹

105 2554 117 2561 ”
177 2565 308 2611 codd.
334 2548 487 2605 ,MSS
537 2557 806 2616 poscebant,

236 2277 350 2323 ΟΜ).
378 2271 453 2317 41.
523 2285 581 2313 ne
622 2272 669 2313 in
711 2276 845 2313 tanto
884 2268 1071 2324 quidem

177 2327 462 2381 discrimine.
523 2328 623 2371 MS.
653 2328 771 2370 Bud.
805 2326 905 2369 edd.
928 2326 1070 2368 Rhen.

178 2394 284 2440 Ald.
320 2405 420 2448 sqq.
461 2402 520 2429 ne
555 2389 601 2428 in
635 2392 771 2428 tanto
803 2384 1072 2426 discrimine

176 2451 378 2510 quidem.
447 2442 536 2488 Sed
561 2459 695 2501 quem
717 2442 964 2488 verborum
987 2456 1070 2483 or·-

134 2509 147 2516 ”
177 2510 330 2553 dinem
357 2502 459 2546 edd.
493 2510 596 2545 ante
623 2501 764 2543 Rhen.
800 2508 843 2542 et
872 2499 1069 2565 potiores

874 2563 1069 2599 restxtmt

174 2620 421 2667 Ernestius.
480 2615 603 2660 Idem
630 2613 871 2658 Rhenanus
903 2629 926 2654 e
963 2613 1068 2657 cod.

173 2679 291 2726 Bud.
328 2675 525 2721 ediderat
561 2688 652 2729 quo
693 2674 846 2714 minus
883 2670 1068 2712 illicitas

175 2736 351 2790 rapere'
385 2735 645 2784 voluptates
684 2738 770 2773 etc.
858 2728 1068 2770 Veterem

173 2796 414 2839 verborum
453 2789 658 2832 ordinem
703 2785 932 2832 revocavit
969 2784 1065 2828 ‘Er-

173 2851 360 2896 nestius.

229 2905 578 2960 adulteriisque.
655 2901 737 2944 Ed.
771 2900 892 2960 Spir.
925 2898 1067 2957 negli-

173 2969 234 3026 git
258 2964 464 3022 copulam
488 2975 586 3016 que.
644 2958 814 3003 Eadem
839 2975 894 3003 ao
917 2975 1060 3014 pecu-

172 3025 254 3067 nin
278 3038 360 3081 pro
382 3027 426 3062 et
443 3035 495 3073 μ.
925 3072 935 3083 ·

231 3088 330 3123 tam
354 3090 508 3131 parva
534 3090 697 3118 manu.
758 3073 990 3117 Ernestms
1023 3079 1066 3115 et

171 3133 484 3183 Lallemaudus
522 3133 729 3175 volebant
768 3139 870 3174 tom
906 3144 1065 3185 parva

172 3206 369 3243 monus,
418 3189 541 3232 nulla
575 3190 705 3246 plane
743 3188 948 3232 mutandi
982 3203 1066 3231 ue-

174 3252 391 3300 cessitate.

230 3307 525 3354 morabatur.
611 3303 747 3346 MSS.
784 3302 893 3360 Reg.
924 3301 1064 3346 corb.

173 3365 330 3412 Guelf.
355 3362 420 3419 (in
436 3359 655 3419 margine)
681 3360 880 3419 ed.Spir.
903 3362 1063 3402 horta·

173 3430 399 3524 beggha·
460 3475 534 3519 Sic
559 3475 658 3517 MS.
693 3474 818 3518 Flor.
850 3482 960 3516 teste
983 3472 1063 3516 Vi-

171 3539 331 3585 (fitorio.
363 3529 512 3591 Vulgo
537 3533 735 3574 vincula.
756 3556 813 3565 —
859 3532 967 3573 Mox
993 3531 1063 3574 ed.

172 3599 290 3657 Spir.
316 3600 401 3637 aut
420 3593 647 3635 diuturna
674 3603 758 3647 pro
778 3589 907 3631 haud
930 3592 973 3632 d.

1202 2270 1364 2312 o'vidos
1378 2271 1706 2323 periculorum.
1766 2270 1804 2313 F
1804 2275 1967 2315 aernus
1991 2281 2037 2315 et

1144 2342 1249 2370 cnm
1285 2343 1337 2369 eo
1375 2325 1573 2378 Ernest„
1603 2325 1904 2379 Lallemaud„
1937 2327 2034 2372 Du·

1142 2399 1251 2427 reau
1282 2385 1336 2427 de
1354 2382 1578 2435 Lamalle,
1619 2382 1905 2429 Strombeck.
1927 2384 2033 2429 fru-

1141 2449 1230 2484 stra
1271 2442 1428 2484 volunt
1463 2443 1661 2496 pavidos
1697 2444 2037 2496 periculorum.
2076 2463 2077 2466 ¹

1141 2498 1256 2542 Nam
1283 2498 1405 2542 idem
1425 2497 1497 2542 hic
1521 2498 1717 2542 militum
1737 2499 1912 2547 animus
1933 2501 2034 2551 fuit,

1141 2571 1278 2613 quem
1302 2554 1466 2599 Noster
1488 2555 1722 2616 descripsit
1745 2571 1842 2614 cap.
1861 2558 1932 2602 ΞΘ.
1949 2575 2033 2614 pe·

1138 2614 1277 2656 riculi
1290 2629 1432 2670 quam
1455 2627 1618 2655 morae
1635 2615 1896 2668 patientior
1917 2625 2003 2660 etc.

1197 2698 1435 2740 dedecoris
1474 2710 1676 2740 securos.
1767 2697 1868 2742 MS.
1910 2698 2028 2745 Bud.

1139 2754 1242 2798 edd.
1278 2754 1478 2797 Rhenan.
1501 2769 1598 2812 sqq.
1625 2755 1806 2798 decoris
1831 2769 2029 2802 securos.

1138 2811 1338 2856 Pichena
1384 2812 1605 2868 probante
1648 2810 1798 2871 Lipsio
1841 2814 2032 2859 restituit

1136 2869 1373 2912 dedecoris
1403 2885 1426 2910 e
1458 2869 1558 2912 MS.
1595 2868 1630 2911 F
1635 2869 1742 2920 lor..
1796 2886 1906 2919 cum,
1934 2887 2028 2928 quo

1137 2927 1270 2971 ceteri
1292 2926 1394 2969 libri
1417 2933 1523 2969 vett.
1545 2927 1850 2971 consentiunt.
1878 2935 1891 2940 ‘⁵

1194 3024 1247 3052 eo
1278 3017 1407 3052 metu
1442 3016 1488 3051 et
1506 3011 1674 3065 paucis·
1700 3041 1713 3052 .
1731 3042 1744 3055 .
1759 3042 1772 3054 .
1796 3013 2028 3055 eomitan-

1136 3069 1274 3110 tibus.
1335 3067 1413 3111 Sic
1438 3067 1572 3111 codd.
1594 3066 1730 3111 MSS.
1758 3067 1885 3115 Floxt.
1911 3069 2027 3124 (test.

1136 3124 1272 3180 Viet.)
1304 3123 1419 3167 Bud.
1450 3123 1603 3168 Guelf.
1638 3132 1682 3168 et
1714 3125 1874 3176 ceteri,
1918 3127 2024 3172 edd.

1136 3182 1254 3241 Spir.
1282 3181 1385 3224 Put.
1410 3182 1478 3226 M.
1503 3181 1617 3226 etV.
1641 3190 1683 3224 et
1705 3182 1806 3224 dein
1826 3181 2025 3231 Rhenan.

1135 3256 1232 3298 sqq.
1258 3266 1316 3275 -
1356 3237 1602 3294 Beroaldus
1628 3247 1670 3282 et
1692 3239 1888 3285 Alciatus
1912 3242 2028 3285 omi·

1136 3303 1287 3340 serant
1319 3305 1365 3339 ec
1397 3304 1501 3340 ante
1532 3297 1708 3350 paucis.
1789 3297 1852 3340 At
1890 3297 2026 3342 hodie

1133 3352 1563 3398 suadenteAcidalio
1585 3353 2025 3412 transponendi-ubi-

1134 3427 1222 3470 que
1267 3410 1433 3469 cupido
1488 3419 1529 3453 et
1573 3419 1755 3453 auctore
1799 3409 2022 3458 oberlino

1138 3469 1300 3513 edunt:
1339 3483 1393 3511 eo
1420 3476 1572 3516 metu,
1603 3469 1814 3510 cohortes
1840 3469 2020 3512 An'im‘-

1131 3541 1248 3568 num
1270 3525 1556 3579 praemittit.
1584 3527 1715 3567 alam
1738 3525 1866 3567 tueri
1887 3534 2022 3582 tergo

1132 3585 1280 3627 iubet.-
1315 3584 1438 3636 ipse,
1466 3582 1651 3637 pouces,
1684 3595 1799 3637 quos
1818 3585 2021 3628 adversa
