2138 4030
167 222 382 273 atum

168 281 218 316 A.
236 280 283 316 c,
321 280 382 313 το.

603 283 611 292 χ
671 224 844 296 [ΑΒ.
875 233 923 295 1.
1002 230 1200 294 GAP.
1228 208 1337 293 'ee

1852 233 1938 293 45

82 382 316 449 postero
346 369 555 426 iduum
582 363 678 423 die
713 365 1056 421 redeuntem
1096 382 1131 419 a
1168 363 1350 420 coena
1374 357 1682 421 Othonem
1709 365 1938 442 rapturi

83 456 334 524 fuerint,
385 452 454 510 ni
489 453 713 509 incerta
745 449 934 507 noctis
970 459 1027 505 et
1059 459 1180 505 tota
1233 449 1382 504 urbe
1435 467 1631 523 sparsa
1678 451 1938 510 militum

85 554 270 599 castra
315 559 423 595 nec
467 537 701 594 facilem
734 535 891 592 inter
920 534 1275 591 temulentos
1317 552 1670 591 consensum
1705 536 1940 594 timuis-

86 638 245 696 sent,
286 645 411 682 non
435 623 524 679 rei
546 621 817 697 publicae
841 639 1011 700 cura,
1055 639 1233 697 quam
1259 620 1496 676 foedare
1522 619 1808 696 principis
1846 621 1939 680 sui

86 710 371 784 sanguine
405 698 589 765 sobrii
620 707 942 783 parabant,
985 706 1087 762 sed
1109 723 1185 760 ne
1211 722 1319 779 per
1339 705 1644 774 tenebram,
1685 717 1753 762 ut
1777 703 1939 782 quis-

86 816 200 873 que
238 794 572 853 Pannonici
603 793 699 849 vel
737 789 1082 848 Germanici
1122 789 1406 848 exercitus
1438 789 1728 848 militibus
1772 792 1939 849 obla-

87 1041 224 1092 lung,
267 1035 333 1079 uti
364 1033 647 1094 interpretari
673 1031 848 1086 solent3
897 1030 976 1075 sed

87 1111 193 1140 eum
243 1093 278 1138 si
312 1093 463 1137 nificat
515 1091 710 1135 militum
762 1091 977 1140 animum,

88 1169 181 1222 quo
230 1168 275 1195 se
311 1151 496 1193 itionem
551 1164 648 1192 non
690 1147 978 1206 impedirent,

86 1217 371 1267 sinerentque
420 1207 610 1251 inultam
650 1205 929 1262 (neutralite'
940 1204 975 1255 ).

86 1270 253 1312 Parata
285 1265 404 1323 apud
444 1265 643 1321 integros
682 1260 976 1305 dissimulatio

86 1326 174 1370 fuit
202 1325 248 1368 h.
269 1339 307 1366 e.
332 1322 568 1381 provisum
590 1320 699 1370 fuit,
728 1327 777 1361 ut
803 1319 981 1375 integri,

88 1380 293 1443 quamvis
337 1378 600 1422 seditionem
644 1376 728 1435 ipsi
768 1392 865 1419 non
903 1379 980 1418 in-

88 1439 260 1499 cepturi
293 1452 438 1492 neque
473 1435 659 1479 nomina
697 1450 775 1478 sua
809 1432 979 1490 flagitio

90 1497 249 1546 daturi,
281 1496 559 1555 quiescerent
580 1501 729 1536 tamen
748 1492 979 1534 neutrius-

90 1573 179 1614 que
227 1552 366 1613 partis
416 1551 566 1597 studio
618 1557 821 1609 agerent.
902 1548 980 1593 Sic

89 1616 201 1658 Hist.
243 1614 285 1663 2,
316 1611 386 1653 56.
429 1609 605 1652 Valens
648 1610 705 1651 ob
752 1608 887 1648 lucra
934 1614 980 1648 et

91 1677 316 1730 quaestus
362 1667 554 1723 infamis
603 1679 744 1721 eoque
791 1665 981 1706 alienae

91 1731 234 1775 ctiam
282 1728 442 1778 culpae
494 1723 979 1766 dissimulator.

89 1788 183 1831 An.
219 1783 286 1834 15,
313 1784 385 1826 71.
421 1780 570 1823 Atz'lla
606 1788 764 1823 mater
794 1778 984 1822 Annaei

90 1843 276 1889 Lucani
294 1842 392 1884 sine
410 1840 718 1886 absolutione,
749 1837 855 1878 sine
875 1851 981 1889 sup-

90 1903 224 1957 plicio
245 1898 562 1941 dissimulata.
615 1894 728 1938 Hist.
750 1897 790 1946 1,
803 1892 874 1936 73.
891 1893 983 1936 Per

93 1961 217 2002 idem
248 1963 427 2008 tempus
460 1955 761 2008 expostulata
773 1954 850 2003 ,αά
867 1965 980 2005 sup-

89 2017 280 2071 plinium
311 2011 490 2054 -Galvia
526 2008 797 2064 Crispinilla
834 2009 983 2051 variis

79 2069 478 2130 frustrationibus
516 2075 562 2108 et
599 2069 802 2108 adversa
851 2065 982 2107 dis-

93 2127 452 2174 simulantis
487 2124 708 2179 princzpis
723 2124 871 2180 fama
895 2137 981 2177 pe-

93 2189 237 2231 riculo
258 2189 484 2238 exempta
506 2188 588 2225 est.

146 2308 337 2357 postero
374 2299 536 2341 iduum
575 2297 665 2340 die.
739 2294 817 2339 Sic
847 2295 985 2345 MSS.

97 2359 249 2404 Guelf.
273 2359 379 2414 Agr.
409 2356 470 2409 (et
488 2362 596 2398 teste
617 2354 824 2397 Broterio
844 2352 984 2412 pluri-

94 2418 158 2461 mi
188 2416 320 2461 codd.
350 2413 518 2470 MSS.)
558 2411 660 2455 edd.
693 2410 813 2469 Spir.
851 2411 986 2466 (haec

85 2474 287 2532 yduum)
312 2471 414 2514 Put.
439 2471 507 2514 M.
528 2468 638 2514 etV.
659 2467 984 2512 Beroald.Alc.

94 2532 239 2578 Rhea.
262 2545 360 2586 sqq.
382 2553 440 2560 -
478 2534 673 2584 postero
697 2527 861 2569 iduum
882 2526 985 2568 die-

95 2604 206 2632 rum
240 2586 374 2633 MSS.
408 2587 533 2630 Flor.
574 2586 691 2640 (test.
727 2582 848 2627 Vict.
883 2598 984 2626 cum

54 2678 58 2682 ν
94 2646 221 2693 Pieh.
241 2654 284 2687 et
308 2645 396 2688 Iac.
409 2643 632 2699 Gronov.)
656 2640 803 2684 Vatic.
821 2640 986 2685 Covar·

95 2721 199 2751 ruv.
222 2702 339 2746 Bud.
411 2701 500 2744 Sed
531 2708 774 2757 utrumque
806 2695 987 2741 dicendi

97 2777 236 2821 genus
265 2757 464 2803 insolens
501 2765 546 2799 et
575 2754 859 2800 intolerabile
893 2753 986 2814 ple-

95 2822 247 2877 risque
306 2814 624 2874 interpretibus
688 2814 838 2858 visum
887 2820 986 2855 'est-

99 2877 255 2934 Quare
275 2874 446 2930 Lipsius
476 2871 624 2915 deleto
647 2879 878 2930 postremo
905 2885 989 2911 vo-

99 2932 259 2979 cabulo
283 2931 464 2978 volebat
480 2936 671 2983 postero
693 2929 869 2971 iduum.
915 2926 988 2969 Pi-

101 2991 261 3036 ebena:
286 2996 474 3044 postero
496 2987 656 3028 iduum
668 2986 866 3029 Ianuar.
907 2983 988 3026 Er·

99 3048 292 3095 nestiusz
318 3052 504 3101 postero
527 3045 689 3087 statim
715 3045 897 3086 dierum
920 3042 989 3085 vel

100 3107 174 3150 die
197 3119 261 3148 sc.
287 3105 341 3147 ab
365 3101 625 3159 adoptione.
686 3099 763 3143 Sic
780 3099 991 3143 Tacitum

101 3178 207 3212 cum
254 3159 469 3205 Suetonio
526 3157 768 3202 conciliare
821 3157 988 3205 studet.

99 3220 187 3264 Hic
210 3218 332 3262 enim
356 3217 405 3258 in
431 3214 540 3260 Oth.
574 3231 616 3259 c.
637 3217 682 3259 6.
713 3215 990 3258 mentionem

101 3277 248 3321 iniicit
272 3273 468 3324 consilii,
499 3273 621 3329 quod
643 3272 865 3317 coniurati
881 3270 989 3314 inie-

102 3335 219 3382 rint,
247 3342 349 3392 post
369 3331 657 3388 adoptionem
679 3329 828 3374 statim
849 3337 992 3373 castra

102 3389 356 3449 occupandi
397 3395 750 3445 coenantemque
793 3386 840 3429 in
876 3386 991 3444 pala·

32 3499 34 3502 v
104 3449 168 3492 tio
182 3448 370 3492 Galbam
385 3444 690 3503 adgrediendi.
725 3444 812 3487 Sed
830 3442 991 3486 utrius·

105 3521 191 3564 que
224 3501 455 3563 scriptoris
477 3501 621 3545 verbis
653 3509 858 3545 accurate
891 3516 993 3558 per-

106 3562 251 3622 pensis
281 3577 417 3604 nemo
458 3575 550 3604 non
585 3557 795 3616 intelligit
825 3557 988 3603 Sueto-

1768 1000 1778 1018 f

1045 1028 1174 1073 nium
1219 1029 1283 1073 ibi
1319 1030 1538 1090 quaedam
1575 1028 1752 1075 adferre
1779 1030 1940 1076 Tacito

1044 1088 1199 1144 ignota
1220 1096 1297 1131 aut
1322 1088 1541 1146 neglecta.
1603 1087 1748 1132 Nimis
1776 1091 1830 1134 ab
1850 1089 1942 1134 hoc

1046 1146 1152 1190 loco
1185 1155 1362 1190 remota
1384 1154 1449 1189 est
1472 1145 1730 1204 adoptionis
1754 1147 1941 1199 mentio,

1047 1218 1184 1263 quam
1206 1211 1257 1246 ut
1280 1211 1441 1247 auctor
1456 1204 1628 1248 verbis:
1657 1213 1846 1258 postero
1867 1207 1942 1248 die

1048 1261 1168 1306 nude
1205 1261 1271 1305 sic
1307 1261 1463 1320 positis
1497 1261 1554 1304 ad
1587 1277 1686 1308 eam
1719 1262 1943 1322 respicere

1048 1319 1203 1377 possit.
1265 1319 1523 1378 Scripsisset
1554 1317 1732 1364 saltem:
1777 1330 1828 1364 ut
1850 1335 1943 1376 po·-

1048 1383 1172 1420 stero
1199 1381 1366 1421 statim
1387 1385 1494 1431 post
1520 1379 1826 1431 adoptionem
1852 1379 1942 1421 die.

1051 1434 1244 1478 Accedit
1296 1434 1420 1492 quod
1463 1433 1655 1483 Noster,
1703 1443 1944 1502 postquam

1051 1508 1124 1534 res
1152 1492 1408 1550 quatridui,
1440 1491 1563 1551 quod
1595 1492 1795 1536 medium
1828 1500 1947 1536 inter

1052 1549 1340 1606 adoptionem
1375 1558 1418 1592 et
1448 1548 1631 1594 caedem
1659 1548 1769 1602 fuit,
1809 1566 1852 1594 c.
1874 1549 1944 1593 19.

1052 1614 1096 1650 et
1122 1608 1195 1650 20.
1231 1606 1486 1665 descripsit,
1539 1607 1594 1650 ab
1631 1605 1764 1651 initio
1788 1623 1836 1652 c.
1868 1608 1943 1650 21.

1052 1665 1222 1722 pergit:
1250 1665 1447 1708 Interea
1470 1663 1703 1707 Othonem
1725 1672 1834 1717 etc„
1861 1680 1945 1708 un-

1054 1722 1108 1766 de
1143 1722 1278 1779 facile
1307 1721 1516 1780 intelligis
1549 1737 1601 1765 ea
1621 1721 1802 1774 omnia,
1833 1737 1946 1781 quae

1051 1794 1192 1847 porro
1216 1788 1480 1831 narrantur,
1510 1779 1631 1823 inter
1653 1779 1945 1838 quatriduum

1052 1835 1170 1880 illud
1195 1838 1249 1881 ab
1275 1835 1462 1881 Othone
1487 1851 1581 1881 esse
1603 1845 1772 1896 parata.
1829 1837 1947 1882 Sunt

1051 1893 1137 1938 alia
1155 1895 1294 1938 multa
1310 1910 1422 1950 quae
1433 1894 1627 1939 Ernestii
1644 1893 1949 1939 emendationi
2012 1932 2015 1939 .

1053 1953 1248 1995 obstent.
1307 1951 1554 2010 Rupertius
1584 1952 1816 1999 emendat:
1851 1968 1945 2008 po-

1051 2016 1182 2051 stero
1221 2011 1320 2051 iam
1353 2012 1428 2052 die
1467 2011 1541 2055 vel
1571 2011 1801 2063 postridie
1845 2012 1947 2054 iam
1990 2053 1994 2065 ι

1051 2065 1096 2108 h.
1121 2082 1159 2108 e.
1192 2066 1410 2123 postridie
1443 2084 1578 2127 quam
1614 2067 1808 2113 defectio
1836 2068 1948 2112 Ger·

1053 2122 1220 2166 manici
1239 2125 1456 2169 exercitus
1477 2124 1650 2185 vulgata
1668 2124 1802 2169 fuerit
1816 2127 1948 2170 adeo-

1054 2196 1142 2240 que
1167 2179 1266 2238 ipso
1290 2181 1561 2227 Pisonianae
1587 2183 1844 2240 adoptionis
1877 2183 1950 2228 die

1054 2248 1099 2282 et
1116 2238 1264 2282 statim
1288 2248 1392 2297 post
1414 2256 1527 2285 eam.
1562 2240 1657 2285 Nos
1678 2241 1787 2285 olim
1807 2241 1949 2300 suspi-

1056 2296 1140 2338 cati
1178 2312 1335 2340 sumus
1366 2297 1628 2356 legendum:
1671 2305 1723 2340 ut
1754 2309 1948 2354 postero

1054 2354 1219 2396 iduum
1243 2368 1409 2401 earum
1429 2371 1491 2400 sc.
1513 2356 1692 2399 Ianuar.
1737 2357 1797 2401 cf.
1823 2373 1863 2401 c.
1878 2357 1950 2401 18.

1055 2410 1166 2454 Mox
1198 2421 1448 2468 sequuntur
1477 2413 1684 2457 Kalend.
1714 2415 1946 2458 Februar.

1057 2468 1135 2512 Sic
1159 2467 1380 2525 Spartian.
1406 2469 1453 2514 in
1474 2469 1690 2516 Hadrian.
1711 2487 1752 2516 e.
1774 2473 1815 2516 5.
1830 2472 1952 2514 Ter-

1058 2527 1121 2568 tio
1164 2526 1328 2568 iduum
1358 2532 1629 2572 earundem.
1717 2528 1806 2572 Sed
1846 2529 1952 2573 for-

1057 2591 1172 2627 tasse
1196 2599 1303 2628 vera
1336 2593 1402 2628 est
1424 2586 1644 2643 scriptura
1667 2585 1786 2630 Cod.
1807 2587 1846 2630 F
1848 2587 1951 2641 lor„

1057 2649 1109 2684 ut
1130 2641 1290 2683 iduum
1320 2642 1419 2685 dies
1443 2643 1531 2686 sint
1551 2643 1646 2702 ipse
1669 2643 1761 2687 dies
1783 2645 1951 2690 mensis

1057 2698 1248 2742 Ianuarii
1292 2698 1586 2744 duodecimus
1630 2708 1674 2743 et
1708 2702 1784 2760 qui
1821 2702 1950 2747 illum

1058 2755 1334 2814 praecedunt
1365 2755 1470 2800 inde
1500 2773 1524 2800 a
1554 2757 1706 2803 nonis.
1765 2759 1878 2804 Nam
1903 2761 1950 2804 hi

1061 2829 1219 2856 omnes
1244 2813 1535 2858 nominantur
1554 2817 1609 2859 ab
1636 2816 1800 2861 idibus.
1862 2819 1950 2878 lgi-

1059 2878 1134 2912 tur
1154 2877 1344 2925 postero
1366 2872 1532 2917 iduum
1555 2875 1746 2918 dierum·
1762 2874 1848 2921 erit
1869 2893 1953 2921 am
1976 2904 1978 2906 ·

1060 2935 1215 2971 ersten
1235 2930 1357 2971 nach
1379 2931 1468 2971 den
1486 2930 1763 2986 Idustagen.

1117 3013 1170 3053 ni
1191 3012 1382 3055 incerta.
1450 3012 1529 3056 Sic
1559 3013 1663 3059 MS.
1694 3018 1732 3060 F
1734 3018 1817 3062 lor.
1845 3026 1949 3065 test.

1062 3069 1185 3113 Vict.
1219 3084 1323 3112 cum
1354 3068 1443 3114 Iac.
1464 3070 1720 3118 Gronovio.
1750 3103 1809 3112 --
1859 3079 1958 3121 nisi

1063 3128 1243 3170 incerta
1275 3124 1377 3171 edd.
1411 3134 1520 3174 vett.
1551 3137 1595 3172 et
1626 3140 1814 3178 recentt.
1842 3150 1949 3179 cum

1061 3184 1159 3229 MS.
1189 3182 1340 3228 Guelf-

1120 3255 1396 3354 ιιῖηιιιζςεεηί.
1457 3257 1560 3302 MS.
1588 3258 1739 3304 Guelf.
1773 3263 1953 3307 tenutis·-

1063 3327 1143 3356 sen
1169 3344 1180 3355 .

1117 3383 1333 3437 principis
1353 3388 1441 3429 sui.
1499 3387 1584 3431 Ed.
1598 3387 1717 3446 Spir.
1738 3389 1951 3443 suiprm.

1064 3441 1190 3494 cipis.
1269 3442 1380 3485 Mox
1415 3443 1487 3488 ed.
1519 3445 1728 3488 Beroald.
1758 3445 1952 3490 Panno÷

1065 3499 1154 3541 cini
1163 3531 1180 3567 ,-
1205 3500 1326 3567 quod
1351 3500 1579 3547 Victorius
1603 3501 1798 3547 correxit
1819 3503 1948 3549 Pan-

1063 3571 1228 3601 nomez.
