2138 4030
239 193 364 250 402
803 179 1510 247 HISTORIARUM
1780 182 2009 306 2:82⁸&

244 320 375 377 vico
415 316 774 374 Marcoduro
824 313 1179 371 incuriosius
1226 326 1488 388 agenteS‚
1546 315 1682 392 quia
1721 318 1930 392 procul
1964 319 2093 396 ripa

247 406 506 462 aberant.
590 401 712 458 Nec
744 400 1016 477 quievere
1039 397 1211 470 Ubii,
1255 388 1573 476 quominus
1601 403 1848 476 praedas
1883 400 2097 462 c'Ger-

243 490 442 546 mania
469 498 763 562 peterent,
806 486 996 561 primo
1025 485 1298 558 impune,
1341 486 1479 541 dein
1519 476 1904 545 circumventi
1944 500 2100 558 sunt,

248 595 351 651 per
405 593 578 629 omne
635 572 695 627 id
753 571 978 627 bellum
1033 569 1278 625 meliore
1321 571 1413 626 usi
1456 571 1570 627 fide
1616 591 1794 648 quam
1845 574 2099 630 fortuna.

247 658 523 729 Contusis
549 655 722 715 Ubiis
747 654 982 729 gravior
1008 665 1064 710 et
1091 674 1354 711 successu
1381 675 1581 713 rerum
1613 656 1868 714 ferocior
1891 655 2101 715 Civilis

248 744 547 803 obsidium
582 742 882 815 legionum
915 740 1190 812 urgebat,
1246 739 1488 797 intentis
1527 741 1810 799 custodiis
1851 763 1926 798 ne
1966 742 2098 820 quis

249 830 509 888 occultus
537 827 782 883 nuntius
805 824 1097 880 venientis
1123 825 1329 881 auxilii
1351 836 1701 900 penetraret.
1785 817 2100 886 Machinas

247 917 579 989 molemque
648 930 893 986 operum
960 907 1199 966 Batavis
1264 911 1519 984 delegat:
1607 909 2098 971 Transrhenanos

250 1000 540 1077 proelium
564 995 855 1071 poscentis
889 995 963 1050 ad
997 995 1384 1052 scindendum
1420 996 1641 1052 vallum
1679 996 1766 1053 ire
1802 999 2100 1056 detrusos-

249 1107 360 1163 que
385 1083 781 1154 redintegrare
810 1092 1102 1137 certamen
1128 1081 1321 1150 iubet,
1366 1091 1675 1156 superante
1713 1084 2097 1142 multitudine

249 1183 304 1228 et
331 1168 492 1226 facili
515 1168 752 1222 damno,
839 1186 945 1222 nec
969 1166 1148 1220 finem
1170 1165 1362 1222 labori
1388 1166 1744 1227 noxrattulit.

411 1292 635 1354 XXIX.
720 1291 1026 1366 Congestis
1074 1294 1296 1350 circum
1341 1294 1517 1367 lignis
1566 1294 1966 1372 accensisque,
2020 1296 2099 1351 si-

246 1383 371 1439 mul
403 1380 736 1455 epulanteS‚
773 1390 841 1436 ut
878 1378 1126 1454 quisque
1162 1380 1301 1436 vino
1341 1379 1695 1449 incaluerat,
1735 1381 1810 1437 ad
1840 1400 2097 1456 pugnam

245 1467 569 1525 temeritate
613 1465 778 1533 inani
821 1464 1180 1520 ferebantur.
1293 1465 1509 1540 quippe
1546 1466 1810 1541 ipsorum
1844 1467 1957 1523 tela
1995 1486 2100 1542 per

244 1554 518 1611 tenebras
545 1570 721 1606 vana:
764 1547 1027 1607 Romani
1061 1550 1434 1624 conspicuam
1475 1551 1864 1608 barbarorum
1899 1551 2100 1620 aciem,

245 1650 300 1695 et
324 1638 371 1692 si
396 1636 528 1712 quis
551 1635 794 1691 audacia
815 1645 916 1691 aut
938 1634 1269 1708 insignibus
1295 1635 1600 1709 efffflgem,
1629 1637 1704 1692 ad
1719 1635 1900 1693 ictum
1919 1637 2098 1692 desti-

242 1725 481 1781 nabant.
559 1718 932 1777 Intellectum
955 1721 1018 1776 id
1041 1717 1251 1789 Civili,
1299 1732 1356 1777 et
1380 1721 1659 1778 restincto
1693 1720 1829 1796 igne
1866 1721 2097 1779 misceri

244 1821 451 1866 cuncta
488 1806 749 1863 tenebris
783 1817 841 1863 et
871 1805 1047 1861 armis
1079 1805 1263 1864 iubet.
1350 1819 1477 1863 tum
1502 1827 1642 1864 vero
1672 1806 1946 1883 strepitus
1975 1807 2098 1863 dis-

243 1895 401 1962 soni,
465 1911 631 1949 casus
686 1890 927 1960 incerti,
992 1911 1182 1967 neque
1226 1891 1480 1948 feriendi
1529 1893 1721 1970 neque
1758 1892 2096 1950 declinandi

1205 2145 1309 2186 bori
1332 2151 1416 2185 etc.
1450 2142 1584 2185 MSS.
1618 2142 1770 2187 Guelf.
1804 2142 1926 2185 Harl.
1965 2141 2093 2186 Bodl.

1205 2201 1288 2244 les.
1322 2199 1420 2242 edd.
1453 2200 1558 2243 Put.
1590 2200 1796 2244 Beroald.
1833 2198 1933 2243 Alc.
1974 2210 2089 2251 (nou

1201 2256 1336 2313 necf.
1359 2258 1558 2311 quidem,
1589 2265 1638 2300 ut
1659 2257 1732 2300 alii
1753 2256 2087 2315 prodiderunt).

908 2343 1027 2383 vicos
1076 2363 1129 2375 .-
1202 2315 1288 2358 lac.
1335 2314 1593 2357 Gronovius
1638 2314 1834 2358 volebat:
1890 2329 1949 2355 ne
1991 2329 2092 2356 nox

1034 2372 1044 2383 ”
1102 2399 1128 2441 d
1202 2374 1391 2428 quidem
1398 2374 1553 2429 finem
1578 2375 1607 2416 l.
1630 2387 1679 2415 α.
1737 2372 1935 2416 Frustra.

240 2161 336 2203 sqq.
359 2172 415 2180 --
451 2149 679 2206 'vocarent
702 2141 831 2185 MSS.
846 2141 996 2185 Guelf.
1010 2141 1132 2185 Harl.

239 2203 371 2247 Bodl.
405 2201 489 2244 les.
520 2199 622 2244 edd.
647 2198 823 2242 Puteol.
846 2215 943 2256 sqq.
977 2200 1032 2243 ad
1060 2199 1130 2241 Pi-

240 2260 446 2305 chenam.

298 2344 347 2388 in
381 2343 492 2386 vico.
560 2341 646 2385 Ed.
679 2340 797 2398 Spir.
827 2340 875 2383 in

235 2403 404 2447 Eadem
432 2402 648 2456 procula
672 2402 791 2453 ripa.
853 2398 911 2441 cf.
948 2407 1042 2440 not.
1075 2414 1096 2440 a

237 2478 276 2506 c.
305 2461 373 2504 27.
402 2459 483 2502 sub
509 2473 584 2503 vv.
608 2459 741 2499 haud
756 2457 926 2511 procul
947 2458 1125 2498 castr-215.
1259 2472 1371 2515 CAP.
1389 2473 1459 2516 29·
1513 2473 1748 2526 congestis
1765 2473 1932 2516 circum
1953 2472 2090 2526 lignis

1197 2532 1501 2587 accensisque.
1583 2528 1683 2572 MS.
1724 2530 1836 2588 Agr.
1868 2530 2091 2584 congestis

1195 2592 1365 2632 circum
1401 2589 1602 2631 accensis
1632 2589 1782 2641 lignis-
1858 2586 1941 2630 Ed.
1971 2587 2089 2643 Spir-

1196 2662 1279 2714 pro
1315 2648 1600 2713 accensisque
1635 2643 1889 2703 suppeditat
1921 2657 2085 2686 accen-

1193 2718 1258 2746 διε
1280 2718 1373 2759 qut.

296 2561 425 2629 Lofbii,
454 2559 720 2616 quominus.
780 2556 864 2599 Ed.
893 2555 1015 2614 Spir.
1048 2557 1129 2598 ubi

233 2622 280 2663 in
305 2620 504 2675 qminus.

289 2703 496 2746 contusis·
538 2700 679 2743 Ubit's.
780 2698 870 2742 Pro
921 2699 1124 2742 contusis

230 2762 333 2806 MS.
361 2759 510 2802 Guelf.
548 2760 790 2800 concussis.
864 2757 954 2799 Pro
994 2757 1124 2798 Ubiis

231 2819 300 2862 ed.
330 2818 449 2874 Spir.
478 2816 667 2858 Virbiis.
698 2843 756 2850 -
825 2814 932 2858 Mox
966 2814 1120 2857 eadem

230 2879 439 2918 intentus
461 2889 543 2932 pro
566 2874 766 2916 intentis.

283 2973 517 3026 proelium
555 2971 806 3025 poscentis.
898 2966 976 3009 Sic
1019 2965 1119 3009 edd.

227 3031 257 3074 S
292 3030 342 3070 ir.
370 3030 468 3070 Put.
495 3028 559 3071 M.
593 3037 635 3069 et
655 3026 711 3069 V.
749 3025 957 3068 Beroald.
991 3027 1116 3088 (curn

225 3046 287 3131 si?
318 3085 455 3140 Vici.)
484 3101 581 3143 sqq.
616 3093 659 3127 et
690 3084 753 3127 sic
787 3082 886 3125 MS.
908 3080 1033 3123 Harl.
1067 3095 1114 3122 ln

222 3142 438 3200 margine.
456 3166 510 3174 ——
549 3144 719 3183 bellum
738 3141 966 3195 poscentis
980 3136 1113 3180 MSS.

225 3201 374 3245 Guelf.
410 3199 534 3242 Harl.
578 3199 652 3252 (in
698 3198 933 3251 contextu)
980 3193 1112 3237 Bodl.

222 3261 306 3303 JeS.

274 3357 356 3384 nec
375 3324 525 3398 finem
558 3339 711 3379 labori
736 3347 820 3382 etc.
878 3335 953 3378 Sic
976 3334 1110 3376 MSS.

220 3399 339 3442 Flor.
368 3405 490 3451 (test.
513 3395 628 3438 vict.
662 3410 764 3437 eum
794 3394 917 3438 Pich.
954 3400 995 3433 et
1022 3390 1107 3447 Ry-

220 3457 342 3510 ckio)
382 3456 485 3512 Reg.
526 3456 635 3509 Agr.
671 3453 769 3493 edd.
808 3451 925 3507 Spir.
964 3448 1103 3491 [then.

219 3514 317 3560 Ald.
343 3530 440 3571 sqq.
471 3539 525 3546 --
578 3525 636 3551 ne
647 3510 794 3564 finem
822 3510 1005 3562 quidem
1033 3507 1098 3545 Ia-

1250 2812 1335 2846 aut
1384 2801 1638 2858 'insignibus
1682 2802 1913 2857 effulgens.
1995 2801 2078 2843 Ed.

1193 2860 1312 2917 Spir.
1350 2868 1394 2903 et
1424 2861 1678 2915 insignibus
1695 2859 1909 2915 fulgens.
1978 2858 2081 2903 MS.

1192 2917 1301 2975 Agr.
1357 2919 1615 2972 insignibus
1663 2917 1860 2973 fulgens
1914 2921 2078 2973 armis,

1191 2991 1324 3033 quain
1355 2991 1513 3020 vocem
1549 2974 1801 3019 necessario
1835 2973 1936 3016 addi
1968 2990 2078 3018 cen-

1188 3031 1519 3132 suit4Ryckius.
1575 3032 1661 3075 Sed
1692 3030 1752 3075 cf.
1786 3038 1883 3074 not.
1908 3031 1960 3073 ad
1987 3034 2074 3075 An.

1243 3193 1435 3234 nnis-ceri.
1509 3189 1585 3233 Sic
1615 3188 1746 3232 MSS.
1782 3197 1825 3232 et
1859 3187 2075 3234 editiones

1185 3264 1367 3299 omnes,
1407 3255 1582 3304 excepta
1623 3262 1709 3289 una
1745 3245 1815 3289 ed.
1849 3246 1934 3289 Iac.
1959 3246 2074 3289 Gro-

1185 3306 1331 3354 novii,
1379 3321 1491 3363 quae
1532 3304 1616 3346 fert
1654 3305 1843 3346 miscere
1886 3302 2072 3347 fortasse

1185 3363 1291 3407 vitio
1316 3360 1654 3421 typographicm

1236 3461 1381 3501 neque
1409 3446 1684 3487 declinandi.
1743 3443 1823 3486 Ed.
1845 3443 1962 3501 Spir.
1985 3458 2069 3488 nec

1179 3505 1455 3545 declinandi.
