<?xml version="1.0" encoding="UTF-8"?>
<!DOCTYPE html PUBLIC "-//W3C//DTD XHTML 1.0 Transitional//EN"
    "http://www.w3.org/TR/xhtml1/DTD/xhtml1-transitional.dtd">
<html xmlns="http://www.w3.org/1999/xhtml" xml:lang="en" lang="en">
 <head>
  <title>
</title>
<meta http-equiv="Content-Type" content="text/html;charset=utf-8" />
  <meta name='ocr-system' content='tesseract 3.04.00' />
  <meta name='ocr-capabilities' content='ocr_page ocr_carea ocr_par ocr_line ocrx_word'/>
</head>
<body>
  <div class='ocr_page' id='page_1' title='image "./operarecensuitet03taciuoft/operarecensuitet03taciuoft_0040.png"; bbox 0 0 2138 4030; ppageno 0'>
   <div class='ocr_carea' id='block_1_1' title="bbox 1694 238 1919 323">
    <p class='ocr_par' dir='ltr' id='par_1_1' title="bbox 1694 238 1919 323">
     <span class='ocr_line' id='line_1_1' title="bbox 1694 238 1919 280; baseline 0.004 -1"><span class='ocrx_word' id='word_1_1' title='bbox 1694 240 1748 279; x_wconf 73' lang='lat' dir='ltr'><strong>AJ.</strong></span> <span class='ocrx_word' id='word_1_2' title='bbox 1762 238 1817 278; x_wconf 73' lang='lat' dir='ltr'><strong>U.</strong></span> <span class='ocrx_word' id='word_1_3' title='bbox 1833 241 1919 280; x_wconf 66' lang='lat'><strong>82³2*</strong></span> 
     </span>
     <span class='ocr_line' id='line_1_2' title="bbox 1694 282 1918 323; baseline 0 -1"><span class='ocrx_word' id='word_1_4' title='bbox 1694 284 1753 322; x_wconf 66' lang='lat' dir='ltr'><strong>R.</strong></span> <span class='ocrx_word' id='word_1_5' title='bbox 1766 285 1813 323; x_wconf 86' lang='lat' dir='ltr'><strong>C.</strong></span> <span class='ocrx_word' id='word_1_6' title='bbox 1846 282 1918 322; x_wconf 68' lang='lat'><strong>¹70.</strong></span> 
     </span>
    </p>
   </div>
   <div class='ocr_carea' id='block_1_2' title="bbox 145 191 1422 307">
    <p class='ocr_par' dir='ltr' id='par_1_2' title="bbox 145 191 1422 307">
     <span class='ocr_line' id='line_1_3' title="bbox 145 191 1422 307; baseline -0.002 0"><span class='ocrx_word' id='word_1_7' title='bbox 145 191 229 307; x_wconf 61' lang='lat' dir='ltr'><strong>Si)</strong></span> <span class='ocrx_word' id='word_1_8' title='bbox 714 241 1422 306; x_wconf 71' lang='lat' dir='ltr'><strong>HISTORIAR&#39;UM</strong></span> 
     </span>
    </p>
   </div>
   <div class='ocr_carea' id='block_1_3' title="bbox 143 356 2015 1402">
    <p class='ocr_par' dir='ltr' id='par_1_3' title="bbox 143 356 2009 961">
     <span class='ocr_line' id='line_1_4' title="bbox 143 356 2004 453; baseline -0.001 -18"><span class='ocrx_word' id='word_1_9' title='bbox 143 422 177 449; x_wconf 86' lang='lat'>„</span> <span class='ocrx_word' id='word_1_10' title='bbox 191 374 542 453; x_wconf 81' lang='lat' dir='ltr'><strong>obsequium</strong></span> <span class='ocrx_word' id='word_1_11' title='bbox 585 374 961 433; x_wconf 86' lang='lat' dir='ltr'><strong>imminuent.</strong></span> <span class='ocrx_word' id='word_1_12' title='bbox 1072 373 1374 449; x_wconf 82' lang='lat' dir='ltr'><strong>inrumpet</strong></span> <span class='ocrx_word' id='word_1_13' title='bbox 1405 374 1710 446; x_wconf 44' lang='lat' dir='ltr'><strong>‘adulatio-2,</strong></span> <span class='ocrx_word' id='word_1_14' title='bbox 1763 356 2004 435; x_wconf 70' lang='lat' dir='ltr'><strong>blandi-</strong></span> 
     </span>
     <span class='ocr_line' id='line_1_5' title="bbox 147 459 2006 538; baseline 0.001 -18"><span class='ocrx_word' id='word_1_15' title='bbox 147 463 307 535; x_wconf 80' lang='lat' dir='ltr'><strong>„tiae</strong></span> <span class='ocrx_word' id='word_1_16' title='bbox 319 492 346 532; x_wconf 85' lang='lat'><strong>·‚·</strong></span> <span class='ocrx_word' id='word_1_17' title='bbox 376 461 697 536; x_wconf 89' lang='lat' dir='ltr'><strong>pessimum</strong></span> <span class='ocrx_word' id='word_1_18' title='bbox 733 460 862 516; x_wconf 86' lang='lat' dir='ltr'><strong>veri</strong></span> <span class='ocrx_word' id='word_1_19' title='bbox 895 459 1155 533; x_wconf 81' lang='lat' dir='ltr'><strong>adfectus</strong></span> <span class='ocrx_word' id='word_1_20' title='bbox 1186 477 1486 515; x_wconf 83' lang='lat' dir='ltr'><strong>venenum</strong></span> <span class='ocrx_word' id='word_1_21' title='bbox 1508 459 1613 516; x_wconf 84' lang='lat' dir='ltr'><strong>sua</strong></span> <span class='ocrx_word' id='word_1_22' title='bbox 1639 460 2006 538; x_wconf 37' lang='lat' dir='ltr'><strong>cuiqmiutie</strong></span> 
     </span>
     <span class='ocr_line' id='line_1_6' title="bbox 145 541 2008 619; baseline -0.001 -15"><span class='ocrx_word' id='word_1_23' title='bbox 145 548 343 619; x_wconf 83' lang='lat' dir='ltr'><strong>‚,·litas.</strong></span> <span class='ocrx_word' id='word_1_24' title='bbox 425 542 507 603; x_wconf 87' lang='lat' dir='ltr'><strong>Et</strong></span> <span class='ocrx_word' id='word_1_25' title='bbox 531 547 649 604; x_wconf 89' lang='lat' dir='ltr'><strong>iam</strong></span> <span class='ocrx_word' id='word_1_26' title='bbox 686 565 792 618; x_wconf 86' lang='lat' dir='ltr'><strong>ego</strong></span> <span class='ocrx_word' id='word_1_27' title='bbox 828 565 896 600; x_wconf 88' lang='lat' dir='ltr'><strong>ac</strong></span> <span class='ocrx_word' id='word_1_28' title='bbox 928 554 994 600; x_wconf 91' lang='lat' dir='ltr'><strong>tu</strong></span> <span class='ocrx_word' id='word_1_29' title='bbox 1028 543 1457 618; x_wconf 77' lang='lat' dir='ltr'>simplicissime</span> <span class='ocrx_word' id='word_1_30' title='bbox 1491 544 1797 602; x_wconf 83' lang='lat' dir='ltr'><strong>inter-nos</strong></span> <span class='ocrx_word' id='word_1_31' title='bbox 1827 541 2008 603; x_wconf 83' lang='lat' dir='ltr'><strong>hodie</strong></span> 
     </span>
     <span class='ocr_line' id='line_1_7' title="bbox 147 627 2008 709; baseline 0 -21"><span class='ocrx_word' id='word_1_32' title='bbox 147 631 523 709; x_wconf 87' lang='lat' dir='ltr'><strong>„loquimur:</strong></span> <span class='ocrx_word' id='word_1_33' title='bbox 587 630 766 708; x_wconf 80' lang='lat' dir='ltr'><strong>ceteri</strong></span> <span class='ocrx_word' id='word_1_34' title='bbox 798 627 1081 685; x_wconf 88' lang='lat' dir='ltr'><strong>libentius</strong></span> <span class='ocrx_word' id='word_1_35' title='bbox 1120 648 1257 684; x_wconf 89' lang='lat' dir='ltr'><strong>cum</strong></span> <span class='ocrx_word' id='word_1_36' title='bbox 1292 629 1534 686; x_wconf 85' lang='lat' dir='ltr'><strong>fortuna</strong></span> <span class='ocrx_word' id='word_1_37' title='bbox 1576 641 1785 688; x_wconf 83' lang='lat' dir='ltr'><strong>nostra·</strong></span> <span class='ocrx_word' id='word_1_38' title='bbox 1827 640 2008 708; x_wconf 70' lang='lat' dir='ltr'><strong>quam</strong></span> 
     </span>
     <span class='ocr_line' id='line_1_8' title="bbox 149 711 2008 791; baseline -0.001 -18"><span class='ocrx_word' id='word_1_39' title='bbox 149 717 526 789; x_wconf 68' lang='lat' dir='ltr'><strong>„nobiscum.</strong></span> <span class='ocrx_word' id='word_1_40' title='bbox 611 735 752 773; x_wconf 88' lang='lat' dir='ltr'><strong>nam</strong></span> <span class='ocrx_word' id='word_1_41' title='bbox 779 714 1024 771; x_wconf 88' lang='lat' dir='ltr'><strong>suadere</strong></span> <span class='ocrx_word' id='word_1_42' title='bbox 1057 711 1318 789; x_wconf 84' lang='lat' dir='ltr'><strong>principi</strong></span> <span class='ocrx_word' id='word_1_43' title='bbox 1348 715 1510 791; x_wconf 91' lang='lat' dir='ltr'><strong>quod</strong></span> <span class='ocrx_word' id='word_1_44' title='bbox 1533 726 1803 791; x_wconf 85' lang='lat' dir='ltr'><strong>oporteat</strong></span> <span class='ocrx_word' id='word_1_45' title='bbox 1817 715 2008 775; x_wconf 70' lang='lat' dir='ltr'><strong>I‘multi</strong></span> 
     </span>
     <span class='ocr_line' id='line_1_9' title="bbox 147 798 2009 878; baseline 0 -20"><span class='ocrx_word' id='word_1_46' title='bbox 147 848 181 874; x_wconf 81' lang='lat'><strong>‚,</strong></span> <span class='ocrx_word' id='word_1_47' title='bbox 192 802 442 860; x_wconf 86' lang='lat' dir='ltr'><strong>laboris:</strong></span> <span class='ocrx_word' id='word_1_48' title='bbox 508 800 835 858; x_wconf 83' lang='lat' dir='ltr'><strong>adsentatio</strong></span> <span class='ocrx_word' id='word_1_49' title='bbox 861 806 1011 873; x_wconf 79' lang='lat' dir='ltr'><strong>&#39;erga</strong></span> <span class='ocrx_word' id='word_1_50' title='bbox 1055 798 1387 875; x_wconf 84' lang='lat' dir='ltr'><strong>principem</strong></span> <span class='ocrx_word' id='word_1_51' title='bbox 1432 819 1843 878; x_wconf 83' lang='lat' dir='ltr'><strong>quemcunque</strong></span> <span class='ocrx_word' id='word_1_52' title='bbox 1879 802 2009 858; x_wconf 84' lang='lat' dir='ltr'><strong>sine</strong></span> 
     </span>
     <span class='ocr_line' id='line_1_10' title="bbox 149 880 1885 961; baseline -0.003 -14"><span class='ocrx_word' id='word_1_53' title='bbox 149 934 184 958; x_wconf 90' lang='lat'>„</span> <span class='ocrx_word' id='word_1_54' title='bbox 197 889 429 950; x_wconf 83' lang='lat' dir='ltr'><strong>adfectu</strong></span> <span class='ocrx_word' id='word_1_55' title='bbox 454 886 772 961; x_wconf 73' lang='lat' dir='ltr'><strong>peragitur.</strong></span> <span class='ocrx_word' id='word_1_56' title='bbox 787 881 816 903; x_wconf 82' lang='grc'>”</span> <span class='ocrx_word' id='word_1_57' title='bbox 1826 880 1834 894; x_wconf 71' lang='lat'><strong>⁴</strong></span> <span class='ocrx_word' id='word_1_58' title='bbox 1882 905 1885 909; x_wconf 88' lang='lat'>·</span> 
     </span>
    </p>

    <p class='ocr_par' dir='ltr' id='par_1_4' title="bbox 146 976 2015 1402">
     <span class='ocr_line' id='line_1_11' title="bbox 312 976 2010 1056; baseline -0.001 -16"><span class='ocrx_word' id='word_1_59' title='bbox 312 978 480 1042; x_wconf 78' lang='lat' dir='ltr'><strong>XVL</strong></span> <span class='ocrx_word' id='word_1_60' title='bbox 524 979 629 1051; x_wconf 84' lang='lat' dir='ltr'><strong>„Si</strong></span> <span class='ocrx_word' id='word_1_61' title='bbox 653 980 1010 1037; x_wconf 83' lang='lat' dir='ltr'><strong>immensum</strong></span> <span class='ocrx_word' id='word_1_62' title='bbox 1038 979 1275 1055; x_wconf 88' lang='lat' dir='ltr'><strong>imperii</strong></span> <span class='ocrx_word' id='word_1_63' title='bbox 1298 999 1509 1056; x_wconf 90' lang='lat' dir='ltr'><strong>corpus</strong></span> <span class='ocrx_word' id='word_1_64' title='bbox 1531 991 1685 1037; x_wconf 84' lang='lat' dir='ltr'><strong>stare</strong></span> <span class='ocrx_word' id='word_1_65' title='bbox 1703 999 1775 1038; x_wconf 51' lang='lat' dir='ltr'><strong>xac</strong></span> <span class='ocrx_word' id='word_1_66' title='bbox 1799 976 2010 1038; x_wconf 84' lang='lat' dir='ltr'><strong>librari</strong></span> 
     </span>
     <span class='ocr_line' id='line_1_12' title="bbox 147 1065 2015 1143; baseline -0.001 -17"><span class='ocrx_word' id='word_1_67' title='bbox 147 1070 324 1141; x_wconf 87' lang='lat' dir='ltr'><strong>„sine</strong></span> <span class='ocrx_word' id='word_1_68' title='bbox 368 1077 595 1124; x_wconf 88' lang='lat' dir='ltr'><strong>rectore</strong></span> <span class='ocrx_word' id='word_1_69' title='bbox 639 1077 864 1141; x_wconf 88' lang='lat' dir='ltr'><strong>posset,</strong></span> <span class='ocrx_word' id='word_1_70' title='bbox 934 1065 1149 1139; x_wconf 83' lang='lat' dir='ltr'><strong>dignus</strong></span> <span class='ocrx_word' id='word_1_71' title='bbox 1182 1085 1374 1135; x_wconf 86' lang='lat' dir='ltr'><strong>eram,</strong></span> <span class='ocrx_word' id='word_1_72' title='bbox 1426 1086 1459 1121; x_wconf 89' lang='lat' dir='ltr'><strong>a</strong></span> <span class='ocrx_word' id='word_1_73' title='bbox 1493 1087 1610 1142; x_wconf 91' lang='lat' dir='ltr'><strong>quo</strong></span> <span class='ocrx_word' id='word_1_74' title='bbox 1645 1085 1738 1132; x_wconf 87' lang='lat' dir='ltr'><strong>res</strong></span> <span class='ocrx_word' id='word_1_75' title='bbox 1771 1066 2015 1143; x_wconf 80' lang='lat' dir='ltr'><strong>publica-</strong></span> 
     </span>
     <span class='ocr_line' id='line_1_13' title="bbox 146 1150 2012 1229; baseline -0.002 -18"><span class='ocrx_word' id='word_1_76' title='bbox 146 1200 181 1227; x_wconf 87' lang='lat'><strong>‚‚</strong></span> <span class='ocrx_word' id='word_1_77' title='bbox 193 1155 501 1229; x_wconf 89' lang='lat' dir='ltr'><strong>inciperet:</strong></span> <span class='ocrx_word' id='word_1_78' title='bbox 545 1171 707 1208; x_wconf 90' lang='lat' dir='ltr'><strong>nunc</strong></span> <span class='ocrx_word' id='word_1_79' title='bbox 732 1171 801 1207; x_wconf 92' lang='lat' dir='ltr'><strong>eo</strong></span> <span class='ocrx_word' id='word_1_80' title='bbox 827 1151 1183 1208; x_wconf 83' lang='lat' dir='ltr'><strong>necessitatis</strong></span> <span class='ocrx_word' id='word_1_81' title='bbox 1218 1150 1337 1207; x_wconf 87' lang='lat' dir='ltr'><strong>iam</strong></span> <span class='ocrx_word' id='word_1_82' title='bbox 1367 1150 1599 1226; x_wconf 88' lang='lat' dir='ltr'><strong>pridem</strong></span> <span class='ocrx_word' id='word_1_83' title='bbox 1627 1162 1873 1209; x_wconf 79' lang='lat' dir='ltr'><strong>ventum</strong></span> <span class='ocrx_word' id='word_1_84' title='bbox 1907 1163 2012 1223; x_wconf 88' lang='lat' dir='ltr'><strong>est,</strong></span> 
     </span>
     <span class='ocr_line' id='line_1_14' title="bbox 149 1233 2014 1312; baseline -0.002 -15"><span class='ocrx_word' id='word_1_85' title='bbox 149 1251 266 1312; x_wconf 85' lang='lat' dir='ltr'><strong>„ut</strong></span> <span class='ocrx_word' id='word_1_86' title='bbox 293 1259 401 1295; x_wconf 90' lang='lat' dir='ltr'><strong>nec</strong></span> <span class='ocrx_word' id='word_1_87' title='bbox 428 1256 559 1293; x_wconf 89' lang='lat' dir='ltr'><strong>mea</strong></span> <span class='ocrx_word' id='word_1_88' title='bbox 583 1249 848 1295; x_wconf 86' lang='lat' dir='ltr'><strong>senectus</strong></span> <span class='ocrx_word' id='word_1_89' title='bbox 875 1237 1140 1292; x_wconf 88' lang='lat' dir='ltr'><strong>conferre</strong></span> <span class='ocrx_word' id='word_1_90' title='bbox 1161 1236 1297 1312; x_wconf 93' lang='lat' dir='ltr'><strong>plus</strong></span> <span class='ocrx_word' id='word_1_91' title='bbox 1320 1236 1541 1312; x_wconf 91' lang='lat' dir='ltr'><strong>populo</strong></span> <span class='ocrx_word' id='word_1_92' title='bbox 1563 1233 1840 1293; x_wconf 83' lang='lat' dir='ltr'><strong>Romano</strong></span> <span class='ocrx_word' id='word_1_93' title='bbox 1859 1254 2014 1312; x_wconf 84' lang='lat' dir='ltr'><strong>&#39;pos-</strong></span> 
     </span>
     <span class='ocr_line' id='line_1_15' title="bbox 148 1321 2013 1402; baseline -0.002 -19"><span class='ocrx_word' id='word_1_94' title='bbox 148 1326 272 1398; x_wconf 80' lang='lat' dir='ltr'><strong>„sit</strong></span> <span class='ocrx_word' id='word_1_95' title='bbox 315 1342 494 1402; x_wconf 88' lang='lat' dir='ltr'><strong>quam</strong></span> <span class='ocrx_word' id='word_1_96' title='bbox 537 1322 766 1379; x_wconf 89' lang='lat' dir='ltr'><strong>bonum</strong></span> <span class='ocrx_word' id='word_1_97' title='bbox 813 1340 1236 1393; x_wconf 86' lang='lat' dir='ltr'><strong>successorem,</strong></span> <span class='ocrx_word' id='word_1_98' title='bbox 1293 1341 1402 1378; x_wconf 90' lang='lat' dir='ltr'><strong>nec</strong></span> <span class='ocrx_word' id='word_1_99' title='bbox 1448 1332 1549 1378; x_wconf 87' lang='lat' dir='ltr'><strong>tua</strong></span> <span class='ocrx_word' id='word_1_100' title='bbox 1591 1321 1727 1397; x_wconf 91' lang='lat' dir='ltr'><strong>plus</strong></span> <span class='ocrx_word' id='word_1_101' title='bbox 1771 1321 2013 1380; x_wconf 89' lang='lat' dir='ltr'><strong>iuventa</strong></span> 
     </span>
    </p>
   </div>
   <div class='ocr_carea' id='block_1_4' title="bbox 155 1562 2015 1679">
    <p class='ocr_par' dir='ltr' id='par_1_5' title="bbox 155 1562 2015 1679">
     <span class='ocr_line' id='line_1_16' title="bbox 212 1562 2015 1619; baseline 0 -11"><span class='ocrx_word' id='word_1_102' title='bbox 212 1570 298 1612; x_wconf 73' lang='lat' dir='ltr'><strong>sed</strong></span> <span class='ocrx_word' id='word_1_103' title='bbox 330 1566 418 1609; x_wconf 79' lang='lat' dir='ltr'><strong>alii</strong></span> <span class='ocrx_word' id='word_1_104' title='bbox 445 1578 537 1619; x_wconf 84' lang='lat' dir='ltr'><strong>per</strong></span> <span class='ocrx_word' id='word_1_105' title='bbox 579 1565 847 1619; x_wconf 74' lang='lat' dir='ltr'><strong>obsequium</strong></span> <span class='ocrx_word' id='word_1_106' title='bbox 886 1565 1046 1608; x_wconf 82' lang='lat' dir='ltr'><strong>immi·</strong></span> <span class='ocrx_word' id='word_1_107' title='bbox 1119 1563 1187 1607; x_wconf 83' lang='lat' dir='ltr'><strong>M.</strong></span> <span class='ocrx_word' id='word_1_108' title='bbox 1211 1571 1256 1607; x_wconf 91' lang='lat' dir='ltr'><strong>et</strong></span> <span class='ocrx_word' id='word_1_109' title='bbox 1276 1565 1331 1612; x_wconf 81' lang='lat' dir='ltr'><strong>V.</strong></span> <span class='ocrx_word' id='word_1_110' title='bbox 1366 1585 1426 1597; x_wconf 93' lang='lat'><em>-</em></span> <span class='ocrx_word' id='word_1_111' title='bbox 1479 1563 1624 1606; x_wconf 79' lang='lat' dir='ltr'><strong>etium</strong></span> <span class='ocrx_word' id='word_1_112' title='bbox 1648 1579 1731 1619; x_wconf 82' lang='lat' dir='ltr'><strong>ego</strong></span> <span class='ocrx_word' id='word_1_113' title='bbox 1752 1579 1811 1608; x_wconf 75' lang='lat' dir='ltr'><strong>ao</strong></span> <span class='ocrx_word' id='word_1_114' title='bbox 1834 1571 1888 1607; x_wconf 84' lang='lat' dir='ltr'><strong>tu</strong></span> <span class='ocrx_word' id='word_1_115' title='bbox 1908 1562 2015 1608; x_wconf 87' lang='lat' dir='ltr'><strong>MS.</strong></span> 
     </span>
     <span class='ocr_line' id='line_1_17' title="bbox 155 1619 2015 1679; baseline -0.003 -10"><span class='ocrx_word' id='word_1_116' title='bbox 155 1631 317 1669; x_wconf 75' lang='lat' dir='ltr'><strong>nuent.</strong></span> <span class='ocrx_word' id='word_1_117' title='bbox 375 1622 453 1665; x_wconf 86' lang='lat' dir='ltr'><strong>Sic</strong></span> <span class='ocrx_word' id='word_1_118' title='bbox 484 1619 622 1667; x_wconf 86' lang='lat' dir='ltr'>MSS.</span> <span class='ocrx_word' id='word_1_119' title='bbox 658 1621 784 1665; x_wconf 79' lang='lat' dir='ltr'><strong>Flor.</strong></span> <span class='ocrx_word' id='word_1_120' title='bbox 823 1622 938 1675; x_wconf 69' lang='lat' dir='ltr'><strong>(test.</strong></span> <span class='ocrx_word' id='word_1_121' title='bbox 961 1622 1048 1664; x_wconf 88' lang='lat' dir='ltr'><strong>Er-</strong></span> <span class='ocrx_word' id='word_1_122' title='bbox 1119 1620 1276 1665; x_wconf 84' lang='lat' dir='ltr'><strong>Guelf.</strong></span> <span class='ocrx_word' id='word_1_123' title='bbox 1300 1620 1401 1664; x_wconf 88' lang='lat' dir='ltr'><strong>edd.</strong></span> <span class='ocrx_word' id='word_1_124' title='bbox 1425 1619 2015 1679; x_wconf 83' lang='lat' dir='ltr'><strong>Spir.Beroald.Alc.Rhe-</strong></span> 
     </span>
    </p>
   </div>
   <div class='ocr_carea' id='block_1_5' title="bbox 140 1677 1059 2362">
    <p class='ocr_par' dir='ltr' id='par_1_6' title="bbox 140 1677 1059 2362">
     <span class='ocr_line' id='line_1_18' title="bbox 155 1677 1048 1736; baseline -0.007 -8"><span class='ocrx_word' id='word_1_125' title='bbox 155 1691 295 1733; x_wconf 62' lang='lat' dir='ltr'><strong>nest„</strong></span> <span class='ocrx_word' id='word_1_126' title='bbox 326 1679 478 1724; x_wconf 74' lang='lat' dir='ltr'><strong>nescio</strong></span> <span class='ocrx_word' id='word_1_127' title='bbox 501 1693 586 1735; x_wconf 84' lang='lat' dir='ltr'><strong>qua</strong></span> <span class='ocrx_word' id='word_1_128' title='bbox 606 1679 888 1736; x_wconf 72' lang='lat' dir='ltr'><strong>auctoritate)</strong></span> <span class='ocrx_word' id='word_1_129' title='bbox 903 1677 1048 1724; x_wconf 79' lang='lat' dir='ltr'><strong>Vatie.</strong></span> 
     </span>
     <span class='ocr_line' id='line_1_19' title="bbox 156 1735 1051 1796; baseline -0.004 -12"><span class='ocrx_word' id='word_1_130' title='bbox 156 1743 272 1796; x_wconf 77' lang='lat' dir='ltr'><strong>(test.</strong></span> <span class='ocrx_word' id='word_1_131' title='bbox 297 1737 440 1795; x_wconf 81' lang='lat' dir='ltr'><strong>Lips.)</strong></span> <span class='ocrx_word' id='word_1_132' title='bbox 472 1735 628 1780; x_wconf 88' lang='lat' dir='ltr'><strong>Guelf.</strong></span> <span class='ocrx_word' id='word_1_133' title='bbox 659 1736 762 1780; x_wconf 86' lang='lat' dir='ltr'><strong>edd.</strong></span> <span class='ocrx_word' id='word_1_134' title='bbox 786 1736 889 1780; x_wconf 78' lang='lat' dir='ltr'><strong>Put.</strong></span> <span class='ocrx_word' id='word_1_135' title='bbox 912 1737 981 1780; x_wconf 92' lang='lat' dir='ltr'><strong>M.</strong></span> <span class='ocrx_word' id='word_1_136' title='bbox 1007 1746 1051 1780; x_wconf 85' lang='lat' dir='ltr'><strong>et</strong></span> 
     </span>
     <span class='ocr_line' id='line_1_20' title="bbox 155 1793 1049 1851; baseline -0.001 -11"><span class='ocrx_word' id='word_1_137' title='bbox 155 1799 217 1843; x_wconf 91' lang='lat' dir='ltr'><strong>V.</strong></span> <span class='ocrx_word' id='word_1_138' title='bbox 249 1797 354 1840; x_wconf 91' lang='lat' dir='ltr'><strong>Ber.</strong></span> <span class='ocrx_word' id='word_1_139' title='bbox 387 1795 491 1839; x_wconf 88' lang='lat' dir='ltr'><strong>Ale.</strong></span> <span class='ocrx_word' id='word_1_140' title='bbox 524 1802 565 1837; x_wconf 85' lang='lat' dir='ltr'><strong>et</strong></span> <span class='ocrx_word' id='word_1_141' title='bbox 600 1793 762 1837; x_wconf 89' lang='lat' dir='ltr'><strong>deinde</strong></span> <span class='ocrx_word' id='word_1_142' title='bbox 795 1793 912 1850; x_wconf 90' lang='lat' dir='ltr'><strong>Lips.</strong></span> <span class='ocrx_word' id='word_1_143' title='bbox 948 1809 1049 1851; x_wconf 85' lang='lat' dir='ltr'><strong>sqq.</strong></span> 
     </span>
     <span class='ocr_line' id='line_1_21' title="bbox 140 1849 1048 1910; baseline -0.009 -10"><span class='ocrx_word' id='word_1_144' title='bbox 140 1853 396 1903; x_wconf 73' lang='lat' dir='ltr'><strong>‚consentit</strong></span> <span class='ocrx_word' id='word_1_145' title='bbox 420 1852 492 1895; x_wconf 91' lang='lat' dir='ltr'><strong>ed.</strong></span> <span class='ocrx_word' id='word_1_146' title='bbox 514 1849 658 1909; x_wconf 66' lang='lat' dir='ltr'><strong>Spin,</strong></span> <span class='ocrx_word' id='word_1_147' title='bbox 690 1850 773 1894; x_wconf 89' lang='lat' dir='ltr'><strong>nisi</strong></span> <span class='ocrx_word' id='word_1_148' title='bbox 808 1852 928 1910; x_wconf 88' lang='lat' dir='ltr'><strong>quod</strong></span> <span class='ocrx_word' id='word_1_149' title='bbox 965 1867 1048 1910; x_wconf 85' lang='lat' dir='ltr'><strong>pro</strong></span> 
     </span>
     <span class='ocr_line' id='line_1_22' title="bbox 157 1909 1059 1958; baseline -0.008 0"><span class='ocrx_word' id='word_1_150' title='bbox 157 1913 435 1958; x_wconf 82' lang='lat' dir='ltr'><strong>imminuent</strong></span> <span class='ocrx_word' id='word_1_151' title='bbox 473 1909 548 1952; x_wconf 85' lang='lat' dir='ltr'><strong>dat</strong></span> <span class='ocrx_word' id='word_1_152' title='bbox 582 1910 822 1953; x_wconf 81' lang='lat' dir='ltr'><strong>imminen.</strong></span> <span class='ocrx_word' id='word_1_153' title='bbox 855 1935 911 1942; x_wconf 86' lang='lat'><em>-</em></span> <span class='ocrx_word' id='word_1_154' title='bbox 970 1909 1059 1951; x_wconf 78' lang='lat' dir='ltr'><strong>alii</strong></span> 
     </span>
     <span class='ocr_line' id='line_1_23' title="bbox 156 1965 1051 2025; baseline -0.006 -12"><span class='ocrx_word' id='word_1_155' title='bbox 156 1974 263 2015; x_wconf 85' lang='lat' dir='ltr'><strong>licet</strong></span> <span class='ocrx_word' id='word_1_156' title='bbox 283 1983 370 2025; x_wconf 82' lang='lat' dir='ltr'><strong>per</strong></span> <span class='ocrx_word' id='word_1_157' title='bbox 399 1966 668 2023; x_wconf 77' lang='lat' dir='ltr'><strong>obsequium</strong></span> <span class='ocrx_word' id='word_1_158' title='bbox 702 1975 918 2010; x_wconf 84' lang='lat' dir='ltr'><strong>annuant</strong></span> <span class='ocrx_word' id='word_1_159' title='bbox 947 1965 1051 2009; x_wconf 90' lang='lat' dir='ltr'><strong>MS.</strong></span> 
     </span>
     <span class='ocr_line' id='line_1_24' title="bbox 157 2022 1052 2080; baseline -0.007 -8"><span class='ocrx_word' id='word_1_160' title='bbox 157 2026 277 2073; x_wconf 89' lang='lat' dir='ltr'><strong>Bud.</strong></span> <span class='ocrx_word' id='word_1_161' title='bbox 309 2024 412 2069; x_wconf 82' lang='lat' dir='ltr'><strong>edd.</strong></span> <span class='ocrx_word' id='word_1_162' title='bbox 437 2022 582 2068; x_wconf 88' lang='lat' dir='ltr'><strong>Rhen.</strong></span> <span class='ocrx_word' id='word_1_163' title='bbox 605 2024 712 2068; x_wconf 88' lang='lat' dir='ltr'><strong>Ald.</strong></span> <span class='ocrx_word' id='word_1_164' title='bbox 743 2051 802 2059; x_wconf 93' lang='lat'><strong>—-</strong></span> <span class='ocrx_word' id='word_1_165' title='bbox 861 2025 942 2080; x_wconf 77' lang='lat' dir='ltr'><strong>qui</strong></span> <span class='ocrx_word' id='word_1_166' title='bbox 971 2026 1052 2066; x_wconf 87' lang='lat' dir='ltr'><strong>ob-</strong></span> 
     </span>
     <span class='ocr_line' id='line_1_25' title="bbox 156 2079 1053 2189; baseline -0.01 -1"><span class='ocrx_word' id='word_1_167' title='bbox 156 2081 504 2188; x_wconf 53' lang='lat' dir='ltr'><strong>{Zfiissfflffii</strong></span> <span class='ocrx_word' id='word_1_168' title='bbox 524 2079 1053 2189; x_wconf 54' lang='lat' dir='ltr'><strong>ssessi-..uciffifflfflig</strong></span> 
     </span>
     <span class='ocr_line' id='line_1_26' title="bbox 159 2194 1049 2261; baseline -0.008 -17"><span class='ocrx_word' id='word_1_169' title='bbox 159 2198 239 2261; x_wconf 86' lang='lat' dir='ltr'><strong>qui</strong></span> <span class='ocrx_word' id='word_1_170' title='bbox 270 2199 326 2244; x_wconf 91' lang='lat' dir='ltr'><strong>ad</strong></span> <span class='ocrx_word' id='word_1_171' title='bbox 351 2197 541 2243; x_wconf 86' lang='lat' dir='ltr'><strong>verbum</strong></span> <span class='ocrx_word' id='word_1_172' title='bbox 572 2199 848 2239; x_wconf 82' lang='lat' dir='ltr'><strong>imminuent</strong></span> <span class='ocrx_word' id='word_1_173' title='bbox 875 2194 1049 2238; x_wconf 77' lang='lat' dir='ltr'><strong>intelli-</strong></span> 
     </span>
     <span class='ocr_line' id='line_1_27' title="bbox 161 2250 1051 2318; baseline -0.007 -16"><span class='ocrx_word' id='word_1_174' title='bbox 161 2262 226 2318; x_wconf 76' lang='lat' dir='ltr'><strong>git</strong></span> <span class='ocrx_word' id='word_1_175' title='bbox 251 2259 407 2317; x_wconf 84' lang='lat' dir='ltr'><strong>fidem</strong></span> <span class='ocrx_word' id='word_1_176' title='bbox 446 2269 616 2299; x_wconf 69' lang='lat' dir='ltr'><strong>suamc</strong></span> <span class='ocrx_word' id='word_1_177' title='bbox 668 2254 807 2297; x_wconf 84' lang='lat' dir='ltr'><strong>immo</strong></span> <span class='ocrx_word' id='word_1_178' title='bbox 857 2250 1051 2312; x_wconf 79' lang='lat' dir='ltr'><strong>intellige</strong></span> 
     </span>
     <span class='ocr_line' id='line_1_28' title="bbox 161 2321 315 2362; baseline -0.006 -1"><span class='ocrx_word' id='word_1_179' title='bbox 161 2321 315 2362; x_wconf 82' lang='lat' dir='ltr'><strong>tuam.</strong></span> 
     </span>
    </p>
   </div>
   <div class='ocr_carea' id='block_1_6' title="bbox 159 2394 1056 3249">
    <p class='ocr_par' dir='ltr' id='par_1_7' title="bbox 159 2394 1056 3249">
     <span class='ocr_line' id='line_1_29' title="bbox 217 2394 1053 2454; baseline -0.006 -11"><span class='ocrx_word' id='word_1_180' title='bbox 217 2402 468 2454; x_wconf 79' lang='lat' dir='ltr'><strong>inrumpet.</strong></span> <span class='ocrx_word' id='word_1_181' title='bbox 542 2396 618 2442; x_wconf 81' lang='lat' dir='ltr'><strong>Sic</strong></span> <span class='ocrx_word' id='word_1_182' title='bbox 647 2397 748 2441; x_wconf 89' lang='lat' dir='ltr'><strong>MS.</strong></span> <span class='ocrx_word' id='word_1_183' title='bbox 779 2395 917 2440; x_wconf 80' lang='lat' dir='ltr'><strong>corb.</strong></span> <span class='ocrx_word' id='word_1_184' title='bbox 951 2394 1053 2438; x_wconf 79' lang='lat' dir='ltr'><strong>edd.</strong></span> 
     </span>
     <span class='ocr_line' id='line_1_30' title="bbox 161 2451 1054 2516; baseline -0.009 -14"><span class='ocrx_word' id='word_1_185' title='bbox 161 2458 283 2516; x_wconf 79' lang='lat' dir='ltr'><strong>Spir.</strong></span> <span class='ocrx_word' id='word_1_186' title='bbox 307 2455 453 2500; x_wconf 87' lang='lat' dir='ltr'><strong>Rhen.</strong></span> <span class='ocrx_word' id='word_1_187' title='bbox 473 2473 492 2500; x_wconf 88' lang='lat' dir='ltr'><strong>s</strong></span> <span class='ocrx_word' id='word_1_188' title='bbox 528 2471 595 2513; x_wconf 88' lang='lat' dir='ltr'><strong>q.‚</strong></span> <span class='ocrx_word' id='word_1_189' title='bbox 624 2455 710 2497; x_wconf 85' lang='lat' dir='ltr'><strong>nisi</strong></span> <span class='ocrx_word' id='word_1_190' title='bbox 747 2452 869 2509; x_wconf 84' lang='lat' dir='ltr'><strong>quod</strong></span> <span class='ocrx_word' id='word_1_191' title='bbox 903 2451 1054 2512; x_wconf 86' lang='lat' dir='ltr'><strong>serunt</strong></span> 
     </span>
     <span class='ocr_line' id='line_1_31' title="bbox 161 2509 1052 2568; baseline -0.008 -8"><span class='ocrx_word' id='word_1_192' title='bbox 161 2520 408 2568; x_wconf 82' lang='lat' dir='ltr'><strong>irrumpet.</strong></span> <span class='ocrx_word' id='word_1_193' title='bbox 511 2523 548 2557; x_wconf 15' lang='lat' dir='ltr'><strong>rt</strong></span> <span class='ocrx_word' id='word_1_194' title='bbox 586 2511 724 2557; x_wconf 85' lang='lat' dir='ltr'><strong>MSS.</strong></span> <span class='ocrx_word' id='word_1_195' title='bbox 758 2509 881 2554; x_wconf 83' lang='lat' dir='ltr'><strong>Harl.</strong></span> <span class='ocrx_word' id='word_1_196' title='bbox 915 2510 1052 2553; x_wconf 79' lang='lat' dir='ltr'><strong>Bodl.</strong></span> 
     </span>
     <span class='ocr_line' id='line_1_32' title="bbox 161 2566 1052 2618; baseline -0.008 -2"><span class='ocrx_word' id='word_1_197' title='bbox 161 2574 248 2618; x_wconf 86' lang='lat' dir='ltr'><strong>les.</strong></span> <span class='ocrx_word' id='word_1_198' title='bbox 283 2570 433 2615; x_wconf 85' lang='lat' dir='ltr'><strong>Guelf.</strong></span> <span class='ocrx_word' id='word_1_199' title='bbox 467 2571 570 2614; x_wconf 86' lang='lat' dir='ltr'><strong>edd.</strong></span> <span class='ocrx_word' id='word_1_200' title='bbox 602 2570 706 2613; x_wconf 85' lang='lat' dir='ltr'><strong>Put.</strong></span> <span class='ocrx_word' id='word_1_201' title='bbox 728 2569 797 2612; x_wconf 89' lang='lat' dir='ltr'><strong>M.</strong></span> <span class='ocrx_word' id='word_1_202' title='bbox 825 2577 866 2611; x_wconf 80' lang='lat' dir='ltr'><strong>et</strong></span> <span class='ocrx_word' id='word_1_203' title='bbox 887 2566 944 2610; x_wconf 89' lang='lat' dir='ltr'><strong>V.</strong></span> <span class='ocrx_word' id='word_1_204' title='bbox 969 2568 1052 2610; x_wconf 88' lang='lat' dir='ltr'><strong>Be-</strong></span> 
     </span>
     <span class='ocr_line' id='line_1_33' title="bbox 160 2624 1054 2684; baseline -0.009 -9"><span class='ocrx_word' id='word_1_205' title='bbox 160 2628 306 2675; x_wconf 83' lang='lat' dir='ltr'><strong>roald.</strong></span> <span class='ocrx_word' id='word_1_206' title='bbox 351 2633 474 2684; x_wconf 82' lang='lat' dir='ltr'><strong>(cum</strong></span> <span class='ocrx_word' id='word_1_207' title='bbox 515 2628 663 2672; x_wconf 85' lang='lat' dir='ltr'><strong>silent.</strong></span> <span class='ocrx_word' id='word_1_208' title='bbox 700 2625 909 2679; x_wconf 84' lang='lat' dir='ltr'><strong>Victorii)</strong></span> <span class='ocrx_word' id='word_1_209' title='bbox 949 2624 1054 2669; x_wconf 87' lang='lat' dir='ltr'><strong>Ale.</strong></span> 
     </span>
     <span class='ocr_line' id='line_1_34' title="bbox 159 2684 1052 2744; baseline -0.008 -13"><span class='ocrx_word' id='word_1_210' title='bbox 159 2691 448 2741; x_wconf 80' lang='lat' dir='ltr'><strong>irrumpent,</strong></span> <span class='ocrx_word' id='word_1_211' title='bbox 480 2685 602 2744; x_wconf 89' lang='lat' dir='ltr'><strong>quod</strong></span> <span class='ocrx_word' id='word_1_212' title='bbox 623 2684 812 2728; x_wconf 82' lang='lat' dir='ltr'><strong>fortasse</strong></span> <span class='ocrx_word' id='word_1_213' title='bbox 832 2699 880 2726; x_wconf 84' lang='lat' dir='ltr'><strong>re</strong></span> <span class='ocrx_word' id='word_1_214' title='bbox 916 2699 1052 2726; x_wconf 84' lang='lat' dir='ltr'><strong>oneu-</strong></span> 
     </span>
     <span class='ocr_line' id='line_1_35' title="bbox 161 2743 1053 2798; baseline -0.01 -8"><span class='ocrx_word' id='word_1_215' title='bbox 161 2746 270 2790; x_wconf 87' lang='lat' dir='ltr'><strong>dum</strong></span> <span class='ocrx_word' id='word_1_216' title='bbox 299 2750 381 2788; x_wconf 88' lang='lat' dir='ltr'><strong>est.</strong></span> <span class='ocrx_word' id='word_1_217' title='bbox 450 2743 606 2786; x_wconf 80' lang='lat' dir='ltr'><strong>Potest</strong></span> <span class='ocrx_word' id='word_1_218' title='bbox 639 2750 786 2785; x_wconf 77' lang='lat' dir='ltr'><strong>tamen</strong></span> <span class='ocrx_word' id='word_1_219' title='bbox 821 2756 883 2784; x_wconf 80' lang='lat' dir='ltr'><strong>vu</strong></span> <span class='ocrx_word' id='word_1_220' title='bbox 903 2749 1053 2798; x_wconf 66' lang='lat' dir='ltr'><strong>gaium</strong></span> 
     </span>
     <span class='ocr_line' id='line_1_36' title="bbox 160 2799 1053 2849; baseline -0.01 -1"><span class='ocrx_word' id='word_1_221' title='bbox 160 2799 364 2848; x_wconf 80' lang='lat' dir='ltr'><strong>tolerari.</strong></span> <span class='ocrx_word' id='word_1_222' title='bbox 423 2800 484 2844; x_wconf 86' lang='lat' dir='ltr'><strong>cf.</strong></span> <span class='ocrx_word' id='word_1_223' title='bbox 519 2809 614 2843; x_wconf 81' lang='lat' dir='ltr'><strong>not.</strong></span> <span class='ocrx_word' id='word_1_224' title='bbox 653 2799 708 2842; x_wconf 86' lang='lat' dir='ltr'><strong>ad</strong></span> <span class='ocrx_word' id='word_1_225' title='bbox 737 2799 825 2842; x_wconf 90' lang='lat' dir='ltr'><strong>An.</strong></span> <span class='ocrx_word' id='word_1_226' title='bbox 859 2800 897 2849; x_wconf 91' lang='lat'><strong>1,</strong></span> <span class='ocrx_word' id='word_1_227' title='bbox 921 2800 989 2841; x_wconf 88' lang='grc'><strong>10.</strong></span> <span class='ocrx_word' id='word_1_228' title='bbox 1017 2813 1053 2839; x_wconf 83' lang='lat' dir='ltr'><strong>s.</strong></span> 
     </span>
     <span class='ocr_line' id='line_1_37' title="bbox 162 2856 1056 2912; baseline -0.01 -8"><span class='ocrx_word' id='word_1_229' title='bbox 162 2876 211 2908; x_wconf 86' lang='lat' dir='ltr'><strong>v..</strong></span> <span class='ocrx_word' id='word_1_230' title='bbox 232 2859 515 2902; x_wconf 82' lang='lat' dir='ltr'><strong>abstulerat.</strong></span> <span class='ocrx_word' id='word_1_231' title='bbox 584 2857 686 2900; x_wconf 78' lang='lat' dir='ltr'><strong>MS.</strong></span> <span class='ocrx_word' id='word_1_232' title='bbox 711 2858 821 2912; x_wconf 80' lang='lat' dir='ltr'><strong>Agr.</strong></span> <span class='ocrx_word' id='word_1_233' title='bbox 841 2856 1056 2898; x_wconf 73' lang='lat' dir='ltr'><strong>adulatio</strong></span> 
     </span>
     <span class='ocr_line' id='line_1_38' title="bbox 165 2911 1052 2962; baseline -0.009 0"><span class='ocrx_word' id='word_1_234' title='bbox 165 2925 211 2962; x_wconf 80' lang='lat' dir='ltr'><strong>et</strong></span> <span class='ocrx_word' id='word_1_235' title='bbox 244 2914 521 2960; x_wconf 79' lang='lat' dir='ltr'><strong>blanditiae.</strong></span> <span class='ocrx_word' id='word_1_236' title='bbox 609 2913 818 2957; x_wconf 81' lang='lat' dir='ltr'><strong>Heinsius</strong></span> <span class='ocrx_word' id='word_1_237' title='bbox 853 2911 1052 2955; x_wconf 79' lang='lat' dir='ltr'><strong>volebat:</strong></span> 
     </span>
     <span class='ocr_line' id='line_1_39' title="bbox 161 2971 1052 3027; baseline -0.008 -8"><span class='ocrx_word' id='word_1_238' title='bbox 161 2978 428 3027; x_wconf 78' lang='lat' dir='ltr'><strong>irrumpent</strong></span> <span class='ocrx_word' id='word_1_239' title='bbox 460 2972 747 3016; x_wconf 79' lang='lat' dir='ltr'><strong>adulationis</strong></span> <span class='ocrx_word' id='word_1_240' title='bbox 778 2971 1052 3013; x_wconf 80' lang='lat' dir='ltr'><strong>blanditiae.</strong></span> 
     </span>
     <span class='ocr_line' id='line_1_40' title="bbox 162 3027 1055 3090; baseline -0.009 -14"><span class='ocrx_word' id='word_1_241' title='bbox 162 3029 411 3090; x_wconf 79' lang='lat' dir='ltr'><strong>Rupertius</strong></span> <span class='ocrx_word' id='word_1_242' title='bbox 443 3029 708 3073; x_wconf 75' lang='lat' dir='ltr'><strong>alterutrum</strong></span> <span class='ocrx_word' id='word_1_243' title='bbox 733 3045 756 3071; x_wconf 88' lang='lat' dir='ltr'><strong>e</strong></span> <span class='ocrx_word' id='word_1_244' title='bbox 789 3027 1055 3085; x_wconf 73' lang='lat' dir='ltr'><strong>glossemate</strong></span> 
     </span>
     <span class='ocr_line' id='line_1_41' title="bbox 163 3084 1053 3147; baseline -0.009 -14"><span class='ocrx_word' id='word_1_245' title='bbox 163 3085 402 3147; x_wconf 76' lang='lat' dir='ltr'><strong>inrepsisse</strong></span> <span class='ocrx_word' id='word_1_246' title='bbox 439 3093 577 3144; x_wconf 75' lang='lat' dir='ltr'><strong>putat.</strong></span> <span class='ocrx_word' id='word_1_247' title='bbox 663 3085 750 3128; x_wconf 86' lang='lat' dir='ltr'><strong>Sed</strong></span> <span class='ocrx_word' id='word_1_248' title='bbox 787 3086 890 3127; x_wconf 81' lang='lat' dir='ltr'><strong>satis</strong></span> <span class='ocrx_word' id='word_1_249' title='bbox 926 3084 1053 3128; x_wconf 83' lang='lat' dir='ltr'><strong>diffe-</strong></span> 
     </span>
     <span class='ocr_line' id='line_1_42' title="bbox 162 3144 1055 3194; baseline -0.01 -3"><span class='ocrx_word' id='word_1_250' title='bbox 162 3155 272 3191; x_wconf 81' lang='lat' dir='ltr'><strong>runt</strong></span> <span class='ocrx_word' id='word_1_251' title='bbox 291 3146 502 3188; x_wconf 82' lang='lat' dir='ltr'><strong>adulatio</strong></span> <span class='ocrx_word' id='word_1_252' title='bbox 526 3152 569 3185; x_wconf 88' lang='lat' dir='ltr'><strong>et</strong></span> <span class='ocrx_word' id='word_1_253' title='bbox 591 3144 864 3194; x_wconf 78' lang='lat' dir='ltr'><strong>blanditiae,</strong></span> <span class='ocrx_word' id='word_1_254' title='bbox 894 3151 942 3185; x_wconf 81' lang='lat' dir='ltr'><strong>ut</strong></span> <span class='ocrx_word' id='word_1_255' title='bbox 973 3156 1055 3183; x_wconf 86' lang='lat' dir='ltr'><strong>no·</strong></span> 
     </span>
     <span class='ocr_line' id='line_1_43' title="bbox 166 3199 1052 3249; baseline -0.011 0"><span class='ocrx_word' id='word_1_256' title='bbox 166 3213 255 3249; x_wconf 79' lang='lat' dir='ltr'><strong>stra</strong></span> <span class='ocrx_word' id='word_1_257' title='bbox 281 3199 500 3249; x_wconf 83' lang='lat' dir='ltr'><strong>vocabula</strong></span> <span class='ocrx_word' id='word_1_258' title='bbox 516 3201 898 3243; x_wconf 74' lang='lat' dir='ltr'><strong>Schmeicheleiet</strong></span> <span class='ocrx_word' id='word_1_259' title='bbox 918 3200 1052 3242; x_wconf 82' lang='lat' dir='ltr'><strong>Lieb-</strong></span> 
     </span>
    </p>
   </div>
   <div class='ocr_carea' id='block_1_7' title="bbox 163 3254 1055 3365">
    <p class='ocr_par' dir='ltr' id='par_1_8' title="bbox 163 3254 1055 3365">
     <span class='ocr_line' id='line_1_44' title="bbox 163 3254 1055 3315; baseline -0.004 -11"><span class='ocrx_word' id='word_1_260' title='bbox 163 3258 418 3315; x_wconf 70' lang='lat' dir='ltr'><strong>kosungen.</strong></span> <span class='ocrx_word' id='word_1_261' title='bbox 478 3258 537 3304; x_wconf 85' lang='lat' dir='ltr'><strong>ef.</strong></span> <span class='ocrx_word' id='word_1_262' title='bbox 562 3254 752 3302; x_wconf 78' lang='lat' dir='ltr'><strong>casaub.</strong></span> <span class='ocrx_word' id='word_1_263' title='bbox 784 3255 840 3299; x_wconf 84' lang='lat' dir='ltr'><strong>ad</strong></span> <span class='ocrx_word' id='word_1_264' title='bbox 866 3257 1055 3300; x_wconf 79' lang='lat' dir='ltr'><strong>Sueton.</strong></span> 
     </span>
     <span class='ocr_line' id='line_1_45' title="bbox 166 3315 435 3365; baseline -0.019 0"><span class='ocrx_word' id='word_1_265' title='bbox 166 3318 275 3365; x_wconf 82' lang='lat' dir='ltr'><strong>Oet.</strong></span> <span class='ocrx_word' id='word_1_266' title='bbox 299 3332 341 3362; x_wconf 93' lang='lat' dir='ltr'><strong>c.</strong></span> <span class='ocrx_word' id='word_1_267' title='bbox 364 3315 435 3360; x_wconf 75' lang='lat'><strong>53.</strong></span> 
     </span>
    </p>
   </div>
   <div class='ocr_carea' id='block_1_8' title="bbox 166 3383 1057 3547">
    <p class='ocr_par' dir='ltr' id='par_1_9' title="bbox 166 3383 1057 3547">
     <span class='ocr_line' id='line_1_46' title="bbox 217 3383 1057 3445; baseline -0.008 -13"><span class='ocrx_word' id='word_1_268' title='bbox 217 3389 476 3445; x_wconf 80' lang='lat' dir='ltr'><strong>pessimum</strong></span> <span class='ocrx_word' id='word_1_269' title='bbox 498 3386 601 3427; x_wconf 77' lang='lat' dir='ltr'><strong>veri</strong></span> <span class='ocrx_word' id='word_1_270' title='bbox 614 3383 828 3439; x_wconf 84' lang='lat' dir='ltr'><strong>adfectus</strong></span> <span class='ocrx_word' id='word_1_271' title='bbox 844 3392 928 3426; x_wconf 74' lang='lat' dir='ltr'><strong>ele.</strong></span> <span class='ocrx_word' id='word_1_272' title='bbox 974 3383 1057 3426; x_wconf 85' lang='lat' dir='ltr'><strong>Ed.</strong></span> 
     </span>
     <span class='ocr_line' id='line_1_47' title="bbox 167 3441 1057 3504; baseline -0.011 -14"><span class='ocrx_word' id='word_1_273' title='bbox 167 3447 285 3504; x_wconf 75' lang='lat' dir='ltr'><strong>Spir.</strong></span> <span class='ocrx_word' id='word_1_274' title='bbox 319 3445 578 3500; x_wconf 78' lang='lat' dir='ltr'><strong>pessimum</strong></span> <span class='ocrx_word' id='word_1_275' title='bbox 611 3441 715 3484; x_wconf 75' lang='lat' dir='ltr'><strong>veri</strong></span> <span class='ocrx_word' id='word_1_276' title='bbox 745 3441 939 3496; x_wconf 78' lang='lat' dir='ltr'><strong>affectus</strong></span> <span class='ocrx_word' id='word_1_277' title='bbox 976 3457 1057 3484; x_wconf 78' lang='lat' dir='ltr'><strong>vc-</strong></span> 
     </span>
     <span class='ocr_line' id='line_1_48' title="bbox 166 3502 563 3547; baseline -0.003 0"><span class='ocrx_word' id='word_1_278' title='bbox 166 3504 352 3547; x_wconf 77' lang='lat' dir='ltr'><strong>nerium</strong></span> <span class='ocrx_word' id='word_1_279' title='bbox 382 3502 457 3544; x_wconf 82' lang='lat' dir='ltr'><strong>sui</strong></span> <span class='ocrx_word' id='word_1_280' title='bbox 476 3507 563 3546; x_wconf 79' lang='lat' dir='ltr'><strong>etc.</strong></span> 
     </span>
    </p>
   </div>
   <div class='ocr_carea' id='block_1_9' title="bbox 226 3567 1056 3624">
    <p class='ocr_par' dir='ltr' id='par_1_10' title="bbox 226 3567 1056 3624">
     <span class='ocr_line' id='line_1_49' title="bbox 226 3567 1056 3624; baseline -0.002 -9"><span class='ocrx_word' id='word_1_281' title='bbox 226 3581 269 3615; x_wconf 68' lang='lat' dir='ltr'><strong>et</strong></span> <span class='ocrx_word' id='word_1_282' title='bbox 291 3575 388 3617; x_wconf 78' lang='lat' dir='ltr'><strong>iam</strong></span> <span class='ocrx_word' id='word_1_283' title='bbox 417 3586 498 3624; x_wconf 76' lang='lat' dir='ltr'><strong>ego</strong></span> <span class='ocrx_word' id='word_1_284' title='bbox 521 3587 575 3613; x_wconf 83' lang='lat' dir='ltr'><strong>ac</strong></span> <span class='ocrx_word' id='word_1_285' title='bbox 599 3578 665 3613; x_wconf 88' lang='lat' dir='ltr'><strong>tu.</strong></span> <span class='ocrx_word' id='word_1_286' title='bbox 727 3569 801 3612; x_wconf 79' lang='lat' dir='ltr'><strong>Sic</strong></span> <span class='ocrx_word' id='word_1_287' title='bbox 827 3567 928 3612; x_wconf 81' lang='lat' dir='ltr'><strong>edd.</strong></span> <span class='ocrx_word' id='word_1_288' title='bbox 952 3567 1056 3613; x_wconf 61' lang='lat' dir='ltr'><strong>Pul.</strong></span> 
     </span>
    </p>
   </div>
   <div class='ocr_carea' id='block_1_10' title="bbox 1120 1677 2019 2643">
    <p class='ocr_par' dir='ltr' id='par_1_11' title="bbox 1120 1677 2019 2482">
     <span class='ocr_line' id='line_1_50' title="bbox 1120 1677 2014 1736; baseline 0 -14"><span class='ocrx_word' id='word_1_289' title='bbox 1120 1695 1225 1722; x_wconf 89' lang='lat' dir='ltr'><strong>nan.</strong></span> <span class='ocrx_word' id='word_1_290' title='bbox 1252 1694 1350 1736; x_wconf 87' lang='lat' dir='ltr'><strong>sqq.</strong></span> <span class='ocrx_word' id='word_1_291' title='bbox 1410 1678 1533 1721; x_wconf 87' lang='lat' dir='ltr'><strong>Nihil</strong></span> <span class='ocrx_word' id='word_1_292' title='bbox 1555 1680 1722 1722; x_wconf 84' lang='lat' dir='ltr'><strong>variant</strong></span> <span class='ocrx_word' id='word_1_293' title='bbox 1734 1678 1899 1728; x_wconf 90' lang='lat' dir='ltr'><strong>MSS.‚</strong></span> <span class='ocrx_word' id='word_1_294' title='bbox 1926 1677 2014 1722; x_wconf 84' lang='lat' dir='ltr'><strong>nisi</strong></span> 
     </span>
     <span class='ocr_line' id='line_1_51' title="bbox 1120 1735 2014 1794; baseline 0.001 -15"><span class='ocrx_word' id='word_1_295' title='bbox 1120 1737 1244 1793; x_wconf 88' lang='lat' dir='ltr'><strong>quod</strong></span> <span class='ocrx_word' id='word_1_296' title='bbox 1266 1736 1369 1779; x_wconf 87' lang='lat' dir='ltr'><strong>MS.</strong></span> <span class='ocrx_word' id='word_1_297' title='bbox 1385 1737 1498 1794; x_wconf 83' lang='lat' dir='ltr'><strong>Agr.</strong></span> <span class='ocrx_word' id='word_1_298' title='bbox 1521 1735 1675 1779; x_wconf 83' lang='lat' dir='ltr'><strong>habet:</strong></span> <span class='ocrx_word' id='word_1_299' title='bbox 1708 1736 1898 1780; x_wconf 78' lang='lat' dir='ltr'><strong>Etenim·</strong></span> <span class='ocrx_word' id='word_1_300' title='bbox 1916 1750 2014 1792; x_wconf 77' lang='lat' dir='ltr'><strong>ego.</strong></span> 
     </span>
     <span class='ocr_line' id='line_1_52' title="bbox 1122 1791 2013 1852; baseline -0.003 -13"><span class='ocrx_word' id='word_1_301' title='bbox 1122 1793 1371 1839; x_wconf 79' lang='lat' dir='ltr'><strong>Oberlinus</strong></span> <span class='ocrx_word' id='word_1_302' title='bbox 1399 1810 1448 1837; x_wconf 84' lang='lat' dir='ltr'><strong>ex</strong></span> <span class='ocrx_word' id='word_1_303' title='bbox 1471 1791 1662 1836; x_wconf 87' lang='lat' dir='ltr'><strong>Acidalii</strong></span> <span class='ocrx_word' id='word_1_304' title='bbox 1694 1793 1911 1852; x_wconf 87' lang='lat' dir='ltr'><strong>opinione</strong></span> <span class='ocrx_word' id='word_1_305' title='bbox 1939 1802 2013 1836; x_wconf 82' lang='lat' dir='ltr'><strong>et-</strong></span> 
     </span>
     <span class='ocr_line' id='line_1_53' title="bbox 1120 1848 2014 1911; baseline -0.002 -15"><span class='ocrx_word' id='word_1_306' title='bbox 1120 1850 1220 1897; x_wconf 78' lang='lat' dir='ltr'><strong>iam</strong></span> <span class='ocrx_word' id='word_1_307' title='bbox 1265 1848 1491 1894; x_wconf 81' lang='lat' dir='ltr'><strong>transtulit</strong></span> <span class='ocrx_word' id='word_1_308' title='bbox 1529 1849 1584 1894; x_wconf 89' lang='lat' dir='ltr'><strong>ad</strong></span> <span class='ocrx_word' id='word_1_309' title='bbox 1615 1849 1797 1897; x_wconf 82' lang='lat' dir='ltr'><strong>initium</strong></span> <span class='ocrx_word' id='word_1_310' title='bbox 1825 1866 1921 1911; x_wconf 81' lang='lat' dir='ltr'><strong>cap.</strong></span> <span class='ocrx_word' id='word_1_311' title='bbox 1944 1850 2014 1895; x_wconf 87' lang='lat'><strong>16.</strong></span> 
     </span>
     <span class='ocr_line' id='line_1_54' title="bbox 1123 1905 2016 1971; baseline 0.001 -18"><span class='ocrx_word' id='word_1_312' title='bbox 1123 1910 1213 1954; x_wconf 85' lang='lat' dir='ltr'><strong>sic:</strong></span> <span class='ocrx_word' id='word_1_313' title='bbox 1254 1909 1441 1959; x_wconf 80' lang='lat' dir='ltr'><strong>Etiam,</strong></span> <span class='ocrx_word' id='word_1_314' title='bbox 1479 1909 1525 1950; x_wconf 83' lang='lat' dir='ltr'><strong>si</strong></span> <span class='ocrx_word' id='word_1_315' title='bbox 1553 1909 1854 1952; x_wconf 83' lang='lat' dir='ltr'><strong>immensum.</strong></span> <span class='ocrx_word' id='word_1_316' title='bbox 1927 1905 2016 1971; x_wconf 52' lang='lat' dir='ltr'><strong>Sed</strong></span> 
     </span>
     <span class='ocr_line' id='line_1_55' title="bbox 1121 1964 2015 2023; baseline -0.003 -12"><span class='ocrx_word' id='word_1_317' title='bbox 1121 1968 1186 2011; x_wconf 88' lang='lat' dir='ltr'><strong>nil</strong></span> <span class='ocrx_word' id='word_1_318' title='bbox 1211 1966 1271 2009; x_wconf 90' lang='lat' dir='ltr'><strong>ibi</strong></span> <span class='ocrx_word' id='word_1_319' title='bbox 1297 1965 1491 2009; x_wconf 82' lang='lat' dir='ltr'><strong>efficitur</strong></span> <span class='ocrx_word' id='word_1_320' title='bbox 1511 1980 1592 2023; x_wconf 88' lang='lat' dir='ltr'><strong>per</strong></span> <span class='ocrx_word' id='word_1_321' title='bbox 1621 1967 1784 2010; x_wconf 80' lang='lat' dir='ltr'><strong>etlam.</strong></span> <span class='ocrx_word' id='word_1_322' title='bbox 1853 1964 2015 2010; x_wconf 82' lang='lat' dir='ltr'><strong>Piche-</strong></span> 
     </span>
     <span class='ocr_line' id='line_1_56' title="bbox 1121 2020 2018 2073; baseline -0.002 -6"><span class='ocrx_word' id='word_1_323' title='bbox 1121 2040 1182 2067; x_wconf 88' lang='lat' dir='ltr'><strong>na</strong></span> <span class='ocrx_word' id='word_1_324' title='bbox 1205 2023 1350 2066; x_wconf 82' lang='lat' dir='ltr'><strong>etiam</strong></span> <span class='ocrx_word' id='word_1_325' title='bbox 1371 2020 1553 2066; x_wconf 79' lang='lat' dir='ltr'><strong>volebat</strong></span> <span class='ocrx_word' id='word_1_326' title='bbox 1575 2021 1807 2073; x_wconf 56' lang='lat' dir='ltr'><strong>retrahere</strong></span> <span class='ocrx_word' id='word_1_327' title='bbox 1831 2023 1886 2067; x_wconf 85' lang='lat' dir='ltr'><strong>ad</strong></span> <span class='ocrx_word' id='word_1_328' title='bbox 1919 2023 2018 2067; x_wconf 74' lang='lat' dir='ltr'><strong>uti-</strong></span> 
     </span>
     <span class='ocr_line' id='line_1_57' title="bbox 1121 2078 2018 2136; baseline 0.001 -12"><span class='ocrx_word' id='word_1_329' title='bbox 1121 2083 1247 2125; x_wconf 83' lang='lat' dir='ltr'><strong>litas.</strong></span> <span class='ocrx_word' id='word_1_330' title='bbox 1307 2079 1397 2123; x_wconf 88' lang='lat' dir='ltr'><strong>Sed</strong></span> <span class='ocrx_word' id='word_1_331' title='bbox 1429 2079 1574 2123; x_wconf 85' lang='lat' dir='ltr'><strong>scribe</strong></span> <span class='ocrx_word' id='word_1_332' title='bbox 1607 2095 1713 2123; x_wconf 83' lang='lat' dir='ltr'><strong>eum</strong></span> <span class='ocrx_word' id='word_1_333' title='bbox 1737 2078 2018 2136; x_wconf 61' lang='lat' dir='ltr'><strong>Puteolanoz</strong></span> 
     </span>
     <span class='ocr_line' id='line_1_58' title="bbox 1121 2133 2019 2193; baseline 0 -10"><span class='ocrx_word' id='word_1_334' title='bbox 1121 2140 1185 2183; x_wconf 79' lang='lat' dir='ltr'><strong>Et</strong></span> <span class='ocrx_word' id='word_1_335' title='bbox 1205 2139 1307 2181; x_wconf 88' lang='lat' dir='ltr'><strong>iam</strong></span> <span class='ocrx_word' id='word_1_336' title='bbox 1332 2153 1438 2192; x_wconf 76' lang='lat' dir='ltr'><strong>ego,</strong></span> <span class='ocrx_word' id='word_1_337' title='bbox 1466 2145 1517 2180; x_wconf 89' lang='lat' dir='ltr'><strong>ut</strong></span> <span class='ocrx_word' id='word_1_338' title='bbox 1539 2136 1595 2179; x_wconf 86' lang='lat' dir='ltr'><strong>sit</strong></span> <span class='ocrx_word' id='word_1_339' title='bbox 1615 2139 1692 2180; x_wconf 81' lang='grc' dir='ltr'><strong>καὶ</strong></span> <span class='ocrx_word' id='word_1_340' title='bbox 1713 2133 1789 2193; x_wconf 80' lang='grc' dir='ltr'><strong>δή.</strong></span> <span class='ocrx_word' id='word_1_341' title='bbox 1833 2137 1896 2183; x_wconf 78' lang='lat' dir='ltr'><strong>ef.</strong></span> <span class='ocrx_word' id='word_1_342' title='bbox 1918 2145 2019 2183; x_wconf 78' lang='lat' dir='ltr'><strong>not.</strong></span> 
     </span>
     <span class='ocr_line' id='line_1_59' title="bbox 1122 2194 2017 2251; baseline -0.001 -11"><span class='ocrx_word' id='word_1_343' title='bbox 1122 2196 1178 2240; x_wconf 86' lang='lat' dir='ltr'><strong>ad</strong></span> <span class='ocrx_word' id='word_1_344' title='bbox 1202 2212 1244 2240; x_wconf 86' lang='lat' dir='ltr'><strong>c.</strong></span> <span class='ocrx_word' id='word_1_345' title='bbox 1271 2194 1341 2239; x_wconf 83' lang='lat'><strong>13.</strong></span> <span class='ocrx_word' id='word_1_346' title='bbox 1400 2194 1473 2238; x_wconf 83' lang='lat' dir='ltr'><strong>De</strong></span> <span class='ocrx_word' id='word_1_347' title='bbox 1496 2194 1657 2251; x_wconf 87' lang='lat' dir='ltr'><strong>copula</strong></span> <span class='ocrx_word' id='word_1_348' title='bbox 1683 2203 1730 2238; x_wconf 90' lang='lat' dir='ltr'><strong>et</strong></span> <span class='ocrx_word' id='word_1_349' title='bbox 1755 2194 1816 2240; x_wconf 79' lang='lat' dir='ltr'><strong>cf.</strong></span> <span class='ocrx_word' id='word_1_350' title='bbox 1839 2202 1938 2241; x_wconf 83' lang='lat' dir='ltr'><strong>not.</strong></span> <span class='ocrx_word' id='word_1_351' title='bbox 1958 2194 2017 2240; x_wconf 83' lang='lat' dir='ltr'><strong>ad</strong></span> 
     </span>
     <span class='ocr_line' id='line_1_60' title="bbox 1122 2251 2018 2304; baseline -0.001 -6"><span class='ocrx_word' id='word_1_352' title='bbox 1122 2256 1213 2298; x_wconf 87' lang='lat' dir='ltr'><strong>An.</strong></span> <span class='ocrx_word' id='word_1_353' title='bbox 1239 2254 1278 2304; x_wconf 89' lang='lat'><strong>1,</strong></span> <span class='ocrx_word' id='word_1_354' title='bbox 1303 2253 1373 2296; x_wconf 90' lang='lat'><strong>11.</strong></span> <span class='ocrx_word' id='word_1_355' title='bbox 1433 2251 1671 2296; x_wconf 84' lang='lat' dir='ltr'><strong>Consentit</strong></span> <span class='ocrx_word' id='word_1_356' title='bbox 1700 2252 1749 2295; x_wconf 89' lang='lat' dir='ltr'><strong>in</strong></span> <span class='ocrx_word' id='word_1_357' title='bbox 1779 2251 1897 2297; x_wconf 85' lang='lat' dir='ltr'><strong>hanc</strong></span> <span class='ocrx_word' id='word_1_358' title='bbox 1925 2251 2018 2297; x_wconf 85' lang='lat' dir='ltr'><strong>loci</strong></span> 
     </span>
     <span class='ocr_line' id='line_1_61' title="bbox 1124 2309 2017 2356; baseline 0.001 -2"><span class='ocrx_word' id='word_1_359' title='bbox 1124 2309 1427 2354; x_wconf 84' lang='lat' dir='ltr'><strong>constituendi</strong></span> <span class='ocrx_word' id='word_1_360' title='bbox 1459 2310 1683 2354; x_wconf 76' lang='lat' dir='ltr'><strong>rationem</strong></span> <span class='ocrx_word' id='word_1_361' title='bbox 1712 2309 2017 2356; x_wconf 85' lang='lat' dir='ltr'><strong>Gutmannus.</strong></span> 
     </span>
     <span class='ocr_line' id='line_1_62' title="bbox 1123 2366 2016 2426; baseline 0 -14"><span class='ocrx_word' id='word_1_362' title='bbox 1123 2367 1364 2426; x_wconf 81' lang='lat' dir='ltr'><strong>Rupertius</strong></span> <span class='ocrx_word' id='word_1_363' title='bbox 1405 2366 1526 2412; x_wconf 84' lang='lat' dir='ltr'><strong>vult:</strong></span> <span class='ocrx_word' id='word_1_364' title='bbox 1578 2367 1652 2410; x_wconf 84' lang='lat' dir='ltr'><strong>En</strong></span> <span class='ocrx_word' id='word_1_365' title='bbox 1690 2369 1790 2410; x_wconf 76' lang='lat' dir='ltr'><strong>iam</strong></span> <span class='ocrx_word' id='word_1_366' title='bbox 1828 2382 1928 2423; x_wconf 79' lang='lat' dir='ltr'><strong>ego.</strong></span> <span class='ocrx_word' id='word_1_367' title='bbox 1958 2392 2016 2404; x_wconf 91' lang='lat'>—</span> 
     </span>
     <span class='ocr_line' id='line_1_63' title="bbox 1123 2424 1836 2482; baseline 0 -12"><span class='ocrx_word' id='word_1_368' title='bbox 1123 2426 1236 2470; x_wconf 86' lang='lat' dir='ltr'><strong>Mox</strong></span> <span class='ocrx_word' id='word_1_369' title='bbox 1260 2425 1330 2468; x_wconf 90' lang='lat' dir='ltr'><strong>ed.</strong></span> <span class='ocrx_word' id='word_1_370' title='bbox 1356 2425 1474 2482; x_wconf 85' lang='lat' dir='ltr'><strong>Spir.</strong></span> <span class='ocrx_word' id='word_1_371' title='bbox 1501 2424 1666 2468; x_wconf 76' lang='lat' dir='ltr'><strong>omittit</strong></span> <span class='ocrx_word' id='word_1_372' title='bbox 1685 2426 1836 2470; x_wconf 78' lang='lat' dir='ltr'><strong>hodie.</strong></span> 
     </span>
    </p>

    <p class='ocr_par' dir='ltr' id='par_1_12' title="bbox 1125 2480 2016 2643">
     <span class='ocr_line' id='line_1_64' title="bbox 1185 2480 2016 2538; baseline -0.001 -11"><span class='ocrx_word' id='word_1_373' title='bbox 1185 2482 1546 2538; x_wconf 75' lang='lat' dir='ltr'><strong>simplicissime.</strong></span> <span class='ocrx_word' id='word_1_374' title='bbox 1615 2480 1678 2526; x_wconf 85' lang='lat' dir='ltr'><strong>cf.</strong></span> <span class='ocrx_word' id='word_1_375' title='bbox 1713 2490 1810 2526; x_wconf 82' lang='lat' dir='ltr'><strong>not.</strong></span> <span class='ocrx_word' id='word_1_376' title='bbox 1841 2481 1896 2525; x_wconf 87' lang='lat' dir='ltr'><strong>ad</strong></span> <span class='ocrx_word' id='word_1_377' title='bbox 1926 2483 2016 2526; x_wconf 85' lang='lat' dir='ltr'><strong>An.</strong></span> 
     </span>
     <span class='ocr_line' id='line_1_65' title="bbox 1127 2539 2016 2596; baseline -0.004 -10"><span class='ocrx_word' id='word_1_378' title='bbox 1127 2544 1167 2591; x_wconf 87' lang='lat'><strong>1,</strong></span> <span class='ocrx_word' id='word_1_379' title='bbox 1189 2541 1262 2584; x_wconf 87' lang='lat'><strong>69.</strong></span> <span class='ocrx_word' id='word_1_380' title='bbox 1285 2553 1382 2582; x_wconf 90' lang='lat' dir='ltr'><strong>non</strong></span> <span class='ocrx_word' id='word_1_381' title='bbox 1407 2542 1530 2582; x_wconf 79' lang='lat' dir='ltr'><strong>enim</strong></span> <span class='ocrx_word' id='word_1_382' title='bbox 1553 2539 1788 2596; x_wconf 81' lang='lat' dir='ltr'><strong>simplices</strong></span> <span class='ocrx_word' id='word_1_383' title='bbox 1816 2552 1901 2584; x_wconf 85' lang='lat' dir='ltr'><strong>eas</strong></span> <span class='ocrx_word' id='word_1_384' title='bbox 1935 2554 2016 2583; x_wconf 78' lang='lat' dir='ltr'><strong>cu·</strong></span> 
     </span>
     <span class='ocr_line' id='line_1_66' title="bbox 1125 2613 1226 2643; baseline -0.03 0"><span class='ocrx_word' id='word_1_385' title='bbox 1125 2613 1226 2643; x_wconf 86' lang='lat' dir='ltr'><strong>ras.</strong></span> 
     </span>
    </p>
   </div>
   <div class='ocr_carea' id='block_1_11' title="bbox 1126 2664 2022 2897">
    <p class='ocr_par' dir='ltr' id='par_1_13' title="bbox 1126 2664 2022 2897">
     <span class='ocr_line' id='line_1_67' title="bbox 1181 2664 2018 2726; baseline 0.001 -15"><span class='ocrx_word' id='word_1_386' title='bbox 1181 2666 1451 2711; x_wconf 80' lang='lat' dir='ltr'><strong>adsentatio</strong></span> <span class='ocrx_word' id='word_1_387' title='bbox 1473 2675 1560 2711; x_wconf 79' lang='lat' dir='ltr'><strong>etc.</strong></span> <span class='ocrx_word' id='word_1_388' title='bbox 1618 2664 1700 2710; x_wconf 85' lang='lat' dir='ltr'><strong>Ed.</strong></span> <span class='ocrx_word' id='word_1_389' title='bbox 1714 2666 1810 2726; x_wconf 82' lang='lat' dir='ltr'><strong>Spi1</strong></span> <span class='ocrx_word' id='word_1_390' title='bbox 1826 2700 1838 2712; x_wconf 91' lang='lat'><strong>.</strong></span> <span class='ocrx_word' id='word_1_391' title='bbox 1862 2677 2018 2712; x_wconf 82' lang='lat' dir='ltr'><strong>assen-</strong></span> 
     </span>
     <span class='ocr_line' id='line_1_68' title="bbox 1126 2724 2022 2785; baseline 0 -16"><span class='ocrx_word' id='word_1_392' title='bbox 1126 2729 1271 2769; x_wconf 85' lang='lat' dir='ltr'><strong>tando</strong></span> <span class='ocrx_word' id='word_1_393' title='bbox 1295 2739 1412 2779; x_wconf 79' lang='lat' dir='ltr'><strong>erga</strong></span> <span class='ocrx_word' id='word_1_394' title='bbox 1434 2739 1747 2782; x_wconf 85' lang='lat' dir='ltr'><strong>quemcunque</strong></span> <span class='ocrx_word' id='word_1_395' title='bbox 1761 2724 2022 2785; x_wconf 64' lang='lat' dir='ltr'><strong>principem‘</strong></span> 
     </span>
     <span class='ocr_line' id='line_1_69' title="bbox 1126 2781 2020 2832; baseline 0 -5"><span class='ocrx_word' id='word_1_396' title='bbox 1126 2793 1212 2827; x_wconf 71' lang='lat' dir='ltr'><strong>etc.</strong></span> <span class='ocrx_word' id='word_1_397' title='bbox 1227 2813 1240 2832; x_wconf 91' lang='lat'><strong>,</strong></span> <span class='ocrx_word' id='word_1_398' title='bbox 1269 2782 1395 2826; x_wconf 84' lang='lat' dir='ltr'><strong>nulla</strong></span> <span class='ocrx_word' id='word_1_399' title='bbox 1422 2781 1710 2827; x_wconf 81' lang='lat' dir='ltr'><strong>distinetione</strong></span> <span class='ocrx_word' id='word_1_400' title='bbox 1731 2790 1834 2827; x_wconf 79' lang='lat' dir='ltr'><strong>ante</strong></span> <span class='ocrx_word' id='word_1_401' title='bbox 1858 2794 2020 2827; x_wconf 77' lang='lat' dir='ltr'><strong>assen-</strong></span> 
     </span>
     <span class='ocr_line' id='line_1_70' title="bbox 1126 2839 1454 2897; baseline -0.003 -13"><span class='ocrx_word' id='word_1_402' title='bbox 1126 2844 1276 2884; x_wconf 82' lang='lat' dir='ltr'><strong>tando</strong></span> <span class='ocrx_word' id='word_1_403' title='bbox 1296 2839 1454 2897; x_wconf 81' lang='lat' dir='ltr'><strong>posita.</strong></span> 
     </span>
    </p>
   </div>
   <div class='ocr_carea' id='block_1_12' title="bbox 1125 2889 2019 3013">
    <p class='ocr_par' dir='ltr' id='par_1_14' title="bbox 1125 2889 2019 3013">
     <span class='ocr_line' id='line_1_71' title="bbox 1181 2889 2019 2956; baseline -0.001 -1"><span class='ocrx_word' id='word_1_404' title='bbox 1181 2910 1293 2955; x_wconf 78' lang='lat' dir='ltr'><strong>CAP.</strong></span> <span class='ocrx_word' id='word_1_405' title='bbox 1329 2910 1399 2955; x_wconf 86' lang='lat'><strong>16.</strong></span> <span class='ocrx_word' id='word_1_406' title='bbox 1468 2911 1526 2956; x_wconf 77' lang='lat' dir='ltr'><strong>Si</strong></span> <span class='ocrx_word' id='word_1_407' title='bbox 1555 2889 1857 2954; x_wconf 79' lang='lat' dir='ltr'><strong>immensum.</strong></span> <span class='ocrx_word' id='word_1_408' title='bbox 1941 2907 2019 2954; x_wconf 76' lang='lat' dir='ltr'><strong>Sic</strong></span> 
     </span>
     <span class='ocr_line' id='line_1_72' title="bbox 1125 2966 2017 3013; baseline 0 -1"><span class='ocrx_word' id='word_1_409' title='bbox 1125 2969 1231 3013; x_wconf 88' lang='lat' dir='ltr'><strong>libri</strong></span> <span class='ocrx_word' id='word_1_410' title='bbox 1256 2977 1360 3012; x_wconf 74' lang='lat' dir='ltr'><strong>vett.</strong></span> <span class='ocrx_word' id='word_1_411' title='bbox 1388 2991 1440 3000; x_wconf 91' lang='lat'>—</span> <span class='ocrx_word' id='word_1_412' title='bbox 1492 2968 1581 3012; x_wconf 89' lang='lat' dir='ltr'><strong>Sed</strong></span> <span class='ocrx_word' id='word_1_413' title='bbox 1602 2967 1661 3012; x_wconf 83' lang='lat' dir='ltr'><strong>ef.</strong></span> <span class='ocrx_word' id='word_1_414' title='bbox 1688 2976 1784 3012; x_wconf 83' lang='lat' dir='ltr'><strong>not.</strong></span> <span class='ocrx_word' id='word_1_415' title='bbox 1806 2966 1860 3010; x_wconf 83' lang='lat' dir='ltr'><strong>ad</strong></span> <span class='ocrx_word' id='word_1_416' title='bbox 1882 2982 1926 3011; x_wconf 80' lang='lat' dir='ltr'><strong>c.</strong></span> <span class='ocrx_word' id='word_1_417' title='bbox 1946 2966 2017 3012; x_wconf 85' lang='lat'><strong>15.</strong></span> 
     </span>
    </p>
   </div>
   <div class='ocr_carea' id='block_1_13' title="bbox 1181 3034 2017 3082">
    <p class='ocr_par' dir='ltr' id='par_1_15' title="bbox 1181 3034 2017 3082">
     <span class='ocr_line' id='line_1_73' title="bbox 1181 3034 2017 3082; baseline 0 0"><span class='ocrx_word' id='word_1_418' title='bbox 1181 3036 1282 3082; x_wconf 82' lang='lat' dir='ltr'><strong>sine</strong></span> <span class='ocrx_word' id='word_1_419' title='bbox 1327 3047 1522 3082; x_wconf 79' lang='lat' dir='ltr'><strong>rectore.</strong></span> <span class='ocrx_word' id='word_1_420' title='bbox 1604 3037 1682 3082; x_wconf 83' lang='lat' dir='ltr'><strong>Sic</strong></span> <span class='ocrx_word' id='word_1_421' title='bbox 1716 3037 1819 3080; x_wconf 82' lang='lat' dir='ltr'><strong>MS.</strong></span> <span class='ocrx_word' id='word_1_422' title='bbox 1861 3034 2017 3082; x_wconf 78' lang='lat' dir='ltr'><strong>Guelf.</strong></span> 
     </span>
    </p>
   </div>
   <div class='ocr_carea' id='block_1_14' title="bbox 1125 3093 2021 3210">
    <p class='ocr_par' dir='ltr' id='par_1_16' title="bbox 1125 3093 2021 3210">
     <span class='ocr_line' id='line_1_74' title="bbox 1127 3093 2021 3154; baseline -0.002 -14"><span class='ocrx_word' id='word_1_423' title='bbox 1127 3096 1229 3140; x_wconf 92' lang='lat' dir='ltr'><strong>edd.</strong></span> <span class='ocrx_word' id='word_1_424' title='bbox 1252 3096 1355 3139; x_wconf 78' lang='lat' dir='ltr'><strong>Put.</strong></span> <span class='ocrx_word' id='word_1_425' title='bbox 1376 3112 1475 3154; x_wconf 89' lang='lat' dir='ltr'><strong>sqq.</strong></span> <span class='ocrx_word' id='word_1_426' title='bbox 1509 3112 1612 3139; x_wconf 87' lang='lat' dir='ltr'><strong>eum</strong></span> <span class='ocrx_word' id='word_1_427' title='bbox 1632 3095 1784 3142; x_wconf 70' lang='lat' dir='ltr'><strong>silent.</strong></span> <span class='ocrx_word' id='word_1_428' title='bbox 1808 3093 1929 3139; x_wconf 82' lang='lat' dir='ltr'><strong>Vict.</strong></span> <span class='ocrx_word' id='word_1_429' title='bbox 1959 3117 2021 3130; x_wconf 90' lang='lat'>-</span> 
     </span>
     <span class='ocr_line' id='line_1_75' title="bbox 1125 3153 1680 3210; baseline 0 -13"><span class='ocrx_word' id='word_1_430' title='bbox 1125 3156 1227 3197; x_wconf 84' lang='lat' dir='ltr'><strong>sine</strong></span> <span class='ocrx_word' id='word_1_431' title='bbox 1249 3156 1439 3196; x_wconf 75' lang='lat' dir='ltr'><strong>rhetore</strong></span> <span class='ocrx_word' id='word_1_432' title='bbox 1462 3154 1532 3198; x_wconf 85' lang='lat' dir='ltr'><strong>ed.</strong></span> <span class='ocrx_word' id='word_1_433' title='bbox 1559 3153 1680 3210; x_wconf 82' lang='lat' dir='ltr'><strong>Spir.</strong></span> 
     </span>
    </p>
   </div>
   <div class='ocr_carea' id='block_1_15' title="bbox 1126 3221 2024 3625">
    <p class='ocr_par' dir='ltr' id='par_1_17' title="bbox 1126 3221 2024 3625">
     <span class='ocr_line' id='line_1_76' title="bbox 1180 3221 2019 3280; baseline 0.001 -13"><span class='ocrx_word' id='word_1_434' title='bbox 1180 3226 1330 3280; x_wconf 80' lang='lat' dir='ltr'><strong>possit</strong></span> <span class='ocrx_word' id='word_1_435' title='bbox 1362 3239 1522 3280; x_wconf 84' lang='lat' dir='ltr'><strong>quam.</strong></span> <span class='ocrx_word' id='word_1_436' title='bbox 1581 3224 1659 3267; x_wconf 80' lang='lat' dir='ltr'><strong>Sic</strong></span> <span class='ocrx_word' id='word_1_437' title='bbox 1686 3222 1788 3266; x_wconf 88' lang='lat' dir='ltr'><strong>edd.</strong></span> <span class='ocrx_word' id='word_1_438' title='bbox 1813 3221 2019 3268; x_wconf 67' lang='lat' dir='ltr'><strong>Rhenum</strong></span> 
     </span>
     <span class='ocr_line' id='line_1_77' title="bbox 1126 3278 2020 3395; baseline 0 -13"><span class='ocrx_word' id='word_1_439' title='bbox 1126 3297 1229 3382; x_wconf 42' lang='lat' dir='ltr'><strong>{tdtdl</strong></span> <span class='ocrx_word' id='word_1_440' title='bbox 1252 3289 1530 3395; x_wconf 50' lang='grc' dir='ltr'><strong>ἶρίιξωῧῗιῗι</strong></span> <span class='ocrx_word' id='word_1_441' title='bbox 1545 3292 1699 3381; x_wconf 51' lang='lat' dir='ltr'><strong>gimel:</strong></span> <span class='ocrx_word' id='word_1_442' title='bbox 1714 3278 2020 3382; x_wconf 44' lang='lat' dir='ltr'><strong>aesfieffgadff:</strong></span> 
     </span>
     <span class='ocr_line' id='line_1_78' title="bbox 1131 3393 2024 3452; baseline -0.003 -12"><span class='ocrx_word' id='word_1_443' title='bbox 1131 3404 1258 3451; x_wconf 85' lang='lat' dir='ltr'><strong>(cum</strong></span> <span class='ocrx_word' id='word_1_444' title='bbox 1284 3397 1432 3439; x_wconf 87' lang='lat' dir='ltr'><strong>silent.</strong></span> <span class='ocrx_word' id='word_1_445' title='bbox 1459 3393 1599 3451; x_wconf 77' lang='lat' dir='ltr'><strong>vict.)</strong></span> <span class='ocrx_word' id='word_1_446' title='bbox 1630 3396 1734 3439; x_wconf 88' lang='lat' dir='ltr'><strong>Alc.</strong></span> <span class='ocrx_word' id='word_1_447' title='bbox 1789 3393 2024 3452; x_wconf 47' lang='lat' dir='ltr'><strong>&#39;&#39;Utraque</strong></span> 
     </span>
     <span class='ocr_line' id='line_1_79' title="bbox 1129 3451 2020 3511; baseline -0.003 -13"><span class='ocrx_word' id='word_1_448' title='bbox 1129 3454 1349 3511; x_wconf 78' lang='lat' dir='ltr'><strong>scriptura</strong></span> <span class='ocrx_word' id='word_1_449' title='bbox 1384 3452 1492 3497; x_wconf 81' lang='lat' dir='ltr'><strong>ferri</strong></span> <span class='ocrx_word' id='word_1_450' title='bbox 1523 3460 1696 3510; x_wconf 76' lang='lat' dir='ltr'><strong>potest,</strong></span> <span class='ocrx_word' id='word_1_451' title='bbox 1741 3451 2020 3501; x_wconf 70' lang='lat' dir='ltr'><strong>diversata-</strong></span> 
     </span>
     <span class='ocr_line' id='line_1_80' title="bbox 1129 3509 2021 3568; baseline 0.001 -16"><span class='ocrx_word' id='word_1_452' title='bbox 1129 3527 1233 3553; x_wconf 82' lang='lat' dir='ltr'><strong>men</strong></span> <span class='ocrx_word' id='word_1_453' title='bbox 1264 3511 1351 3554; x_wconf 85' lang='lat' dir='ltr'><strong>loci</strong></span> <span class='ocrx_word' id='word_1_454' title='bbox 1386 3510 1574 3553; x_wconf 78' lang='lat' dir='ltr'><strong>ratione.</strong></span> <span class='ocrx_word' id='word_1_455' title='bbox 1656 3509 1764 3553; x_wconf 85' lang='lat' dir='ltr'><strong>Mox</strong></span> <span class='ocrx_word' id='word_1_456' title='bbox 1801 3524 1901 3568; x_wconf 51' lang='lat' dir='ltr'><strong>pro¹</strong></span> <span class='ocrx_word' id='word_1_457' title='bbox 1931 3511 2021 3553; x_wconf 75' lang='lat' dir='ltr'><strong>erit</strong></span> 
     </span>
     <span class='ocr_line' id='line_1_81' title="bbox 1129 3566 1790 3625; baseline 0 -15"><span class='ocrx_word' id='word_1_458' title='bbox 1129 3568 1200 3611; x_wconf 88' lang='lat' dir='ltr'><strong>ed.</strong></span> <span class='ocrx_word' id='word_1_459' title='bbox 1225 3567 1345 3625; x_wconf 80' lang='lat' dir='ltr'><strong>Spir.</strong></span> <span class='ocrx_word' id='word_1_460' title='bbox 1372 3567 1500 3613; x_wconf 80' lang='lat' dir='ltr'><strong>habet</strong></span> <span class='ocrx_word' id='word_1_461' title='bbox 1527 3571 1553 3609; x_wconf 76' lang='grc' dir='ltr'><em>ἒ</em></span> <span class='ocrx_word' id='word_1_462' title='bbox 1574 3566 1618 3610; x_wconf 88' lang='lat' dir='ltr'><strong>h.</strong></span> <span class='ocrx_word' id='word_1_463' title='bbox 1641 3583 1680 3612; x_wconf 83' lang='lat' dir='ltr'><strong>e.</strong></span> <span class='ocrx_word' id='word_1_464' title='bbox 1703 3575 1790 3610; x_wconf 82' lang='lat' dir='ltr'><strong>est.</strong></span> 
     </span>
    </p>
   </div>
  </div>
 </body>
</html>
