2138 4030
18 843 21 844 ν
81 818 260 875 quam
288 798 484 855 vellet.

168 281 284 318 mc.
320 280 389 314 ¹⁷0.
606 226 785 325 LIB.
823 233 867 293 Ι.
950 229 1152 292 CAP.
1187 233 1285 292 17.
1320 233 1414 292 18.
1860 237 1943 294 33

245 368 444 431 XVII.
504 366 782 425 Pisonem
818 364 1020 421 ferunt
1065 361 1261 420 statim
1298 362 1670 423 intuentibus
1706 380 1765 428 et
1799 391 1961 429 mox-

82 456 359 516 coniectis
384 455 454 512 in·
476 473 611 510 eum
638 450 913 508 omnium
943 449 1131 507 oculis
1166 447 1409 504 nullum·-
1441 450 1663 510 turbati
1700 466 1802 514 aut
1839 477 1940 515 ex..

82 541 352 601 sultantis
386 538 573 597 animi
611 548 840 593 motum
876 534 1224 618 prodidisse.
1310 553 1501 590 sermo
1540 554 1674 609 erga
1711 553 1940 613 patrem
1977 596 1982 602 ,

80 629 608 703 imperatoremque
655 639 960 689 reverenS‚
1026 621 1100 676 de
1139 637 1200 674 se
1240 619 1608 689 moderatUS,
1673 620 1829 683 nihil
1871 630 1937 686 in

80 715 249 773 vul-tu
283 708 606 786 habituque
643 717 967 775 mutatum,
1009 703 1178 781 quasi
1208 703 1498 778 imperare
1531 719 1726 778 posset
1757 716 1941 788 magis

570 791 988 851 Consultatum
1024 791 1195 858 inde,
1236 809 1347 862 pro
1382 790 1590 848 rostris
1625 812 1702 848 an
1744 793 1810 850 in
1847 818 1939 854 se-

80 895 226 942 natu
262 903 339 939 an
377 882 443 938 in
478 879 680 936 castris
712 876 952 951 adoptio
988 885 1448 949 nuncuparetur.
1534 875 1613 933 iri
1652 877 1718 934 in
1757 894 1940 942 castra

80 969 327 1045 placuit:
377 964 770 1024 honorificum
792 963 854 1018 id
877 960 1166 1018 militibus
1191 959 1349 1029 fore,
1391 982 1647 1038 quorum
1679 965 1944 1025 favorem

82 1064 150 1111 ut
173 1053 485 1127 largitione
511 1062 567 1108 et
591 1049 819 1106 ambitu
851 1047 1008 1104 male
1038 1045 1275 1122 adquiri
1312 1045 1392 1102 ita
1430 1066 1538 1121 per
1570 1048 1759 1107 bonas
1791 1064 1945 1112 artes

168 241 198 274 A
209 265 218 274 .
235 237 283 272 U.
303 236 390 272 823.

81 1136 243 1195 haud
268 1138 685 1214 spernendum.
753 1132 1228 1191 Circumsteterat
1255 1130 1494 1188 interim
1517 1132 1802 1208 palatium
1828 1159 1945 1214 pu.

81 1224 237 1281 blica
264 1222 611 1299 exspectatio
635 1219 837 1292 magni
870 1217 1076 1274 secreti
1110 1216 1452 1291 impatienS‚
1497 1230 1554 1274 et
1589 1221 1744 1278 male
1775 1243 1940 1281 coer-

0 1381 9 1384 -
83 1310 259 1367 citam
281 1310 498 1364 famam
520 1304 948 1380 supprimentes
981 1303 1290 1376 augebant.

254 1401 481 1464 XVIII.
538 1401 832 1475 Quartum
868 1398 1010 1456 Idus
1034 1396 1337 1455 Ianuarias
1371 1400 1614 1456 foedum
1650 1401 1944 1464 imbribus

84 1490 241 1547 diem
262 1489 522 1546 tonitrua
550 1500 607 1545 et
631 1487 864 1560 fulgura
898 1496 954 1542 et
981 1484 1254 1541 coelestes
1281 1483 1477 1540 minae
1514 1485 1670 1543 ultra
1703 1489 1945 1548 solitum

84 1576 480 1634 turbaverant.
590 1573 968 1629 observatum
1014 1570 1078 1626 id
1119 1569 1446 1645 antiquitus
1494 1570 1750 1629 comitiis
1794 1576 1945 1633 diri-

85 1660 316 1717 mendis
348 1679 472 1716 non
502 1659 714 1716 terruit
740 1656 1026 1725 Galbam,
1075 1676 1194 1731 quo
1230 1654 1431 1711 minus
1477 1654 1544 1711 in
1584 1668 1769 1715 castra
1809 1680 1946 1736 per..

86 1757 271 1818 geret,
323 1754 784 1819 contemptorem
824 1741 1033 1800 talium
1073 1751 1141 1796 ut
1182 1740 1596 1810 fortuitorum,
1648 1761 1750 1800 seu
1794 1766 1945 1823 quae

83 1833 203 1887 fato
255 1841 494 1886 manent
536 1827 803 1905 quamvis
849 1826 1169 1899 significata
1210 1844 1336 1880 non
1368 1824 1651 1886 vitantur.

89 2068 192 2111 edd.
216 2063 395 2110 Puteol.
422 2079 519 2121 sqq.
553 2079 658 2107 curn
689 2063 834 2108 silent.
852 2064 974 2109 Vict.

88 2125 147 2168 cf.
170 2125 357 2168 Sueton.
374 2121 533 2166 Claud.
560 2137 598 2164 e.
618 2123 686 2165 lo.
746 2121 845 2166 Tib.
869 2138 911 2166 c.
934 2123 976 2165 8.

86 2206 142 2215 —-—
174 2185 290 2230 haec
330 2188 473 2236 atque
512 2180 628 2221 talia
659 2178 796 2231 MSS.
834 2179 974 2223 Corb.

85 2240 220 2283 Bodl.
293 2238 352 2281 cf.
387 2240 477 2280 An.
511 2237 580 2287 11,
601 2237 676 2280 24.
708 2236 775 2288 13,
797 2236 869 2282 46.
907 2237 974 2286 14,

86 2299 157 2342 49.
216 2295 254 2339 A
287 2313 322 2338 r.
353 2310 394 2339 e.
422 2295 491 2338 16.
525 2317 580 2327 —
638 2296 751 2337 haec
786 2302 832 2338 et
858 2297 975 2338 talia

85 2353 223 2398 MSS.
245 2351 369 2395 Iarl.
395 2352 480 2394 les.
509 2351 579 2394 ed.
600 2352 716 2409 Spir.

131 2412 337 2468 faceret.
394 2408 498 2453 MS.
524 2408 859 2465 Guelf.faci‹1t.

145 2481 256 2525 CAP.
273 2479 339 2524 17.
391 2482 523 2522 vultu
537 2481 800 2536 habitaque.
843 2480 976 2527 Roth.

88 2557 134 2598 p.
170 2540 213 2583 7.
250 2537 360 2580 haec
399 2552 483 2593 pro
530 2537 794 2603 synpnymis
831 2538 976 2583 habet.

25 2607 34 2620 ¹
87 2599 165 2640 Est
187 2606 334 2639 tamen
358 2594 403 2637 id
426 2594 724 2643 discrimlnls,
754 2604 804 2638 ut
825 2596 978 2641 vultus

88 2653 335 2699 sit-habitus
359 2651 462 2702 oris,
483 2651 656 2698 habitus
680 2652 733 2694 de
760 2662 857 2696 toto
878 2669 976 2697 cor-

89 2709 420 2814 gglxglielattlig.
475 2708 538 2753 cf.
561 2709 665 2753 infr.
678 2711 719 2762 2,
735 2709 804 2754 52.
827 2719 870 2754 et
884 2721 977 2757 not.

144 2837 341 2893 adquiri.
433 2836 507 2879 Sic
549 2836 652 2880 MS.
701 2835 825 2880 Flor.
875 2847 977 2884 test.

90 2897 211 2939 Vici.
241 2918 294 2928 -
354 2895 540 2950 acquiri
566 2894 668 2938 MS.
691 2893 841 2937 Guelf.
873 2896 976 2940 edd.

92 2962 198 2997 vett.
234 2975 288 2991 --·
349 2951 461 2995 Mox
494 2954 745 3006 impatiens
780 2952 903 2997 deest
929 2954 975 2997 in

91 3012 161 3054 ed.
183 3008 299 3067 Spir.

149 3081 261 3124 CAP.
290 3079 356 3122 18.
416 3078 696 3122 Ianuarias.
755 3079 838 3124 Ed.
861 3081 978 3138 Spir.

89 3138 309 3182 ianuarii.
367 3135 554 3178 Ceterae
583 3135 686 3179 edd.
709 3146 812 3180 vett.
837 3139 942 3183 Ian.

148 3196 358 3239 tonitrua
387 3200 431 3235 et
451 3193 652 3248 fulgura
681 3202 728 3236 et
759 3199 980 3239 coelestes

21 3294 30 3299 ,
92 3255 263 3296 minae.
332 3249 382 3293 ἓν
413 3249 489 3293 διὰ
523 3250 670 3294 δυοῖν.
745 3251 804 3295 ef.
842 3252 979 3297 Roth.

0 3615 34 3684 ι(

93 3311 434 3410 Ρίἓιῗιήιεηᾱιέ.
504 3365 588 3411 Ed.
618 3366 736 3423 spir.
767 3345 975 3411 dirrum-

87 3425 274 3480 pendis.

93 3493 420 3591 s
467 3549 965 3606 s..

181 3617 422 3666 Tacvrus
465 3614 562 3666 III.

1761 1826 1945 1906 Apud
1989 1883 1995 1887 .

1048 2067 1168 2119 (test.
1194 2061 1329 2117 vict.)
1356 2072 1398 2105 et
1427 2063 1496 2107 ed.
1515 2064 1663 2122 spir..
1694 2067 1818 2123 quod
1843 2084 1943 2114 ver·

1047 2122 1157 2221 gula}
1182 2135 1238 2162 an
1272 2120 1325 2163 ad
1343 2118 1486 2164 Taciti
1509 2130 1698 2166 aetatem
1723 2124 1943 2182 pertineat

1083 2195 1106 2220 u
1125 2188 1224 2219 uto.

1105 2235 1334 2278 vitantur.
1403 2234 1481 2279 Sic
1502 2235 1640 2280 MSS.
1663 2237 1781 2283 Bud.
1808 2240 1942 2288 Bodl.

1047 2293 1087 2348 (a
1124 2307 1214 2336 sec.
1249 2293 1404 2348 manu)
1437 2293 1539 2337 edd.
1572 2293 1721 2340 Rhen.
1757 2313 1854 2356 sqq.
1882 2327 1943 2338 --

1048 2350 1255 2393 vitentur
1269 2349 1367 2393 MS.
1385 2350 1515 2394 Bodl.
1541 2355 1630 2408 (pr.
1653 2356 1813 2409 manu)
1836 2356 1938 2401 edd.

1048 2407 1152 2452 Put.
1180 2408 1249 2451 M.
1276 2414 1320 2448 et
1334 2406 1390 2449 V.
1411 2408 1621 2452 Beroald.
1648 2410 1773 2465 (cum
1797 2413 1943 2461 silent.

1049 2462 1200 2519 Vict.)
1238 2463 1337 2507 Alc.
1378 2491 1432 2502 --
1502 2468 1766 2510 vitarentur
1803 2470 1942 2516 MSS.

1049 2521 1173 2564 Harl.
1219 2521 1372 2564 Guelf.
1438 2523 1704 2578 (consentit
1745 2526 1942 2584 quodam

1051 2579 1189 2623 modo
1215 2579 1317 2622 cod.
1346 2579 1447 2622 MS.
1472 2579 1554 2623 Ies.
1571 2613 1584 2632 ,
1615 2581 1692 2638 qui
1718 2582 1792 2627 dat
1822 2587 1942 2629 vite-

1049 2638 1255 2690 rentar.)
1336 2635 1570 2680 Ernestius
1602 2636 1650 2680 in
1678 2639 1831 2698 priore
1862 2643 1942 2690 .ed.

1052 2694 1234 2737 dederat
1259 2693 1543 2747 vitarentur,
1573 2710 1716 2752 quum
1743 2713 1767 2740 e
1792 2709 1942 2746 mente

1051 2750 1222 2794 Galbae
1253 2751 1361 2794 haec
1395 2750 1512 2796 dicta
1543 2751 1792 2811 acciperet:
1836 2773 1941 2801 mox

1049 2816 1218 2851 mutata
1260 2807 1478 2851 sententia
1512 2809 1560 2851 in
1591 2809 1728 2854 altera
1767 2815 1944 2872 repetiit

1051 2869 1279 2917 vitantur,
1311 2866 1433 2923 quod
1460 2866 1551 2911 iam
1575 2867 1793 2925 vulgatur.
1854 2870 1939 2915 Ve-

1049 2939 1150 2966 rum
1177 2938 1494 2981 quamcunque
1510 2922 1776 2981 scripturam
1801 2944 1851 2970 ex
1873 2928 1941 2974 his

1051 2979 1241 3038 deligas,
1288 2996 1391 3022 sana
1432 2989 1521 3030 est,
1562 2981 1740 3026 diverso
1788 2993 1939 3031 tamen

1049 3054 1198 3080 sensu.
1261 3038 1493 3079 Vitantur
1522 3053 1620 3081 rem
1652 3040 1763 3083 sistit
1793 3050 1842 3084 ut
1869 3052 1937 3088 ta-

1053 3095 1165 3142 lem,
1219 3110 1351 3152 quam
1391 3109 1484 3137 non
1520 3095 1693 3139 dubites
1727 3098 1785 3141 ita
1829 3115 1939 3146 esse.

1053 3153 1269 3193 Vitentur
1303 3151 1626 3195 dubitationem
1665 3153 1860 3200 admittit
1901 3169 1944 3204 et

1049 3211 1095 3252 in
1127 3209 1300 3251 incerto
1331 3207 1544 3266 relinquit
1567 3225 1679 3252 rem.
1753 3213 1801 3256 ld
1837 3222 1939 3258 tan-

1052 3276 1147 3309 tum
1184 3265 1314 3316 dicit,
1355 3265 1416 3308 ita
1451 3283 1544 3309 esse
1579 3282 1729 3333 posse.
1808 3269 1940 3326 Quae

1052 3340 1154 3367 cum
1207 3323 1264 3366 sit
1313 3324 1532 3366 sententia
1577 3340 1625 3366 m
1676 3325 1937 3374 universum

1053 3381 1193 3432 dicta,
1242 3382 1505 3422 vitarentur
1535 3381 1623 3425 hoc
1658 3383 1827 3427 dictum
1864 3402 1939 3430 re-

1052 3438 1139 3479 fert
1173 3437 1227 3480 ad
1261 3436 1430 3481 Galbae
1465 3437 1711 3482 fortunam.
1787 3442 1941 3488 «MSS.

1053 3495 1162 3552 Reg.
1212 3494 1352 3554 Corb.
1402 3495 1471 3539 ed.
1508 3495 1633 3553 spir.
1679 3507 1939 3554 vertantur,

1053 3554 1175 3611 quod
1199 3551 1305 3598 facit
1327 3568 1410 3609 pro
1435 3561 1612 3611 recepta
1631 3554 1867 3612 scriptura.

1403 3650 1431 3669 Α
