2138 4030
109 246 232 324 246

672 233 1386 319 'fflsTofflARUM

1668 249 1787 292 Ast).
1801 248 1886 293 δυ’.

1668 298 1721 346 A.
1739 298 1783 336 C.
1828 302 1882 336 το

281 388 556 450 XCVIII.
601 386 689 449 Ac
728 389 921 466 primo
959 386 1235 444 Valerius
1267 386 1478 468 Festus
1514 390 1740 463 'legatus
1779 393 1973 450 studia·

113 475 569 554 provincialium
591 496 724 532 cum
748 476 862 531 fide
888 473 1055 533 iuvit.
1113 493 1247 529 mox
1267 475 1516 530 nutabat
1535 476 1733 550 palam
1754 478 1974 552 episto-

113 564 189 620 lis
236 560 556 639 edictisque
591 558 933 628 Vitellium,
991 558 1235 615 occultis
1278 558 1509 616 nuntiis
1545 557 1975 636 Vespasianum

115 651 322 706 fovens
379 657 436 702 et
486 643 631 703 haec
672 645 848 701 illave
894 644 1274 711 defensurm,
1346 657 1527 719 prout
1570 645 1976 708 invaluissent.

118 732 410 808 Deprensi
449 751 583 788 cum
620 729 1180 804 litteris-edictisque
1204 726 1552 804 Vespasiani
1578 750 1683 806 per
1704 726 1978 794 Raetiam

122 831 180 876 et
204 816 432 876 Gallias
469 816 731 872 militum
769 826 826 872 et
861 813 1276 871 centurionum
1301 814 1542 890 quidam
1566 817 1641 872 ad
1667 814 1979 874 Vitellium

121 903 287 960 missi
318 913 629 959 necantur:
686 901 888 976 plures
920 899 1180 955 fefellere
1214 899 1327 954 fide
1356 900 1683 957 amicorum
1709 914 1811 960 aut
1839 922 1980 959 suo-
2034 898 2044 910 ‘

120 1000 241 1047 met
295 998 426 1046 astu
478 985 774 1046 occultati.

871 985 952 1042 ita
992 982 1225 1041 Vitellii
1276 995 1514 1060 paratus
1566 987 1981 1057 noscebantur,

123 1071 471 1149 Vespasiani
499 1071 884 1128 consiliorum
909 1069 1188 1146 pleraque
1213 1069 1445 1142 ignota,
1489 1071 1748 1145 primum
1781 1092 1983 1130 socor-

122 1159 222 1246 dia
242 1157 509 1236 Vitellii,
553 1156 766 1212 deinde
791 1154 1171 1212 Pannonicae
1191 1149 1372 1230 Alpes
1390 1156 1706 1230 'praesidiis
1731 1157 1984 1220 insessae

121 1242 366 1302 nuntios
418 1241 772 1300 retinebant.

868 1261 1031 1297 mare
1080 1259 1316 1316 quoque
1373 1241 1684 1298 etesiarum
1731 1243 1879 1300 fl‘atu
1919 1243 1984 1298 in

122 1326 434 1388 Orientem
458 1326 873 1400 navigantibus
902 1327 1257 1395 secundum,
1305 1324 1444 1383 inde
1465 1327 1774 1384 adversum
1799 1339 1941 1388 erat.

280 1430 509 1495 XCIX.
555 1432 830 1493 Tandem
859 1435 1201 1510 inruptione
1223 1429 1511 1504 hostium,
1554 1435 1849 1493 atrocibus
1869 1458 1986 1493 un-

123 1521 302 1599 dique
335 1519 563 1581 nuntiis
593 1520 903 1578 exterritus
933 1518 1245 1578 Caecinam
1280 1539 1345 1576 ac
1369 1517 1682 1577 Valentem
1723 1522 1984 1598 expediri

180 1743 374 1789 GAP.98.
402 1742 582 1788 suomet
604 1749 726 1786 astu.
789 1742 866 1788 Sic
881 1741 1020 1786 MSS.

123 1802 252 1847 Flor.
268 1804 385 1856 (test.
401 1801 597 1859 Ryckio)
615 1802 724 1858 Agr.
741 1808 785 1843 et
805 1801 1019 1844 suadente

121 1860 330 1904 Ferretto
355 1859 458 1902 edd.
474 1860 592 1917 Lips.
617 1874 716 1916 sqq.
749 1887 807 1894 -
867 1857 1019 1901 Victo-

1091 1742 1218 1784 lonis
1251 1741 1327 1784 hic
1348 1740 1525 1799 flatus)
1553 1743 1607 1783 ’ἰη
1637 1744 1863 1786 orientem
1899 1751 1986 1788 etc.

1092 1799 1229 1843 MSS.
1266 1798 1389 1842 Harl.
1413 1798 1544 1842 Bodl.
1569 1797 1719 1843 Guelf.
1749 1800 1851 1843 edd.
1883 1800 1987 1844 Put.

1093 1857 1161 1899 M.
1209 1866 1251 1899 et
1294 1857 1351 1898 V.
1391 1856 1525 1898 Mare
1564 1871 1742 1924 quoque
1770 1859 1989 1901 -ethesiae

123 1917 216 1961 rius
241 1933 345 1960 vero
370 1916 583 1960 intactam
614 1916 796 1975 reliquit
829 1916 1021 1981 scriptu·
1083 1915 1289 1973 flabunt.
1328 1916 1497 1956 harum
1514 1912 1645 1968 flatu
1675 1929 1725 1957 m
1756 1915 2008 1957 orientem*

124 1991 224 2018 ram
264 1982 445 2018 suomet
484 1982 643 2024 statu,
708 1990 822 2031 quae
863 1981 928 2016 est
973 1988 1022 2014 111

123 2031 259 2076 MSS.
293 2031 408 2075 Bud.
442 2031 564 2074 Harl.
598 2031 729 2074 Bodl.
765 2031 847 2073 les.
881 2031 1021 2075 Corb.

126 2085 278 2132 Guelf.
316 2088 420 2132 edd.
442 2088 562 2148 Spir.
587 2087 694 2132 Put.
717 2088 820 2131 Ber.
845 2103 942 2146 sqq.
970 2086 1024 2130 ad

126 2146 345 2209 Lipsium.

185 2218 420 2259 occultati.
487 2217 589 2261 MS.
622 2215 778 2260 Guelf.
814 2215 1025 2258 occulati.

129 2273 215 2317 Ed.
237 2273 360 2333 Spir.
390 2274 670 2317 occultanti:
730 2273 900 2316 Eadem
931 2289 1025 2327 pa-

130 2338 266 2374 ratus
293 2331 343 2373 V
338 2331 474 2374 itellii
488 2347 569 2389 pro
600 2333 780 2375 Vitellii
794 2338 996 2386 paratus
1011 2346 1027 2381 ;

130 2395 174 2431 et
199 2403 302 2432 cum
317 2388 416 2432 MS.
429 2387 578 2433 Guelf.
602 2389 710 2432 dein
729 2404 813 2448 pro
833 2388 1028 2443 deinde5

131 2448 304 2489 insesse
325 2462 410 2505 pro
439 2449 656 2492 insessae.

190 2545 325 2573 more
371 2540 554 2588 (suoque
601 2531 868 2575 Etesiarum
897 2529 1028 2587 flatu

130 2595 215 2632 etc.
274 2588 311 2630 E
333 2589 560 2632 verissima
582 2589 898 2633 emendatione
914 2588 1027 2631 Rhe-

128 2645 259 2698 nani,
287 2661 424 2704 quam
446 2646 492 2689 in
515 2647 668 2690 locum
686 2647 862 2704 primus
886 2647 922 2689 l.
949 2647 1026 2691 Fr.

132 2702 396 2747 Gronovius
419 2703 606 2762 recepit.
662 2705 765 2747 MS.
779 2703 902 2747 Flor.
928 2713 1027 2747 test.

134 2757 255 2804 Viet.
305 2776 441 2806 mare
485 2777 662 2818 quoque
699 2761 828 2812 &esi
860 2759 1027 2817 flabra

131 2819 323 2875 aglom's
361 2834 503 2861 orum
532 2819 664 2876 flatu
698 2821 748 2861 in
783 2818 1027 2869 Orientem

132 2881 220 2917 etc.
272 2874 409 2918 Plane
433 2877 658 2922 consentit
672 2874 883 2920 Piehena.
933 2876 1026 2919 Iam

133 2944 235 3003 quis
260 2961 355 2990 non
380 2947 503 2992 videt
533 2950 668 2994 verba
691 2948 851 3003 flabra
884 2950 1025 3009 oglo-

131 3003 209 3046 m's
242 3019 266 3045 e
303 3003 567 3062 glossemate
606 3005 879 3063 inrepsisse?
938 3005 1027 3048 Sed

132 3059 284 3104 vitiato
320 3077 411 3105 uno
443 3060 523 3105 illo
558 3063 716 3106 codice
749 3063 886 3107 ceteri
923 3060 1026 3105 libri

131 3125 306 3162 veteres
346 3135 504 3161 omnes
543 3119 839 3164 hariolantur.
907 3119 1029 3164 Pro-

133 3175 248 3219 xime
284 3175 504 3219 accedunt
539 3176 675 3222 MSS.
702 3176 812 3221 ,Vat.
841 3178 1026 3222 Fames.

135 3232 246 3290 Reg.
282 3231 419 3277 Corb.
454 3233 524 3277 ed.
559 3235 704 3289 Spin,
753 3235 915 3292 quibus
954 3235 1030 3278 in-

135 3299 243 3334 sunt
265 3289 396 3333 haec:
426 3298 469 3332 ct
491 3292 609 3332 blesc'
611 3290 776 3345 flabra
796 3294 1032 3349 aquilonis

135 3350 312 3392 harum
324 3347 455 3403 flatu
475 3348 521 3389 in
537 3348 783 3391 Orientem
802 3359 887 3394 etc.
929 3349 1031 3393 MS.

134 3404 252 3447 Bud.
279 3412 326 3448 et
347 3406 418 3449 esi
423 3403 588 3463 flabra
611 3407 841 3461 aquilonis
862 3421 1031 3449 aerum

126 3461 280 3516 [latur
303 3463 350 3505 in
380 3461 620 3505 Orientem
653 3473 738 3506 etc.
797 3464 897 3507 MS.
924 3466 1032 3522 Agr.

134 3518 203 3573 (ex
248 3519 511 3563 emendandi
556 3520 731 3568 studio,
791 3521 856 3565 uti
902 3521 1032 3576 solet)

134 3592 271 3623 mare
293 3592 468 3636 quoque
483 3576 866 3636 Ethcsiaeflabro
878 3579 1032 3637 (Aqui-

1096 1980 1180 2015 etc.
1244 1971 1346 2014 MS.
1372 1972 1455 2014 Ies.
1490 1973 1662 2014 horum
1693 1988 1777 2031 pro
1800 1974 1989 2016 harum.

1095 2028 1211 2072 Edd.
1248 2029 1352 2072 Ber.
1387 2027 1488 2071 Alc.
1523 2027 1667 2073 Rhen.
1694 2028 1811 2074 'Ald.
1834 2030 1991 2073 ‘Mare

1095 2102 1275 2142 quoque
1317 2087 1513 2128 ethesz'ae
1543 2085 1750 2140 flabant.
1814 2088 1989 2130 harum

1081 2143 1237 2200 flatus
1256 2146 1304 2186 in
1326 2144 1555 2185 orientem
1578 2146 1902 2199 navigantibus
1920 2160 1989 2188 se·

1094 2205 1298 2249 cundu's,
1328 2202 1433 2242 inde
1453 2204 1684 2244 adversus
1709 2208 1831 2244 erat.
1893 2202 1989 2245 Mi-

1097 2258 1240 2314 cyllus
1263 2274 1345 2315 pro
1368 2273 1502 2300 mare
1522 2258 1642 2301 dedit
1664 2260 1816 2302 mari:
1845 2268 1991 2306 cetera

1098 2315 1309 2358 Beroaldi
1330 2315 1544 2359 servavit.
1602 2316 1778 2375 Lipsius
1808 2332 1989 2360 rursum

1098 2373 1235 2415 edidit
1268 2373 1503 2416 Puteolani
1539 2373 1832 2431 scripturam,
1876 2390 1990 2431 quae

1098 2430 1277 2474 duravit
1299 2429 1353 2472 ad
1376 2430 1444 2473 ed.
1469 2429 1672 2474 Gronov.
1697 2431 1825 2476 1672.

1157 2487 1269 2531 CAP.
1289 2487 1361 2529 99.
1421 2488 1704 2543 inruptione.
1763 2489 1849 2532 Ed.
1870 2488 1989 2548 Spir.

1096 2545 1442 2599 inruptionem,
1480 2562 1616 2603 quam
1653 2547 1995 2602 utriusque-ca—

1097 2619 1171 2645 sus
1209 2602 1527 2646 confusionem
1568 2603 1615 2646 in
1647 2604 1718 2646 ed.
1742 2604 1862 2662 Spir.
1896 2604 1992 2646 fre-

1099 2668 1309 2715 quentem
1345 2660 1450 2703 inde
1481 2668 1676 2702 exortam
1704 2669 1837 2717 puta,
1870 2662 1992 2718 quod

1098 2717 1420 2774 compendium
1475 2718 1708 2771 inruptiofi
1758 2727 1994 2778 acceptum

1100 2783 1165 2816 est
1196 2790 1279 2832 pro
1311 2775 1647 2830 inruptionem,
1701 2776 1828 2836 quod
1865 2792 1994 2820 secus

1100 2840 1179 2876 est.

1155 2891 1379 2942 expediri.
1442 2890 1518 2934 Sic
1543 2889 1680 2935 MSS.
1704 2899 1747 2934 et
1767 2890 1869 2935 edd.
1890 2899 1995 2935 ante

1099 2946 1393 3004 Bipontinos,
1447 2948 1524 3005 qui
1561 2948 1615 2990 de
1647 2948 1991 2993 Acidalii''con-

1098 3003 1266 3048 iectura
1289 3004 1466 3047 edidere
1490 3007 1733 3062 expedire,
1767 3005 1869 3063 quia
1880 3005 1995 3050 Hist.

1100 3064 1139 3113 1,
1164 3063 1232 3111 10,
1257 3063 1440 3120 legitur=
1472 3063 1684 3118 quotiens
1708 3064 1995 3119 expedierat,

1100 3128 1144 3162 et
1172 3119 1286 3163 Hist.
1309 3122 1349 3169 l,
1372 3119 1443 3163 88.
1477 3135 1634 3163 secum
1668 3121 1889 3176 expedire
1920 3122 1996 3163 iu·-

1100 3179 1191 3221 bet.
1248 3179 1311 3220 At
1340 3177 1431 3222 An.
1470 3179 1536 3230 15,
1574 3181 1640 3221 10.
1671 3178 1890 3233 expediri
1919 3185 1994 3221 ta-

1101 3249 1209 3276 men
1245 3235 1407 3277 itz'neri
1438 3237 1628 3288 singula
1663 3237 1814 3278 millia
1849 3235 1996 3278 iussit.

1102 3290 1225 3335 Nihil
1264 3292 1402 3359 igitur
1442 3301 1599 3336 contra
1629 3300 1733 3337 vett.
1770 3292 1994 3335 librorum

1103 3348 1239 3393 fidem
1267 3349 1340 3393 hnc
1370 3349 1636 3393 mutandum
1668 3350 1804 3394 fuisse
1835 3358 1995 3392 censeo

1104 3422 1277 3463 repono
1315 3423 1368 3450 ue
1438 3415 1632 3450 veterem
1710 3406 1993 3464 scripturam.

1104 3462 1195 3506 Pro
1223 3472 1268 3506 et
1336 3466 1540 3508 olentem
1565 3463 1718 3508 reduxi
1746 3478 1802 3506 cu:
1827 3462 1997 3506 Valen-

1105 3528 1247 3623 temde
1265 3520 1402 3624 lSVISS.
1416 3522 1538 3569 Flor.
1564 3521 1678 3577 (test.
1690 3520 1833 3579 vict.)
1845 3518 1997 3567 Guelf-

1107 3586 1149 3623 et
1176 3594 1198 3622 e
1235 3612 1243 3623 .
1300 3579 1385 3638 pir.
2046 3594 2047 3597 ’
