<?xml version="1.0" encoding="UTF-8"?>
<!DOCTYPE html PUBLIC "-//W3C//DTD XHTML 1.0 Transitional//EN"
    "http://www.w3.org/TR/xhtml1/DTD/xhtml1-transitional.dtd">
<html xmlns="http://www.w3.org/1999/xhtml" xml:lang="en" lang="en">
 <head>
  <title>
</title>
<meta http-equiv="Content-Type" content="text/html;charset=utf-8" />
  <meta name='ocr-system' content='tesseract 3.04.00' />
  <meta name='ocr-capabilities' content='ocr_page ocr_carea ocr_par ocr_line ocrx_word'/>
</head>
<body>
  <div class='ocr_page' id='page_1' title='image "./operarecensuitet03taciuoft/operarecensuitet03taciuoft_0409.png"; bbox 0 0 2138 4030; ppageno 0'>
   <div class='ocr_carea' id='block_1_1' title="bbox 158 208 444 289">
    <p class='ocr_par' dir='ltr' id='par_1_1' title="bbox 158 208 444 289">
     <span class='ocr_line' id='line_1_1' title="bbox 158 208 444 246; baseline -0.021 0"><span class='ocrx_word' id='word_1_1' title='bbox 158 213 207 246; x_wconf 71' lang='lat' dir='ltr'><strong>A.</strong></span> <span class='ocrx_word' id='word_1_2' title='bbox 227 208 276 244; x_wconf 80' lang='lat' dir='ltr'><strong>U.</strong></span> <span class='ocrx_word' id='word_1_3' title='bbox 299 209 384 243; x_wconf 69' lang='lat'><strong>823.</strong></span> <span class='ocrx_word' id='word_1_4' title='bbox 437 218 444 221; x_wconf 58' lang='grc'><strong>“</strong></span> 
     </span>
     <span class='ocr_line' id='line_1_2' title="bbox 158 251 382 289; baseline -0.009 0"><span class='ocrx_word' id='word_1_5' title='bbox 158 254 208 289; x_wconf 76' lang='grc' dir='ltr'><strong>Δ.</strong></span> <span class='ocrx_word' id='word_1_6' title='bbox 230 251 276 288; x_wconf 87' lang='lat' dir='ltr'><strong>C.</strong></span> <span class='ocrx_word' id='word_1_7' title='bbox 323 253 382 287; x_wconf 73' lang='lat'><strong>70.</strong></span> 
     </span>
    </p>
   </div>
   <div class='ocr_carea' id='block_1_2' title="bbox 607 158 1926 274">
    <p class='ocr_par' dir='ltr' id='par_1_2' title="bbox 607 158 1926 274">
     <span class='ocr_line' id='line_1_3' title="bbox 607 158 1926 274; baseline -0.004 0"><span class='ocrx_word' id='word_1_8' title='bbox 607 166 798 274; x_wconf 70' lang='lat' dir='ltr'><strong>Lm.</strong></span> <span class='ocrx_word' id='word_1_9' title='bbox 831 206 934 267; x_wconf 76' lang='lat' dir='ltr'><strong>lv,</strong></span> <span class='ocrx_word' id='word_1_10' title='bbox 1028 204 1367 268; x_wconf 60' lang='lat' dir='ltr'><strong>mnes.</strong></span> <span class='ocrx_word' id='word_1_11' title='bbox 1802 158 1926 269; x_wconf 88' lang='grc'><strong>999</strong></span> 
     </span>
    </p>
   </div>
   <div class='ocr_carea' id='block_1_3' title="bbox 47 335 1932 1271">
    <p class='ocr_par' dir='ltr' id='par_1_3' title="bbox 47 335 1932 1271">
     <span class='ocr_line' id='line_1_4' title="bbox 73 335 1927 421; baseline -0.003 -18"><span class='ocrx_word' id='word_1_12' title='bbox 73 359 162 403; x_wconf 81' lang='lat' dir='ltr'><strong>tae</strong></span> <span class='ocrx_word' id='word_1_13' title='bbox 203 365 307 421; x_wconf 79' lang='lat' dir='ltr'><strong>per</strong></span> <span class='ocrx_word' id='word_1_14' title='bbox 350 360 590 401; x_wconf 81' lang='lat' dir='ltr'><strong>omnem</strong></span> <span class='ocrx_word' id='word_1_15' title='bbox 633 339 825 415; x_wconf 82' lang='lat' dir='ltr'>ripam</span> <span class='ocrx_word' id='word_1_16' title='bbox 871 339 1148 409; x_wconf 70' lang='lat' dir='ltr'><strong>stationes</strong></span> <span class='ocrx_word' id='word_1_17' title='bbox 1199 356 1350 414; x_wconf 82' lang='lat' dir='ltr'><strong>quae</strong></span> <span class='ocrx_word' id='word_1_18' title='bbox 1394 335 1726 396; x_wconf 78' lang='lat' dir='ltr'><strong>Germanos</strong></span> <span class='ocrx_word' id='word_1_19' title='bbox 1773 343 1927 401; x_wconf 87' lang='lat' dir='ltr'><strong>vado</strong></span> 
     </span>
     <span class='ocr_line' id='line_1_5' title="bbox 71 423 1930 504; baseline -0.002 -15"><span class='ocrx_word' id='word_1_20' title='bbox 71 440 365 499; x_wconf 82' lang='lat' dir='ltr'><strong>arcerent,</strong></span> <span class='ocrx_word' id='word_1_21' title='bbox 407 427 724 500; x_wconf 87' lang='lat' dir='ltr'><strong>eademque</strong></span> <span class='ocrx_word' id='word_1_22' title='bbox 755 425 827 480; x_wconf 90' lang='lat' dir='ltr'><strong>de</strong></span> <span class='ocrx_word' id='word_1_23' title='bbox 852 444 1021 480; x_wconf 88' lang='lat' dir='ltr'><strong>causa</strong></span> <span class='ocrx_word' id='word_1_24' title='bbox 1045 424 1243 479; x_wconf 87' lang='lat' dir='ltr'><strong>minus</strong></span> <span class='ocrx_word' id='word_1_25' title='bbox 1263 423 1501 496; x_wconf 86' lang='lat' dir='ltr'><strong>frugum</strong></span> <span class='ocrx_word' id='word_1_26' title='bbox 1526 436 1581 482; x_wconf 88' lang='lat' dir='ltr'><strong>et</strong></span> <span class='ocrx_word' id='word_1_27' title='bbox 1603 426 1801 499; x_wconf 85' lang='lat' dir='ltr'><strong>plures</strong></span> <span class='ocrx_word' id='word_1_28' title='bbox 1823 427 1930 504; x_wconf 80' lang='lat' dir='ltr'><strong>qui</strong></span> 
     </span>
     <span class='ocr_line' id='line_1_6' title="bbox 47 508 1928 586; baseline -0.003 -13"><span class='ocrx_word' id='word_1_29' title='bbox 47 523 503 573; x_wconf 74' lang='lat' dir='ltr'><strong>consumerent.</strong></span> <span class='ocrx_word' id='word_1_30' title='bbox 590 510 748 584; x_wconf 90' lang='lat' dir='ltr'><strong>apud</strong></span> <span class='ocrx_word' id='word_1_31' title='bbox 786 509 1088 583; x_wconf 88' lang='lat' dir='ltr'><strong>imperitos</strong></span> <span class='ocrx_word' id='word_1_32' title='bbox 1132 508 1389 582; x_wconf 88' lang='lat' dir='ltr'><strong>prodigii</strong></span> <span class='ocrx_word' id='word_1_33' title='bbox 1431 508 1561 564; x_wconf 89' lang='lat' dir='ltr'><strong>loco</strong></span> <span class='ocrx_word' id='word_1_34' title='bbox 1601 511 1928 586; x_wconf 83' lang='lat' dir='ltr'><strong>accipieba-</strong></span> 
     </span>
     <span class='ocr_line' id='line_1_7' title="bbox 72 594 1928 676; baseline -0.002 -18"><span class='ocrx_word' id='word_1_35' title='bbox 72 614 169 659; x_wconf 90' lang='lat' dir='ltr'><strong>tur</strong></span> <span class='ocrx_word' id='word_1_36' title='bbox 193 601 315 676; x_wconf 89' lang='lat' dir='ltr'><strong>ipsa</strong></span> <span class='ocrx_word' id='word_1_37' title='bbox 349 616 637 674; x_wconf 90' lang='lat' dir='ltr'><strong>aquarum</strong></span> <span class='ocrx_word' id='word_1_38' title='bbox 672 594 949 669; x_wconf 87' lang='lat' dir='ltr'><strong>penuria,</strong></span> <span class='ocrx_word' id='word_1_39' title='bbox 991 606 1274 670; x_wconf 76' lang='lat' dir='ltr'><strong>tanquam</strong></span> <span class='ocrx_word' id='word_1_40' title='bbox 1307 613 1417 649; x_wconf 89' lang='lat' dir='ltr'><strong>nos</strong></span> <span class='ocrx_word' id='word_1_41' title='bbox 1451 613 1651 650; x_wconf 87' lang='lat' dir='ltr'><strong>amnes</strong></span> <span class='ocrx_word' id='word_1_42' title='bbox 1693 617 1928 674; x_wconf 88' lang='lat' dir='ltr'><strong>quoque</strong></span> 
     </span>
     <span class='ocr_line' id='line_1_8' title="bbox 73 679 1928 757; baseline -0.002 -14"><span class='ocrx_word' id='word_1_43' title='bbox 73 698 130 743; x_wconf 84' lang='lat' dir='ltr'><strong>et</strong></span> <span class='ocrx_word' id='word_1_44' title='bbox 166 697 360 742; x_wconf 87' lang='lat' dir='ltr'><strong>vetera</strong></span> <span class='ocrx_word' id='word_1_45' title='bbox 399 681 635 757; x_wconf 82' lang='lat' dir='ltr'><strong>imperii</strong></span> <span class='ocrx_word' id='word_1_46' title='bbox 657 679 1024 736; x_wconf 83' lang='lat' dir='ltr'><strong>munimenta</strong></span> <span class='ocrx_word' id='word_1_47' title='bbox 1039 681 1404 738; x_wconf 73' lang='lat' dir='ltr'><strong>desererent.</strong></span> <span class='ocrx_word' id='word_1_48' title='bbox 1491 681 1650 754; x_wconf 91' lang='lat' dir='ltr'><strong>quod</strong></span> <span class='ocrx_word' id='word_1_49' title='bbox 1689 681 1754 736; x_wconf 87' lang='lat' dir='ltr'><strong>in</strong></span> <span class='ocrx_word' id='word_1_50' title='bbox 1786 702 1928 757; x_wconf 85' lang='lat' dir='ltr'><strong>pace</strong></span> 
     </span>
     <span class='ocr_line' id='line_1_9' title="bbox 72 763 1930 836; baseline -0.004 -8"><span class='ocrx_word' id='word_1_51' title='bbox 72 773 194 828; x_wconf 87' lang='lat' dir='ltr'><strong>fors</strong></span> <span class='ocrx_word' id='word_1_52' title='bbox 234 790 336 826; x_wconf 88' lang='lat' dir='ltr'><strong>seu</strong></span> <span class='ocrx_word' id='word_1_53' title='bbox 370 780 607 836; x_wconf 89' lang='lat' dir='ltr'><strong>natura,</strong></span> <span class='ocrx_word' id='word_1_54' title='bbox 649 776 791 820; x_wconf 86' lang='lat' dir='ltr'><strong>tunc</strong></span> <span class='ocrx_word' id='word_1_55' title='bbox 828 765 1015 820; x_wconf 88' lang='lat' dir='ltr'><strong>fatum</strong></span> <span class='ocrx_word' id='word_1_56' title='bbox 1050 776 1106 821; x_wconf 89' lang='lat' dir='ltr'><strong>et</strong></span> <span class='ocrx_word' id='word_1_57' title='bbox 1144 764 1231 819; x_wconf 86' lang='lat' dir='ltr'><strong>ira</strong></span> <span class='ocrx_word' id='word_1_58' title='bbox 1269 763 1365 820; x_wconf 89' lang='lat' dir='ltr'><strong>dei</strong></span> <span class='ocrx_word' id='word_1_59' title='bbox 1400 763 1738 825; x_wconf 82' lang='lat' dir='ltr'><strong>vocabatur.</strong></span> <span class='ocrx_word' id='word_1_60' title='bbox 1824 764 1930 822; x_wconf 91' lang='lat' dir='ltr'><strong>In-</strong></span> 
     </span>
     <span class='ocr_line' id='line_1_10' title="bbox 74 848 1930 930; baseline -0.003 -18"><span class='ocrx_word' id='word_1_61' title='bbox 74 856 280 930; x_wconf 82' lang='lat' dir='ltr'><strong>gressis</strong></span> <span class='ocrx_word' id='word_1_62' title='bbox 305 851 626 910; x_wconf 88' lang='lat' dir='ltr'><strong>Novesium</strong></span> <span class='ocrx_word' id='word_1_63' title='bbox 654 850 1057 906; x_wconf 75' lang='lat' dir='ltr'><strong>sextadecuina</strong></span> <span class='ocrx_word' id='word_1_64' title='bbox 1086 849 1236 921; x_wconf 87' lang='lat' dir='ltr'><strong>legio</strong></span> <span class='ocrx_word' id='word_1_65' title='bbox 1274 848 1672 922; x_wconf 87' lang='lat' dir='ltr'><strong>coniungitur.</strong></span> <span class='ocrx_word' id='word_1_66' title='bbox 1758 852 1930 930; x_wconf 63' lang='grc' dir='ltr'><strong>3ὀάἰῇ-</strong></span> 
     </span>
     <span class='ocr_line' id='line_1_11' title="bbox 72 932 1930 1010; baseline -0.003 -12"><span class='ocrx_word' id='word_1_67' title='bbox 72 955 166 1000; x_wconf 88' lang='lat' dir='ltr'><strong>tus</strong></span> <span class='ocrx_word' id='word_1_68' title='bbox 193 938 452 1002; x_wconf 83' lang='lat' dir='ltr'>Voculae</span> <span class='ocrx_word' id='word_1_69' title='bbox 495 938 557 992; x_wconf 91' lang='lat' dir='ltr'><strong>in</strong></span> <span class='ocrx_word' id='word_1_70' title='bbox 598 946 823 1010; x_wconf 88' lang='lat' dir='ltr'><strong>partem</strong></span> <span class='ocrx_word' id='word_1_71' title='bbox 859 955 1132 991; x_wconf 88' lang='lat' dir='ltr'><strong>curarum</strong></span> <span class='ocrx_word' id='word_1_72' title='bbox 1159 934 1497 990; x_wconf 85' lang='lat' dir='ltr'><strong>Herennius</strong></span> <span class='ocrx_word' id='word_1_73' title='bbox 1523 932 1735 991; x_wconf 85' lang='lat' dir='ltr'><strong>Gallus</strong></span> <span class='ocrx_word' id='word_1_74' title='bbox 1772 937 1930 1010; x_wconf 86' lang='lat' dir='ltr'><strong>lega-</strong></span> 
     </span>
     <span class='ocr_line' id='line_1_12' title="bbox 71 1011 1930 1095; baseline -0.003 -12"><span class='ocrx_word' id='word_1_75' title='bbox 71 1038 192 1084; x_wconf 83' lang='lat' dir='ltr'><strong>tus:</strong></span> <span class='ocrx_word' id='word_1_76' title='bbox 234 1011 341 1082; x_wconf 84' lang='lat' dir='ltr'><strong>nec</strong></span> <span class='ocrx_word' id='word_1_77' title='bbox 370 1023 498 1079; x_wconf 88' lang='lat' dir='ltr'><strong>ausi</strong></span> <span class='ocrx_word' id='word_1_78' title='bbox 533 1023 606 1077; x_wconf 92' lang='lat' dir='ltr'><strong>ad</strong></span> <span class='ocrx_word' id='word_1_79' title='bbox 638 1018 865 1076; x_wconf 82' lang='lat' dir='ltr'><strong>hostem</strong></span> <span class='ocrx_word' id='word_1_80' title='bbox 902 1039 1140 1095; x_wconf 86' lang='lat' dir='ltr'><strong>pergere</strong></span> <span class='ocrx_word' id='word_1_81' title='bbox 1172 1021 1336 1088; x_wconf 88' lang='lat' dir='ltr'><strong>loc0,</strong></span> <span class='ocrx_word' id='word_1_82' title='bbox 1379 1020 1476 1075; x_wconf 87' lang='lat' dir='ltr'><strong>cui</strong></span> <span class='ocrx_word' id='word_1_83' title='bbox 1506 1017 1780 1081; x_wconf 82' lang='lat' dir='ltr'><strong>Gelduba</strong></span> <span class='ocrx_word' id='word_1_84' title='bbox 1814 1041 1930 1078; x_wconf 91' lang='lat' dir='ltr'><strong>-no-</strong></span> 
     </span>
     <span class='ocr_line' id='line_1_13' title="bbox 72 1103 1927 1179; baseline -0.002 -12"><span class='ocrx_word' id='word_1_85' title='bbox 72 1131 208 1167; x_wconf 89' lang='lat' dir='ltr'><strong>men</strong></span> <span class='ocrx_word' id='word_1_86' title='bbox 243 1120 357 1179; x_wconf 87' lang='lat' dir='ltr'><strong>est,</strong></span> <span class='ocrx_word' id='word_1_87' title='bbox 407 1119 591 1164; x_wconf 85' lang='lat' dir='ltr'><strong>castra</strong></span> <span class='ocrx_word' id='word_1_88' title='bbox 627 1107 832 1162; x_wconf 86' lang='lat' dir='ltr'><strong>fecere.</strong></span> <span class='ocrx_word' id='word_1_89' title='bbox 939 1103 1032 1161; x_wconf 86' lang='lat' dir='ltr'><strong>Ibi</strong></span> <span class='ocrx_word' id='word_1_90' title='bbox 1077 1104 1542 1173; x_wconf 82' lang='lat' dir='ltr'><strong>struendaacie,</strong></span> <span class='ocrx_word' id='word_1_91' title='bbox 1601 1107 1927 1163; x_wconf 88' lang='lat' dir='ltr'><strong>muniendo</strong></span> 
     </span>
     <span class='ocr_line' id='line_1_14' title="bbox 75 1189 1932 1271; baseline -0.002 -19"><span class='ocrx_word' id='word_1_92' title='bbox 75 1196 466 1271; x_wconf 85' lang='lat' dir='ltr'><strong>vallandoque</strong></span> <span class='ocrx_word' id='word_1_93' title='bbox 493 1205 549 1250; x_wconf 89' lang='lat' dir='ltr'><strong>et</strong></span> <span class='ocrx_word' id='word_1_94' title='bbox 575 1191 778 1248; x_wconf 84' lang='lat' dir='ltr'><strong>ceteris</strong></span> <span class='ocrx_word' id='word_1_95' title='bbox 811 1191 954 1246; x_wconf 88' lang='lat' dir='ltr'><strong>belli</strong></span> <span class='ocrx_word' id='word_1_96' title='bbox 982 1189 1417 1246; x_wconf 78' lang='lat' dir='ltr'><strong>meditamentis</strong></span> <span class='ocrx_word' id='word_1_97' title='bbox 1452 1189 1700 1247; x_wconf 88' lang='lat' dir='ltr'><strong>militem</strong></span> <span class='ocrx_word' id='word_1_98' title='bbox 1730 1190 1932 1248; x_wconf 89' lang='lat' dir='ltr'><strong>firma-</strong></span> 
     </span>
    </p>
   </div>
   <div class='ocr_carea' id='block_1_4' title="bbox 71 1283 232 1340">
    <p class='ocr_par' dir='ltr' id='par_1_4' title="bbox 71 1283 232 1340">
     <span class='ocr_line' id='line_1_15' title="bbox 71 1283 232 1340; baseline 0.025 -4"><span class='ocrx_word' id='word_1_99' title='bbox 71 1283 232 1340; x_wconf 84' lang='lat' dir='ltr'><strong>bant.</strong></span> 
     </span>
    </p>
   </div>
   <div class='ocr_carea' id='block_1_5' title="bbox 730 1532 962 1592">
    <p class='ocr_par' dir='ltr' id='par_1_5' title="bbox 730 1532 962 1592">
     <span class='ocr_line' id='line_1_16' title="bbox 730 1532 962 1592; baseline 0.004 -17"><span class='ocrx_word' id='word_1_100' title='bbox 730 1532 813 1576; x_wconf 82' lang='lat' dir='ltr'><strong>Ed.</strong></span> <span class='ocrx_word' id='word_1_101' title='bbox 843 1532 962 1592; x_wconf 79' lang='lat' dir='ltr'><strong>Spir.</strong></span> 
     </span>
    </p>
   </div>
   <div class='ocr_carea' id='block_1_6' title="bbox 74 1535 648 1638">
    <p class='ocr_par' dir='ltr' id='par_1_6' title="bbox 74 1535 648 1638">
     <span class='ocr_line' id='line_1_17' title="bbox 123 1535 648 1590; baseline -0.004 -10"><span class='ocrx_word' id='word_1_102' title='bbox 123 1551 212 1590; x_wconf 79' lang='lat' dir='ltr'><strong>per</strong></span> <span class='ocrx_word' id='word_1_103' title='bbox 251 1549 440 1578; x_wconf 80' lang='lat' dir='ltr'><strong>omnem</strong></span> <span class='ocrx_word' id='word_1_104' title='bbox 480 1535 648 1590; x_wconf 78' lang='lat' dir='ltr'><strong>ripum.</strong></span> 
     </span>
     <span class='ocr_line' id='line_1_18' title="bbox 74 1594 542 1638; baseline -0.006 0"><span class='ocrx_word' id='word_1_105' title='bbox 74 1611 166 1638; x_wconf 86' lang='lat' dir='ltr'><strong>non</strong></span> <span class='ocrx_word' id='word_1_106' title='bbox 190 1594 318 1637; x_wconf 80' lang='lat' dir='ltr'><strong>habet</strong></span> <span class='ocrx_word' id='word_1_107' title='bbox 338 1607 542 1636; x_wconf 83' lang='lat' dir='ltr'><strong>omnem.</strong></span> 
     </span>
    </p>
   </div>
   <div class='ocr_carea' id='block_1_7' title="bbox 71 1662 965 2052">
    <p class='ocr_par' dir='ltr' id='par_1_7' title="bbox 71 1662 965 2052">
     <span class='ocr_line' id='line_1_19' title="bbox 126 1662 959 1720; baseline -0.006 -14"><span class='ocrx_word' id='word_1_108' title='bbox 126 1677 298 1707; x_wconf 79' lang='lat' dir='ltr'><strong>amnes</strong></span> <span class='ocrx_word' id='word_1_109' title='bbox 325 1678 503 1720; x_wconf 85' lang='lat' dir='ltr'><strong>quoque</strong></span> <span class='ocrx_word' id='word_1_110' title='bbox 537 1670 583 1705; x_wconf 85' lang='lat' dir='ltr'><strong>et</strong></span> <span class='ocrx_word' id='word_1_111' title='bbox 612 1668 772 1703; x_wconf 81' lang='lat' dir='ltr'><strong>vetera</strong></span> <span class='ocrx_word' id='word_1_112' title='bbox 808 1662 959 1715; x_wconf 77' lang='lat' dir='ltr'><strong>impe-</strong></span> 
     </span>
     <span class='ocr_line' id='line_1_20' title="bbox 71 1716 964 1766; baseline -0.007 -1"><span class='ocrx_word' id='word_1_113' title='bbox 71 1723 135 1766; x_wconf 82' lang='lat' dir='ltr'><strong>rii</strong></span> <span class='ocrx_word' id='word_1_114' title='bbox 153 1722 461 1764; x_wconf 77' lang='lat' dir='ltr'><strong>munimenta.</strong></span> <span class='ocrx_word' id='word_1_115' title='bbox 502 1717 587 1762; x_wconf 67' lang='lat' dir='ltr'><strong>“Eu</strong></span> <span class='ocrx_word' id='word_1_116' title='bbox 610 1718 686 1763; x_wconf 74' lang='grc' dir='ltr'><strong>διὰ</strong></span> <span class='ocrx_word' id='word_1_117' title='bbox 710 1718 859 1763; x_wconf 73' lang='grc' dir='ltr'><em>δυοῖν.</em></span> <span class='ocrx_word' id='word_1_118' title='bbox 903 1716 964 1761; x_wconf 83' lang='lat' dir='ltr'><strong>cf.</strong></span> 
     </span>
     <span class='ocr_line' id='line_1_21' title="bbox 74 1775 961 1837; baseline -0.008 -13"><span class='ocrx_word' id='word_1_119' title='bbox 74 1778 209 1824; x_wconf 76' lang='lat' dir='ltr'><strong>Roth.</strong></span> <span class='ocrx_word' id='word_1_120' title='bbox 238 1795 281 1837; x_wconf 88' lang='lat' dir='ltr'><strong>p.</strong></span> <span class='ocrx_word' id='word_1_121' title='bbox 307 1776 379 1821; x_wconf 84' lang='lat'><strong>47.</strong></span> <span class='ocrx_word' id='word_1_122' title='bbox 443 1777 513 1820; x_wconf 89' lang='lat' dir='ltr'><strong>De</strong></span> <span class='ocrx_word' id='word_1_123' title='bbox 550 1793 597 1820; x_wconf 81' lang='lat' dir='ltr'><strong>re</strong></span> <span class='ocrx_word' id='word_1_124' title='bbox 630 1776 716 1819; x_wconf 85' lang='lat' dir='ltr'><strong>vid.</strong></span> <span class='ocrx_word' id='word_1_125' title='bbox 744 1777 830 1820; x_wconf 84' lang='lat' dir='ltr'><strong>An.</strong></span> <span class='ocrx_word' id='word_1_126' title='bbox 861 1776 898 1826; x_wconf 90' lang='lat'><strong>1,</strong></span> <span class='ocrx_word' id='word_1_127' title='bbox 917 1775 961 1817; x_wconf 88' lang='lat'><strong>9.</strong></span> 
     </span>
     <span class='ocr_line' id='line_1_22' title="bbox 74 1834 964 1890; baseline -0.006 -11"><span class='ocrx_word' id='word_1_128' title='bbox 74 1838 293 1879; x_wconf 77' lang='lat' dir='ltr'><strong>amnibus</strong></span> <span class='ocrx_word' id='word_1_129' title='bbox 320 1834 589 1889; x_wconf 76' lang='lat' dir='ltr'><strong>Iongl&#39;nquis</strong></span> <span class='ocrx_word' id='word_1_130' title='bbox 607 1842 790 1890; x_wconf 76' lang='lat' dir='ltr'><strong>septum</strong></span> <span class='ocrx_word' id='word_1_131' title='bbox 812 1836 964 1887; x_wconf 80' lang='lat' dir='ltr'><strong>impe-</strong></span> 
     </span>
     <span class='ocr_line' id='line_1_23' title="bbox 74 1891 964 1950; baseline -0.006 -14"><span class='ocrx_word' id='word_1_132' title='bbox 74 1896 216 1936; x_wconf 78' lang='lat' dir='ltr'><strong>rium.</strong></span> <span class='ocrx_word' id='word_1_133' title='bbox 287 1895 338 1936; x_wconf 90' lang='lat' dir='ltr'><strong>ln</strong></span> <span class='ocrx_word' id='word_1_134' title='bbox 360 1893 461 1936; x_wconf 86' lang='lat' dir='ltr'><strong>MS.</strong></span> <span class='ocrx_word' id='word_1_135' title='bbox 487 1891 636 1934; x_wconf 80' lang='lat' dir='ltr'><strong>Guelf.</strong></span> <span class='ocrx_word' id='word_1_136' title='bbox 657 1909 681 1935; x_wconf 85' lang='lat' dir='ltr'><strong>a</strong></span> <span class='ocrx_word' id='word_1_137' title='bbox 706 1891 846 1950; x_wconf 84' lang='lat' dir='ltr'><strong>prima</strong></span> <span class='ocrx_word' id='word_1_138' title='bbox 871 1906 964 1932; x_wconf 87' lang='lat' dir='ltr'><strong>ma·</strong></span> 
     </span>
     <span class='ocr_line' id='line_1_24' title="bbox 75 1949 965 1999; baseline -0.007 -4"><span class='ocrx_word' id='word_1_139' title='bbox 75 1967 136 1995; x_wconf 90' lang='lat' dir='ltr'><strong>nu</strong></span> <span class='ocrx_word' id='word_1_140' title='bbox 160 1950 245 1993; x_wconf 82' lang='lat' dir='ltr'><strong>fuit</strong></span> <span class='ocrx_word' id='word_1_141' title='bbox 270 1950 465 1999; x_wconf 71' lang='lat' dir='ltr'><strong>veteris,</strong></span> <span class='ocrx_word' id='word_1_142' title='bbox 497 1949 615 1993; x_wconf 89' lang='lat' dir='ltr'><strong>unde</strong></span> <span class='ocrx_word' id='word_1_143' title='bbox 640 1949 835 1994; x_wconf 83' lang='lat' dir='ltr'><strong>secunda</strong></span> <span class='ocrx_word' id='word_1_144' title='bbox 865 1963 965 1990; x_wconf 89' lang='lat' dir='ltr'><strong>ma-</strong></span> 
     </span>
     <span class='ocr_line' id='line_1_25' title="bbox 73 2008 497 2052; baseline 0 0"><span class='ocrx_word' id='word_1_145' title='bbox 73 2025 157 2052; x_wconf 79' lang='lat' dir='ltr'><strong>nus</strong></span> <span class='ocrx_word' id='word_1_146' title='bbox 184 2008 289 2052; x_wconf 78' lang='lat' dir='ltr'><strong>feeit</strong></span> <span class='ocrx_word' id='word_1_147' title='bbox 320 2015 497 2052; x_wconf 79' lang='lat' dir='ltr'><strong>vetera.</strong></span> 
     </span>
    </p>
   </div>
   <div class='ocr_carea' id='block_1_8' title="bbox 72 2089 964 2261">
    <p class='ocr_par' dir='ltr' id='par_1_8' title="bbox 72 2089 964 2261">
     <span class='ocr_line' id='line_1_26' title="bbox 128 2089 960 2148; baseline -0.004 -13"><span class='ocrx_word' id='word_1_148' title='bbox 128 2094 175 2135; x_wconf 86' lang='lat' dir='ltr'><strong>in</strong></span> <span class='ocrx_word' id='word_1_149' title='bbox 193 2107 311 2148; x_wconf 80' lang='lat' dir='ltr'><strong>pace</strong></span> <span class='ocrx_word' id='word_1_150' title='bbox 324 2092 451 2148; x_wconf 79' lang='lat' dir='ltr'><strong>sors.</strong></span> <span class='ocrx_word' id='word_1_151' title='bbox 510 2090 643 2135; x_wconf 88' lang='lat' dir='ltr'><strong>MSS.</strong></span> <span class='ocrx_word' id='word_1_152' title='bbox 665 2090 818 2134; x_wconf 83' lang='lat' dir='ltr'><strong>Guelf.</strong></span> <span class='ocrx_word' id='word_1_153' title='bbox 835 2089 960 2134; x_wconf 79' lang='lat' dir='ltr'><strong>Harl.</strong></span> 
     </span>
     <span class='ocr_line' id='line_1_27' title="bbox 72 2147 964 2261; baseline -0.004 -11"><span class='ocrx_word' id='word_1_154' title='bbox 72 2150 206 2255; x_wconf 51' lang='lat'><strong>{³321</strong></span> <span class='ocrx_word' id='word_1_155' title='bbox 242 2148 486 2256; x_wconf 49' lang='lat' dir='ltr'><strong>{fa-..⁸4:55</strong></span> <span class='ocrx_word' id='word_1_156' title='bbox 510 2147 964 2261; x_wconf 61' lang='lat' dir='ltr'><strong>-0f·.3¹3:·.3t¹s;‚*;:.:</strong></span> 
     </span>
    </p>
   </div>
   <div class='ocr_carea' id='block_1_9' title="bbox 72 2276 965 3520">
    <p class='ocr_par' dir='ltr' id='par_1_9' title="bbox 72 2276 965 3520">
     <span class='ocr_line' id='line_1_28' title="bbox 74 2276 964 2332; baseline 0.002 -14"><span class='ocrx_word' id='word_1_157' title='bbox 74 2276 292 2331; x_wconf 75' lang='lat' dir='ltr'><strong>ingressis</strong></span> <span class='ocrx_word' id='word_1_158' title='bbox 310 2290 375 2318; x_wconf 84' lang='lat' dir='ltr'><strong>no</strong></span> <span class='ocrx_word' id='word_1_159' title='bbox 405 2277 469 2332; x_wconf 91' lang='lat' dir='ltr'><strong>(in</strong></span> <span class='ocrx_word' id='word_1_160' title='bbox 497 2277 584 2319; x_wconf 81' lang='lat' dir='ltr'><strong>fine</strong></span> <span class='ocrx_word' id='word_1_161' title='bbox 619 2278 790 2331; x_wconf 76' lang='lat' dir='ltr'><strong>versus)</strong></span> <span class='ocrx_word' id='word_1_162' title='bbox 821 2276 964 2320; x_wconf 86' lang='lat' dir='ltr'><strong>XVI.</strong></span> 
     </span>
     <span class='ocr_line' id='line_1_29' title="bbox 73 2335 962 2387; baseline -0.001 -11"><span class='ocrx_word' id='word_1_163' title='bbox 73 2335 192 2387; x_wconf 76' lang='lat' dir='ltr'><strong>legio</strong></span> <span class='ocrx_word' id='word_1_164' title='bbox 227 2335 551 2387; x_wconf 68' lang='lat' dir='ltr'><strong>coniungitur.</strong></span> <span class='ocrx_word' id='word_1_165' title='bbox 646 2335 714 2376; x_wconf 85' lang='lat' dir='ltr'><strong>De</strong></span> <span class='ocrx_word' id='word_1_166' title='bbox 765 2338 962 2376; x_wconf 80' lang='lat' dir='ltr'><strong>decuma</strong></span> 
     </span>
     <span class='ocr_line' id='line_1_30' title="bbox 72 2390 964 2443; baseline 0.001 -10"><span class='ocrx_word' id='word_1_167' title='bbox 72 2399 214 2433; x_wconf 73' lang='lat' dir='ltr'><strong>sexta</strong></span> <span class='ocrx_word' id='word_1_168' title='bbox 260 2393 441 2443; x_wconf 73' lang='lat' dir='ltr'><strong>legione</strong></span> <span class='ocrx_word' id='word_1_169' title='bbox 493 2390 783 2434; x_wconf 72' lang='lat' dir='ltr'><strong>consentiunt</strong></span> <span class='ocrx_word' id='word_1_170' title='bbox 829 2390 964 2434; x_wconf 85' lang='lat' dir='ltr'><strong>MSS.</strong></span> 
     </span>
     <span class='ocr_line' id='line_1_31' title="bbox 74 2447 965 2507; baseline -0.001 -16"><span class='ocrx_word' id='word_1_171' title='bbox 74 2448 183 2505; x_wconf 79' lang='lat' dir='ltr'><strong>Reg.</strong></span> <span class='ocrx_word' id='word_1_172' title='bbox 210 2449 318 2505; x_wconf 83' lang='lat' dir='ltr'><strong>Agr.</strong></span> <span class='ocrx_word' id='word_1_173' title='bbox 341 2447 481 2493; x_wconf 75' lang='lat' dir='ltr'><strong>Vatic.</strong></span> <span class='ocrx_word' id='word_1_174' title='bbox 510 2449 625 2503; x_wconf 80' lang='lat' dir='ltr'><strong>(test.</strong></span> <span class='ocrx_word' id='word_1_175' title='bbox 652 2447 811 2507; x_wconf 83' lang='lat' dir='ltr'><strong>Lips.),</strong></span> <span class='ocrx_word' id='word_1_176' title='bbox 842 2463 965 2490; x_wconf 86' lang='lat' dir='ltr'><strong>eum-</strong></span> 
     </span>
     <span class='ocr_line' id='line_1_32' title="bbox 75 2504 962 2562; baseline 0 -16"><span class='ocrx_word' id='word_1_177' title='bbox 75 2521 161 2562; x_wconf 85' lang='lat' dir='ltr'><strong>que</strong></span> <span class='ocrx_word' id='word_1_178' title='bbox 226 2521 467 2548; x_wconf 79' lang='lat' dir='ltr'><strong>numerum</strong></span> <span class='ocrx_word' id='word_1_179' title='bbox 522 2505 659 2548; x_wconf 85' lang='lat' dir='ltr'><strong>edidit</strong></span> <span class='ocrx_word' id='word_1_180' title='bbox 715 2504 962 2547; x_wconf 76' lang='lat' dir='ltr'><strong>Broterius.</strong></span> 
     </span>
     <span class='ocr_line' id='line_1_33' title="bbox 76 2561 965 2620; baseline 0.001 -16"><span class='ocrx_word' id='word_1_181' title='bbox 76 2561 223 2605; x_wconf 80' lang='lat' dir='ltr'><strong>Ceteri</strong></span> <span class='ocrx_word' id='word_1_182' title='bbox 248 2562 349 2605; x_wconf 82' lang='lat' dir='ltr'><strong>libri</strong></span> <span class='ocrx_word' id='word_1_183' title='bbox 383 2570 565 2606; x_wconf 77' lang='lat' dir='ltr'><strong>tuentur</strong></span> <span class='ocrx_word' id='word_1_184' title='bbox 584 2562 852 2620; x_wconf 75' lang='lat' dir='ltr'><strong>scripturam</strong></span> <span class='ocrx_word' id='word_1_185' title='bbox 874 2562 965 2605; x_wconf 84' lang='lat' dir='ltr'><strong>vul·</strong></span> 
     </span>
     <span class='ocr_line' id='line_1_34' title="bbox 73 2620 961 2677; baseline -0.001 -15"><span class='ocrx_word' id='word_1_186' title='bbox 73 2627 235 2677; x_wconf 72' lang='lat' dir='ltr'><strong>galam.</strong></span> <span class='ocrx_word' id='word_1_187' title='bbox 319 2621 522 2665; x_wconf 74' lang='lat' dir='ltr'><strong>Sextum</strong></span> <span class='ocrx_word' id='word_1_188' title='bbox 575 2623 822 2662; x_wconf 76' lang='lat' dir='ltr'><strong>decumam</strong></span> <span class='ocrx_word' id='word_1_189' title='bbox 875 2620 961 2662; x_wconf 83' lang='lat' dir='ltr'><strong>iam</strong></span> 
     </span>
     <span class='ocr_line' id='line_1_35' title="bbox 75 2676 964 2736; baseline 0.001 -17"><span class='ocrx_word' id='word_1_190' title='bbox 75 2677 246 2736; x_wconf 82' lang='lat' dir='ltr'><strong>pridem</strong></span> <span class='ocrx_word' id='word_1_191' title='bbox 271 2677 503 2721; x_wconf 82' lang='lat' dir='ltr'><strong>Mercerus</strong></span> <span class='ocrx_word' id='word_1_192' title='bbox 536 2676 840 2735; x_wconf 82' lang='lat' dir='ltr'><strong>reponendam</strong></span> <span class='ocrx_word' id='word_1_193' title='bbox 868 2693 964 2720; x_wconf 88' lang='lat' dir='ltr'><strong>sua·</strong></span> 
     </span>
     <span class='ocr_line' id='line_1_36' title="bbox 75 2733 961 2778; baseline 0 -2"><span class='ocrx_word' id='word_1_194' title='bbox 75 2741 206 2777; x_wconf 79' lang='lat' dir='ltr'><strong>serat.</strong></span> <span class='ocrx_word' id='word_1_195' title='bbox 265 2734 539 2778; x_wconf 74' lang='lat' dir='ltr'><strong>Adversatus</strong></span> <span class='ocrx_word' id='word_1_196' title='bbox 565 2744 630 2777; x_wconf 80' lang='lat' dir='ltr'><strong>est</strong></span> <span class='ocrx_word' id='word_1_197' title='bbox 658 2733 850 2777; x_wconf 84' lang='lat' dir='ltr'><strong>Picbena</strong></span> <span class='ocrx_word' id='word_1_198' title='bbox 883 2734 961 2776; x_wconf 90' lang='lat' dir='ltr'><strong>do-</strong></span> 
     </span>
     <span class='ocr_line' id='line_1_37' title="bbox 75 2790 963 2843; baseline 0.001 -10"><span class='ocrx_word' id='word_1_199' title='bbox 75 2790 220 2834; x_wconf 87' lang='lat' dir='ltr'><strong>cendo</strong></span> <span class='ocrx_word' id='word_1_200' title='bbox 274 2793 668 2843; x_wconf 72' lang='lat' dir='ltr'><strong>sextadecumanos</strong></span> <span class='ocrx_word' id='word_1_201' title='bbox 710 2808 732 2834; x_wconf 93' lang='lat' dir='ltr'><strong>a</strong></span> <span class='ocrx_word' id='word_1_202' title='bbox 780 2791 963 2835; x_wconf 79' lang='lat' dir='ltr'><strong>Vitellio</strong></span> 
     </span>
     <span class='ocr_line' id='line_1_38' title="bbox 74 2846 963 2898; baseline 0.002 -8"><span class='ocrx_word' id='word_1_203' title='bbox 74 2847 121 2890; x_wconf 80' lang='lat' dir='ltr'><strong>in</strong></span> <span class='ocrx_word' id='word_1_204' title='bbox 156 2846 324 2890; x_wconf 73' lang='lat' dir='ltr'><strong>ltaliam</strong></span> <span class='ocrx_word' id='word_1_205' title='bbox 367 2849 596 2892; x_wconf 82' lang='lat' dir='ltr'><strong>abductos.</strong></span> <span class='ocrx_word' id='word_1_206' title='bbox 683 2848 740 2893; x_wconf 87' lang='lat' dir='ltr'><strong>cf.</strong></span> <span class='ocrx_word' id='word_1_207' title='bbox 775 2848 886 2892; x_wconf 84' lang='lat' dir='ltr'><strong>Hist.</strong></span> <span class='ocrx_word' id='word_1_208' title='bbox 922 2850 963 2898; x_wconf 73' lang='grc'><strong>3,</strong></span> 
     </span>
     <span class='ocr_line' id='line_1_39' title="bbox 74 2905 963 2964; baseline 0.003 -18"><span class='ocrx_word' id='word_1_209' title='bbox 74 2905 144 2947; x_wconf 75' lang='grc'><strong>22.</strong></span> <span class='ocrx_word' id='word_1_210' title='bbox 194 2906 251 2947; x_wconf 76' lang='lat' dir='ltr'><strong>At</strong></span> <span class='ocrx_word' id='word_1_211' title='bbox 272 2905 452 2948; x_wconf 80' lang='lat' dir='ltr'><strong>abducti</strong></span> <span class='ocrx_word' id='word_1_212' title='bbox 478 2915 519 2948; x_wconf 79' lang='lat' dir='ltr'><strong>et</strong></span> <span class='ocrx_word' id='word_1_213' title='bbox 544 2905 749 2964; x_wconf 85' lang='lat' dir='ltr'><strong>quintani</strong></span> <span class='ocrx_word' id='word_1_214' title='bbox 774 2915 816 2949; x_wconf 86' lang='lat' dir='ltr'><strong>et</strong></span> <span class='ocrx_word' id='word_1_215' title='bbox 835 2907 963 2964; x_wconf 89' lang='lat' dir='ltr'><strong>quin-</strong></span> 
     </span>
     <span class='ocr_line' id='line_1_40' title="bbox 74 2961 962 3019; baseline 0.002 -15"><span class='ocrx_word' id='word_1_216' title='bbox 74 2961 380 3013; x_wconf 73' lang='lat' dir='ltr'><strong>tadecumani,</strong></span> <span class='ocrx_word' id='word_1_217' title='bbox 466 2963 506 3005; x_wconf 94' lang='lat' dir='ltr'><strong>ui</strong></span> <span class='ocrx_word' id='word_1_218' title='bbox 545 2971 693 3005; x_wconf 83' lang='lat' dir='ltr'><strong>tamen</strong></span> <span class='ocrx_word' id='word_1_219' title='bbox 724 2964 885 3019; x_wconf 85' lang='lat' dir='ltr'><strong>passim</strong></span> <span class='ocrx_word' id='word_1_220' title='bbox 915 2963 962 3006; x_wconf 86' lang='lat' dir='ltr'><strong>in</strong></span> 
     </span>
     <span class='ocr_line' id='line_1_41' title="bbox 76 2979 959 3064; baseline 0.008 -7"><span class='ocrx_word' id='word_1_221' title='bbox 76 3018 161 3062; x_wconf 78' lang='lat' dir='ltr'><strong>hoc</strong></span> <span class='ocrx_word' id='word_1_222' title='bbox 218 3018 377 3062; x_wconf 79' lang='lat' dir='ltr'><strong>Civilis</strong></span> <span class='ocrx_word' id='word_1_223' title='bbox 431 2979 565 3063; x_wconf 51' lang='lat' dir='ltr'><strong>(imno</strong></span> <span class='ocrx_word' id='word_1_224' title='bbox 632 3029 959 3064; x_wconf 78' lang='lat' dir='ltr'><strong>memorantur.</strong></span> 
     </span>
     <span class='ocr_line' id='line_1_42' title="bbox 74 3075 963 3134; baseline 0.003 -17"><span class='ocrx_word' id='word_1_225' title='bbox 74 3075 280 3134; x_wconf 87' lang='lat' dir='ltr'><strong>Namque</strong></span> <span class='ocrx_word' id='word_1_226' title='bbox 307 3076 600 3121; x_wconf 77' lang='lat' dir='ltr'><strong>abductarum</strong></span> <span class='ocrx_word' id='word_1_227' title='bbox 634 3075 865 3133; x_wconf 78' lang='lat' dir='ltr'><strong>legionum</strong></span> <span class='ocrx_word' id='word_1_228' title='bbox 892 3094 963 3122; x_wconf 86' lang='lat' dir='ltr'><strong>ca·</strong></span> 
     </span>
     <span class='ocr_line' id='line_1_43' title="bbox 73 3131 962 3190; baseline 0.002 -15"><span class='ocrx_word' id='word_1_229' title='bbox 73 3142 163 3175; x_wconf 74' lang='lat' dir='ltr'><strong>stra</strong></span> <span class='ocrx_word' id='word_1_230' title='bbox 194 3132 309 3190; x_wconf 85' lang='lat' dir='ltr'><strong>apud</strong></span> <span class='ocrx_word' id='word_1_231' title='bbox 341 3131 546 3176; x_wconf 66' lang='lat' dir='ltr'><strong>Rhenum</strong></span> <span class='ocrx_word' id='word_1_232' title='bbox 577 3133 817 3177; x_wconf 74' lang='lat' dir='ltr'><strong>manebant</strong></span> <span class='ocrx_word' id='word_1_233' title='bbox 857 3151 962 3178; x_wconf 88' lang='lat' dir='ltr'><strong>cum</strong></span> 
     </span>
     <span class='ocr_line' id='line_1_44' title="bbox 75 3188 962 3248; baseline 0.006 -18"><span class='ocrx_word' id='word_1_234' title='bbox 75 3188 294 3246; x_wconf 78' lang='lat' dir='ltr'><strong>praesidio</strong></span> <span class='ocrx_word' id='word_1_235' title='bbox 316 3205 339 3231; x_wconf 90' lang='lat' dir='ltr'><strong>e</strong></span> <span class='ocrx_word' id='word_1_236' title='bbox 362 3189 614 3248; x_wconf 84' lang='lat' dir='ltr'><strong>legionibus</strong></span> <span class='ocrx_word' id='word_1_237' title='bbox 647 3189 846 3242; x_wconf 84' lang='lat' dir='ltr'><strong>delecto,</strong></span> <span class='ocrx_word' id='word_1_238' title='bbox 885 3208 962 3235; x_wconf 92' lang='lat' dir='ltr'><strong>no-</strong></span> 
     </span>
     <span class='ocr_line' id='line_1_45' title="bbox 73 3246 962 3306; baseline 0.001 -16"><span class='ocrx_word' id='word_1_239' title='bbox 73 3248 228 3303; x_wconf 83' lang='lat' dir='ltr'><strong>visque</strong></span> <span class='ocrx_word' id='word_1_240' title='bbox 250 3246 492 3291; x_wconf 81' lang='lat' dir='ltr'><strong>delectibus</strong></span> <span class='ocrx_word' id='word_1_241' title='bbox 520 3248 749 3306; x_wconf 82' lang='lat' dir='ltr'><strong>legionum</strong></span> <span class='ocrx_word' id='word_1_242' title='bbox 781 3249 962 3292; x_wconf 84' lang='lat' dir='ltr'><strong>nomina</strong></span> 
     </span>
     <span class='ocr_line' id='line_1_46' title="bbox 74 3302 963 3361; baseline 0.004 -16"><span class='ocrx_word' id='word_1_243' title='bbox 74 3302 255 3346; x_wconf 73' lang='lat' dir='ltr'><strong>interim</strong></span> <span class='ocrx_word' id='word_1_244' title='bbox 276 3303 610 3361; x_wconf 62' lang='lat' dir='ltr'><strong>supplebantur.</strong></span> <span class='ocrx_word' id='word_1_245' title='bbox 670 3305 755 3346; x_wconf 89' lang='lat' dir='ltr'><strong>lam</strong></span> <span class='ocrx_word' id='word_1_246' title='bbox 779 3316 963 3349; x_wconf 72' lang='lat' dir='ltr'><strong>sextam·</strong></span> 
     </span>
     <span class='ocr_line' id='line_1_47' title="bbox 74 3359 958 3406; baseline 0.005 -4"><span class='ocrx_word' id='word_1_247' title='bbox 74 3359 307 3403; x_wconf 80' lang='lat' dir='ltr'><strong>decumam</strong></span> <span class='ocrx_word' id='word_1_248' title='bbox 350 3361 395 3402; x_wconf 90' lang='lat' dir='ltr'><strong>in</strong></span> <span class='ocrx_word' id='word_1_249' title='bbox 432 3361 673 3405; x_wconf 67' lang='lat' dir='ltr'><strong>Germania</strong></span> <span class='ocrx_word' id='word_1_250' title='bbox 714 3361 849 3406; x_wconf 84' lang='lat' dir='ltr'><strong>fuisse</strong></span> <span class='ocrx_word' id='word_1_251' title='bbox 889 3362 958 3405; x_wconf 88' lang='lat' dir='ltr'><strong>lo-</strong></span> 
     </span>
     <span class='ocr_line' id='line_1_48' title="bbox 74 3417 959 3474; baseline 0.008 -17"><span class='ocrx_word' id='word_1_252' title='bbox 74 3423 216 3460; x_wconf 78' lang='lat' dir='ltr'><strong>catam</strong></span> <span class='ocrx_word' id='word_1_253' title='bbox 256 3420 546 3474; x_wconf 75' lang='lat' dir='ltr'><strong>cognoscitur</strong></span> <span class='ocrx_word' id='word_1_254' title='bbox 580 3437 602 3462; x_wconf 88' lang='lat' dir='ltr'><strong>e</strong></span> <span class='ocrx_word' id='word_1_255' title='bbox 641 3417 741 3461; x_wconf 87' lang='lat' dir='ltr'><strong>loco</strong></span> <span class='ocrx_word' id='word_1_256' title='bbox 777 3420 887 3463; x_wconf 77' lang='lat' dir='ltr'><strong>Hist.</strong></span> <span class='ocrx_word' id='word_1_257' title='bbox 921 3423 959 3469; x_wconf 86' lang='lat' dir='ltr'><strong>l,</strong></span> 
     </span>
     <span class='ocr_line' id='line_1_49' title="bbox 75 3472 957 3520; baseline 0.006 -5"><span class='ocrx_word' id='word_1_258' title='bbox 75 3472 145 3515; x_wconf 86' lang='lat'><strong>55.</strong></span> <span class='ocrx_word' id='word_1_259' title='bbox 203 3473 353 3518; x_wconf 71' lang='lat' dir='ltr'><strong>Tertia</strong></span> <span class='ocrx_word' id='word_1_260' title='bbox 381 3484 526 3519; x_wconf 80' lang='lat' dir='ltr'><strong>autem</strong></span> <span class='ocrx_word' id='word_1_261' title='bbox 563 3476 957 3520; x_wconf 58' lang='lat' dir='ltr'><strong>decuma&#39;eratin</strong></span> 
     </span>
    </p>
   </div>
   <div class='ocr_carea' id='block_1_10' title="bbox 77 3527 957 3587">
    <p class='ocr_par' dir='ltr' id='par_1_10' title="bbox 77 3527 957 3587">
     <span class='ocr_line' id='line_1_50' title="bbox 77 3527 957 3587; baseline 0.009 -17"><span class='ocrx_word' id='word_1_262' title='bbox 77 3527 319 3575; x_wconf 72' lang='lat' dir='ltr'><strong>Pannonia.</strong></span> <span class='ocrx_word' id='word_1_263' title='bbox 381 3531 436 3576; x_wconf 78' lang='lat' dir='ltr'><strong>cs.</strong></span> <span class='ocrx_word' id='word_1_264' title='bbox 466 3534 575 3577; x_wconf 65' lang='lat' dir='ltr'><strong>Hist.</strong></span> <span class='ocrx_word' id='word_1_265' title='bbox 603 3536 644 3587; x_wconf 68' lang='lat' dir='ltr'><strong>Q,</strong></span> <span class='ocrx_word' id='word_1_266' title='bbox 674 3532 743 3574; x_wconf 84' lang='grc'><strong>86.</strong></span> <span class='ocrx_word' id='word_1_267' title='bbox 776 3542 818 3577; x_wconf 80' lang='lat' dir='ltr'><strong>et</strong></span> <span class='ocrx_word' id='word_1_268' title='bbox 854 3535 893 3582; x_wconf 78' lang='lat'><strong>3.</strong></span> <span class='ocrx_word' id='word_1_269' title='bbox 918 3535 957 3578; x_wconf 88' lang='grc'><strong>7.</strong></span> 
     </span>
    </p>
   </div>
   <div class='ocr_carea' id='block_1_11' title="bbox 817 2264 951 2274">
    <p class='ocr_par' dir='ltr' id='par_1_11' title="bbox 817 2264 951 2274">
     <span class='ocr_line' id='line_1_51' title="bbox 817 2264 951 2274; baseline 0 1756"><span class='ocrx_word' id='word_1_270' title='bbox 817 2264 951 2274; x_wconf 95' lang='lat' dir='ltr'><strong> </strong></span> 
     </span>
    </p>
   </div>
   <div class='ocr_carea' id='block_1_12' title="bbox 317 1275 1932 1356">
    <p class='ocr_par' dir='ltr' id='par_1_12' title="bbox 317 1275 1932 1356">
     <span class='ocr_line' id='line_1_52' title="bbox 317 1275 1932 1356; baseline -0.001 -20"><span class='ocrx_word' id='word_1_271' title='bbox 317 1291 499 1356; x_wconf 86' lang='lat' dir='ltr'><strong>utque</strong></span> <span class='ocrx_word' id='word_1_272' title='bbox 530 1278 741 1353; x_wconf 79' lang='lat' dir='ltr'><strong>praeda</strong></span> <span class='ocrx_word' id='word_1_273' title='bbox 780 1277 854 1332; x_wconf 89' lang='lat' dir='ltr'><strong>ad</strong></span> <span class='ocrx_word' id='word_1_274' title='bbox 893 1276 1166 1332; x_wconf 84' lang='lat' dir='ltr'><strong>virtutem</strong></span> <span class='ocrx_word' id='word_1_275' title='bbox 1207 1275 1650 1346; x_wconf 83' lang='lat' dir='ltr'><strong>accenderetur,</strong></span> <span class='ocrx_word' id='word_1_276' title='bbox 1693 1276 1755 1332; x_wconf 91' lang='lat' dir='ltr'><strong>in</strong></span> <span class='ocrx_word' id='word_1_277' title='bbox 1788 1297 1932 1352; x_wconf 85' lang='lat' dir='ltr'><strong>pro·-</strong></span> 
     </span>
    </p>
   </div>
   <div class='ocr_carea' id='block_1_13' title="bbox 1035 1531 1930 1704">
    <p class='ocr_par' dir='ltr' id='par_1_13' title="bbox 1035 1531 1930 1704">
     <span class='ocr_line' id='line_1_53' title="bbox 1038 1531 1930 1590; baseline 0.004 -15"><span class='ocrx_word' id='word_1_278' title='bbox 1038 1532 1282 1576; x_wconf 83' lang='lat' dir='ltr'><strong>Oberlinus</strong></span> <span class='ocrx_word' id='word_1_279' title='bbox 1310 1548 1404 1575; x_wconf 84' lang='lat' dir='ltr'><strong>rem</strong></span> <span class='ocrx_word' id='word_1_280' title='bbox 1436 1531 1495 1574; x_wconf 79' lang='lat' dir='ltr'><strong>ita</strong></span> <span class='ocrx_word' id='word_1_281' title='bbox 1520 1532 1715 1590; x_wconf 75' lang='lat' dir='ltr'><strong>expedit,</strong></span> <span class='ocrx_word' id='word_1_282' title='bbox 1747 1541 1793 1576; x_wconf 79' lang='lat' dir='ltr'><strong>ut</strong></span> <span class='ocrx_word' id='word_1_283' title='bbox 1821 1533 1930 1579; x_wconf 73' lang='lat' dir='ltr'><strong>duas</strong></span> 
     </span>
     <span class='ocr_line' id='line_1_54' title="bbox 1036 1587 1930 1648; baseline 0.004 -16"><span class='ocrx_word' id='word_1_284' title='bbox 1036 1590 1235 1633; x_wconf 87' lang='lat' dir='ltr'><strong>eiusdem</strong></span> <span class='ocrx_word' id='word_1_285' title='bbox 1273 1588 1450 1634; x_wconf 84' lang='lat' dir='ltr'><strong>numeri</strong></span> <span class='ocrx_word' id='word_1_286' title='bbox 1486 1587 1683 1648; x_wconf 79' lang='lat' dir='ltr'><strong>legiones</strong></span> <span class='ocrx_word' id='word_1_287' title='bbox 1720 1592 1930 1636; x_wconf 63' lang='lat' dir='ltr'><strong>exstitisse</strong></span> 
     </span>
     <span class='ocr_line' id='line_1_55' title="bbox 1035 1656 1250 1704; baseline -0.005 -13"><span class='ocrx_word' id='word_1_288' title='bbox 1035 1656 1250 1704; x_wconf 79' lang='lat' dir='ltr'><strong>autumet.</strong></span> 
     </span>
    </p>
   </div>
   <div class='ocr_carea' id='block_1_14' title="bbox 1035 1757 1935 2719">
    <p class='ocr_par' dir='ltr' id='par_1_14' title="bbox 1035 1757 1935 2719">
     <span class='ocr_line' id='line_1_56' title="bbox 1090 1757 1929 1809; baseline 0.006 -10"><span class='ocrx_word' id='word_1_289' title='bbox 1090 1760 1213 1809; x_wconf 79' lang='lat' dir='ltr'><strong><em>loco,</em></strong></span> <span class='ocrx_word' id='word_1_290' title='bbox 1258 1759 1334 1801; x_wconf 77' lang='lat' dir='ltr'><strong>cut</strong></span> <span class='ocrx_word' id='word_1_291' title='bbox 1369 1757 1580 1802; x_wconf 79' lang='lat' dir='ltr'><strong>Gelduba</strong></span> <span class='ocrx_word' id='word_1_292' title='bbox 1630 1774 1804 1802; x_wconf 82' lang='lat' dir='ltr'><strong>nomen</strong></span> <span class='ocrx_word' id='word_1_293' title='bbox 1842 1767 1929 1804; x_wconf 72' lang='lat' dir='ltr'><strong>est.</strong></span> 
     </span>
     <span class='ocr_line' id='line_1_57' title="bbox 1039 1814 1929 1863; baseline 0.009 -9"><span class='ocrx_word' id='word_1_294' title='bbox 1039 1814 1259 1860; x_wconf 86' lang='lat' dir='ltr'><strong>Voculam</strong></span> <span class='ocrx_word' id='word_1_295' title='bbox 1290 1816 1366 1858; x_wconf 85' lang='lat' dir='ltr'><strong>cui</strong></span> <span class='ocrx_word' id='word_1_296' title='bbox 1385 1818 1599 1860; x_wconf 73' lang='lat' dir='ltr'><strong>omittunt</strong></span> <span class='ocrx_word' id='word_1_297' title='bbox 1623 1817 1752 1863; x_wconf 80' lang='lat' dir='ltr'><strong>MSS.</strong></span> <span class='ocrx_word' id='word_1_298' title='bbox 1775 1816 1929 1862; x_wconf 79' lang='lat' dir='ltr'><strong>Guelf.</strong></span> 
     </span>
     <span class='ocr_line' id='line_1_58' title="bbox 1037 1871 1931 1919; baseline 0.002 -3"><span class='ocrx_word' id='word_1_299' title='bbox 1037 1873 1159 1916; x_wconf 84' lang='lat' dir='ltr'><strong>Harl.</strong></span> <span class='ocrx_word' id='word_1_300' title='bbox 1188 1871 1316 1916; x_wconf 87' lang='lat' dir='ltr'><strong>Bodl.</strong></span> <span class='ocrx_word' id='word_1_301' title='bbox 1346 1873 1424 1916; x_wconf 88' lang='lat' dir='ltr'><strong>[es.</strong></span> <span class='ocrx_word' id='word_1_302' title='bbox 1459 1873 1559 1917; x_wconf 87' lang='lat' dir='ltr'><strong>edd.</strong></span> <span class='ocrx_word' id='word_1_303' title='bbox 1590 1875 1689 1919; x_wconf 81' lang='lat' dir='ltr'><strong>Put.</strong></span> <span class='ocrx_word' id='word_1_304' title='bbox 1716 1875 1784 1919; x_wconf 91' lang='lat' dir='ltr'><strong>M.</strong></span> <span class='ocrx_word' id='word_1_305' title='bbox 1810 1883 1851 1918; x_wconf 81' lang='lat' dir='ltr'><strong>et</strong></span> <span class='ocrx_word' id='word_1_306' title='bbox 1876 1875 1931 1918; x_wconf 92' lang='lat' dir='ltr'><strong>V.</strong></span> 
     </span>
     <span class='ocr_line' id='line_1_59' title="bbox 1038 1929 1934 1991; baseline 0.002 -17"><span class='ocrx_word' id='word_1_307' title='bbox 1038 1929 1253 1974; x_wconf 79' lang='lat' dir='ltr'><strong>Beroald.</strong></span> <span class='ocrx_word' id='word_1_308' title='bbox 1288 1932 1410 1984; x_wconf 83' lang='lat' dir='ltr'><strong>(cum</strong></span> <span class='ocrx_word' id='word_1_309' title='bbox 1433 1931 1502 1975; x_wconf 89' lang='lat' dir='ltr'><strong>sil.</strong></span> <span class='ocrx_word' id='word_1_310' title='bbox 1526 1931 1663 1990; x_wconf 68' lang='lat' dir='ltr'><strong>Vici.)</strong></span> <span class='ocrx_word' id='word_1_311' title='bbox 1701 1931 1806 1976; x_wconf 90' lang='lat' dir='ltr'><strong>Alc.</strong></span> <span class='ocrx_word' id='word_1_312' title='bbox 1831 1947 1934 1991; x_wconf 83' lang='lat' dir='ltr'><strong>sqq.</strong></span> 
     </span>
     <span class='ocr_line' id='line_1_60' title="bbox 1037 1988 1934 2046; baseline 0.002 -16"><span class='ocrx_word' id='word_1_313' title='bbox 1037 1990 1090 2031; x_wconf 87' lang='lat' dir='ltr'><strong>ad</strong></span> <span class='ocrx_word' id='word_1_314' title='bbox 1120 1988 1402 2039; x_wconf 76' lang='lat' dir='ltr'><strong>Ernestium,</strong></span> <span class='ocrx_word' id='word_1_315' title='bbox 1445 1988 1520 2046; x_wconf 87' lang='lat' dir='ltr'><strong>qui</strong></span> <span class='ocrx_word' id='word_1_316' title='bbox 1558 2005 1652 2031; x_wconf 87' lang='lat' dir='ltr'><strong>eam</strong></span> <span class='ocrx_word' id='word_1_317' title='bbox 1680 1989 1875 2034; x_wconf 73' lang='lat' dir='ltr'><strong>restituit</strong></span> <span class='ocrx_word' id='word_1_318' title='bbox 1905 1997 1934 2032; x_wconf 47' lang='lat' dir='ltr'><strong>e*</strong></span> 
     </span>
     <span class='ocr_line' id='line_1_61' title="bbox 1038 2044 1930 2104; baseline 0.002 -16"><span class='ocrx_word' id='word_1_319' title='bbox 1038 2045 1174 2089; x_wconf 90' lang='lat' dir='ltr'><strong>MSS.</strong></span> <span class='ocrx_word' id='word_1_320' title='bbox 1200 2045 1308 2102; x_wconf 84' lang='lat' dir='ltr'><strong>Reg.</strong></span> <span class='ocrx_word' id='word_1_321' title='bbox 1334 2044 1457 2088; x_wconf 84' lang='lat' dir='ltr'><strong>Harl.</strong></span> <span class='ocrx_word' id='word_1_322' title='bbox 1485 2046 1526 2100; x_wconf 91' lang='lat' dir='ltr'><strong>(a</strong></span> <span class='ocrx_word' id='word_1_323' title='bbox 1552 2062 1642 2090; x_wconf 84' lang='lat' dir='ltr'><strong>sec.</strong></span> <span class='ocrx_word' id='word_1_324' title='bbox 1666 2049 1821 2104; x_wconf 86' lang='lat' dir='ltr'><strong>manu)</strong></span> <span class='ocrx_word' id='word_1_325' title='bbox 1857 2046 1930 2090; x_wconf 72' lang='lat' dir='ltr'><strong>ed.</strong></span> 
     </span>
     <span class='ocr_line' id='line_1_62' title="bbox 1036 2101 1930 2160; baseline 0 -14"><span class='ocrx_word' id='word_1_326' title='bbox 1036 2101 1155 2160; x_wconf 84' lang='lat' dir='ltr'><strong>Spir.</strong></span> <span class='ocrx_word' id='word_1_327' title='bbox 1217 2103 1273 2145; x_wconf 90' lang='lat' dir='ltr'><strong>cf.</strong></span> <span class='ocrx_word' id='word_1_328' title='bbox 1302 2102 1405 2146; x_wconf 82' lang='lat' dir='ltr'><strong>infr.</strong></span> <span class='ocrx_word' id='word_1_329' title='bbox 1437 2119 1476 2146; x_wconf 94' lang='lat' dir='ltr'><strong>c.</strong></span> <span class='ocrx_word' id='word_1_330' title='bbox 1498 2104 1567 2147; x_wconf 77' lang='lat'><strong>84.</strong></span> <span class='ocrx_word' id='word_1_331' title='bbox 1590 2107 1714 2153; x_wconf 81' lang='lat' dir='ltr'><strong>loco,</strong></span> <span class='ocrx_word' id='word_1_332' title='bbox 1747 2106 1822 2148; x_wconf 81' lang='lat' dir='ltr'><strong>cui</strong></span> <span class='ocrx_word' id='word_1_333' title='bbox 1844 2107 1930 2146; x_wconf 69' lang='grc' dir='ltr'><strong>ησ-</strong></span> 
     </span>
     <span class='ocr_line' id='line_1_63' title="bbox 1037 2160 1930 2219; baseline 0.002 -17"><span class='ocrx_word' id='word_1_334' title='bbox 1037 2174 1144 2202; x_wconf 85' lang='lat' dir='ltr'><strong>men</strong></span> <span class='ocrx_word' id='word_1_335' title='bbox 1169 2160 1403 2202; x_wconf 75' lang='lat' dir='ltr'><strong>Rhacotis.</strong></span> <span class='ocrx_word' id='word_1_336' title='bbox 1477 2160 1551 2203; x_wconf 85' lang='lat' dir='ltr'><strong>Ob</strong></span> <span class='ocrx_word' id='word_1_337' title='bbox 1589 2163 1930 2219; x_wconf 76' lang='lat' dir='ltr'><strong>praecedentem</strong></span> 
     </span>
     <span class='ocr_line' id='line_1_64' title="bbox 1036 2215 1933 2277; baseline 0.003 -18"><span class='ocrx_word' id='word_1_338' title='bbox 1036 2215 1252 2275; x_wconf 84' lang='lat' dir='ltr'><strong>syllabam</strong></span> <span class='ocrx_word' id='word_1_339' title='bbox 1290 2233 1341 2259; x_wconf 85' lang='lat' dir='ltr'><strong>co</strong></span> <span class='ocrx_word' id='word_1_340' title='bbox 1370 2216 1480 2260; x_wconf 90' lang='lat' dir='ltr'><strong>illud</strong></span> <span class='ocrx_word' id='word_1_341' title='bbox 1513 2220 1588 2262; x_wconf 78' lang='lat' dir='ltr'><strong>cm·</strong></span> <span class='ocrx_word' id='word_1_342' title='bbox 1617 2219 1746 2263; x_wconf 80' lang='lat' dir='ltr'><strong>facile</strong></span> <span class='ocrx_word' id='word_1_343' title='bbox 1784 2218 1933 2277; x_wconf 80' lang='lat' dir='ltr'><strong>potuit</strong></span> 
     </span>
     <span class='ocr_line' id='line_1_65' title="bbox 1037 2275 1930 2320; baseline 0 -3"><span class='ocrx_word' id='word_1_344' title='bbox 1037 2275 1282 2319; x_wconf 82' lang='lat' dir='ltr'><strong>absorberi.</strong></span> <span class='ocrx_word' id='word_1_345' title='bbox 1352 2275 1461 2319; x_wconf 86' lang='lat' dir='ltr'><strong>Sine</strong></span> <span class='ocrx_word' id='word_1_346' title='bbox 1494 2276 1572 2318; x_wconf 77' lang='lat' dir='ltr'><strong>cui</strong></span> <span class='ocrx_word' id='word_1_347' title='bbox 1602 2276 1726 2320; x_wconf 90' lang='lat' dir='ltr'><strong>locus</strong></span> <span class='ocrx_word' id='word_1_348' title='bbox 1762 2276 1930 2319; x_wconf 84' lang='lat' dir='ltr'><strong>claudi-</strong></span> 
     </span>
     <span class='ocr_line' id='line_1_66' title="bbox 1036 2331 1930 2392; baseline 0.001 -17"><span class='ocrx_word' id='word_1_349' title='bbox 1036 2341 1110 2375; x_wconf 79' lang='lat' dir='ltr'><strong>cat</strong></span> <span class='ocrx_word' id='word_1_350' title='bbox 1149 2331 1240 2375; x_wconf 87' lang='lat' dir='ltr'><strong>sive</strong></span> <span class='ocrx_word' id='word_1_351' title='bbox 1279 2349 1384 2375; x_wconf 88' lang='lat' dir='ltr'><strong>cum</strong></span> <span class='ocrx_word' id='word_1_352' title='bbox 1425 2332 1602 2376; x_wconf 82' lang='lat' dir='ltr'><strong>Alciato</strong></span> <span class='ocrx_word' id='word_1_353' title='bbox 1643 2349 1742 2392; x_wconf 86' lang='lat' dir='ltr'><strong>sqq.</strong></span> <span class='ocrx_word' id='word_1_354' title='bbox 1786 2335 1930 2392; x_wconf 55' lang='lat' dir='ltr'><strong>legas}</strong></span> 
     </span>
     <span class='ocr_line' id='line_1_67' title="bbox 1036 2390 1930 2442; baseline 0.004 -13"><span class='ocrx_word' id='word_1_355' title='bbox 1036 2392 1134 2431; x_wconf 76' lang='lat' dir='ltr'><strong>loco</strong></span> <span class='ocrx_word' id='word_1_356' title='bbox 1156 2390 1368 2432; x_wconf 78' lang='lat' dir='ltr'><strong>Gelduba</strong></span> <span class='ocrx_word' id='word_1_357' title='bbox 1389 2405 1559 2432; x_wconf 82' lang='lat' dir='ltr'><strong>nomen</strong></span> <span class='ocrx_word' id='word_1_358' title='bbox 1585 2399 1676 2442; x_wconf 77' lang='lat' dir='ltr'><strong>est,</strong></span> <span class='ocrx_word' id='word_1_359' title='bbox 1710 2391 1799 2434; x_wconf 85' lang='lat' dir='ltr'><strong>sive</strong></span> <span class='ocrx_word' id='word_1_360' title='bbox 1824 2405 1930 2435; x_wconf 87' lang='lat' dir='ltr'><strong>cum</strong></span> 
     </span>
     <span class='ocr_line' id='line_1_68' title="bbox 1036 2445 1932 2504; baseline 0.004 -17"><span class='ocrx_word' id='word_1_361' title='bbox 1036 2445 1186 2503; x_wconf 87' lang='lat' dir='ltr'><strong>Lipsio</strong></span> <span class='ocrx_word' id='word_1_362' title='bbox 1231 2447 1499 2504; x_wconf 66' lang='lat' dir='ltr'><strong>distinguas:</strong></span> <span class='ocrx_word' id='word_1_363' title='bbox 1545 2450 1669 2497; x_wconf 82' lang='lat' dir='ltr'><strong>loco,</strong></span> <span class='ocrx_word' id='word_1_364' title='bbox 1716 2448 1932 2492; x_wconf 79' lang='lat' dir='ltr'><strong>Gelduba</strong></span> 
     </span>
     <span class='ocr_line' id='line_1_69' title="bbox 1035 2504 1928 2564; baseline 0.006 -21"><span class='ocrx_word' id='word_1_365' title='bbox 1035 2517 1209 2545; x_wconf 81' lang='lat' dir='ltr'><strong>numen</strong></span> <span class='ocrx_word' id='word_1_366' title='bbox 1235 2511 1319 2546; x_wconf 83' lang='lat' dir='ltr'><strong>esc.</strong></span> <span class='ocrx_word' id='word_1_367' title='bbox 1343 2528 1400 2537; x_wconf 87' lang='lat'><strong>—·</strong></span> <span class='ocrx_word' id='word_1_368' title='bbox 1442 2505 1525 2548; x_wconf 89' lang='lat' dir='ltr'><strong>Ed.</strong></span> <span class='ocrx_word' id='word_1_369' title='bbox 1552 2504 1669 2561; x_wconf 80' lang='lat' dir='ltr'><strong>Spir.</strong></span> <span class='ocrx_word' id='word_1_370' title='bbox 1705 2521 1788 2564; x_wconf 82' lang='lat' dir='ltr'><strong>pro</strong></span> <span class='ocrx_word' id='word_1_371' title='bbox 1813 2506 1928 2548; x_wconf 83' lang='lat' dir='ltr'><strong>Gel-</strong></span> 
     </span>
     <span class='ocr_line' id='line_1_70' title="bbox 1036 2560 1932 2610; baseline 0.006 -9"><span class='ocrx_word' id='word_1_372' title='bbox 1036 2562 1160 2602; x_wconf 82' lang='lat' dir='ltr'><strong>duba</strong></span> <span class='ocrx_word' id='word_1_373' title='bbox 1192 2561 1280 2603; x_wconf 82' lang='lat' dir='ltr'><strong>fert</strong></span> <span class='ocrx_word' id='word_1_374' title='bbox 1308 2560 1546 2610; x_wconf 82' lang='lat' dir='ltr'><strong>Gedulba,</strong></span> <span class='ocrx_word' id='word_1_375' title='bbox 1590 2570 1633 2604; x_wconf 85' lang='lat' dir='ltr'><strong>et</strong></span> <span class='ocrx_word' id='word_1_376' title='bbox 1666 2579 1769 2606; x_wconf 88' lang='lat' dir='ltr'><strong>mox</strong></span> <span class='ocrx_word' id='word_1_377' title='bbox 1802 2562 1932 2606; x_wconf 69' lang='lat' dir='ltr'><strong>bellis</strong></span> 
     </span>
     <span class='ocr_line' id='line_1_71' title="bbox 1036 2619 1935 2677; baseline 0.004 -18"><span class='ocrx_word' id='word_1_378' title='bbox 1036 2619 1398 2662; x_wconf 58' lang='lat' dir='ltr'><strong>medicamenta«.-</strong></span> <span class='ocrx_word' id='word_1_379' title='bbox 1441 2635 1528 2677; x_wconf 76' lang='lat' dir='ltr'><strong>pro</strong></span> <span class='ocrx_word' id='word_1_380' title='bbox 1566 2621 1684 2663; x_wconf 56' lang='lat' dir='ltr'><strong>belli</strong></span> <span class='ocrx_word' id='word_1_381' title='bbox 1722 2621 1935 2663; x_wconf 76' lang='lat' dir='ltr'><strong>medita-‘</strong></span> 
     </span>
     <span class='ocr_line' id='line_1_72' title="bbox 1038 2678 1222 2719; baseline 0.016 -3"><span class='ocrx_word' id='word_1_382' title='bbox 1038 2678 1222 2719; x_wconf 64' lang='lat' dir='ltr'><strong>meaux.</strong></span> 
     </span>
    </p>
   </div>
   <div class='ocr_carea' id='block_1_15' title="bbox 1030 2788 1928 3587">
    <p class='ocr_par' dir='ltr' id='par_1_15' title="bbox 1030 2788 1928 3587">
     <span class='ocr_line' id='line_1_73' title="bbox 1092 2788 1926 2836; baseline 0.002 -4"><span class='ocrx_word' id='word_1_383' title='bbox 1092 2788 1442 2836; x_wconf 78' lang='lat' dir='ltr'><strong>accenderetur.</strong></span> <span class='ocrx_word' id='word_1_384' title='bbox 1530 2792 1606 2836; x_wconf 88' lang='lat' dir='ltr'><strong>Sic</strong></span> <span class='ocrx_word' id='word_1_385' title='bbox 1654 2791 1757 2835; x_wconf 87' lang='lat' dir='ltr'><strong>MS.</strong></span> <span class='ocrx_word' id='word_1_386' title='bbox 1799 2790 1926 2835; x_wconf 56' lang='lat' dir='ltr'><strong>onr.</strong></span> 
     </span>
     <span class='ocr_line' id='line_1_74' title="bbox 1039 2848 1924 2906; baseline 0.003 -16"><span class='ocrx_word' id='word_1_387' title='bbox 1039 2848 1155 2899; x_wconf 71' lang='lat' dir='ltr'><strong>(tesi.</strong></span> <span class='ocrx_word' id='word_1_388' title='bbox 1194 2849 1307 2891; x_wconf 86' lang='lat' dir='ltr'><strong>Vict.</strong></span> <span class='ocrx_word' id='word_1_389' title='bbox 1345 2865 1451 2893; x_wconf 85' lang='lat' dir='ltr'><strong>cum</strong></span> <span class='ocrx_word' id='word_1_390' title='bbox 1485 2849 1631 2906; x_wconf 79' lang='lat' dir='ltr'><strong>Pich.)</strong></span> <span class='ocrx_word' id='word_1_391' title='bbox 1670 2849 1771 2893; x_wconf 89' lang='lat' dir='ltr'><strong>edd.</strong></span> <span class='ocrx_word' id='word_1_392' title='bbox 1803 2849 1924 2906; x_wconf 80' lang='lat' dir='ltr'><strong>Spir.</strong></span> 
     </span>
     <span class='ocr_line' id='line_1_75' title="bbox 1035 2903 1923 2965; baseline 0.002 -19"><span class='ocrx_word' id='word_1_393' title='bbox 1035 2903 1160 2947; x_wconf 76' lang='lat' dir='ltr'><strong>Pieh.</strong></span> <span class='ocrx_word' id='word_1_394' title='bbox 1185 2905 1403 2965; x_wconf 78' lang='lat' dir='ltr'><strong>Bernegg.</strong></span> <span class='ocrx_word' id='word_1_395' title='bbox 1429 2921 1526 2963; x_wconf 79' lang='lat' dir='ltr'><strong>sqq.</strong></span> <span class='ocrx_word' id='word_1_396' title='bbox 1556 2931 1601 2941; x_wconf 89' lang='lat'>—</span> <span class='ocrx_word' id='word_1_397' title='bbox 1654 2908 1923 2950; x_wconf 70' lang='lat' dir='ltr'><strong>incendera-</strong></span> 
     </span>
     <span class='ocr_line' id='line_1_76' title="bbox 1035 2962 1925 3009; baseline 0.004 -5"><span class='ocrx_word' id='word_1_398' title='bbox 1035 2971 1114 3004; x_wconf 76' lang='grc' dir='ltr'><strong>ιω·</strong></span> <span class='ocrx_word' id='word_1_399' title='bbox 1136 2963 1269 3006; x_wconf 77' lang='lat' dir='ltr'><strong>MSS.</strong></span> <span class='ocrx_word' id='word_1_400' title='bbox 1294 2963 1418 3007; x_wconf 79' lang='lat' dir='ltr'><strong>Harl.</strong></span> <span class='ocrx_word' id='word_1_401' title='bbox 1447 2962 1574 3008; x_wconf 81' lang='lat' dir='ltr'><strong>Bodl.</strong></span> <span class='ocrx_word' id='word_1_402' title='bbox 1600 2964 1679 3009; x_wconf 81' lang='lat' dir='ltr'><strong>les.</strong></span> <span class='ocrx_word' id='word_1_403' title='bbox 1700 2964 1801 3008; x_wconf 84' lang='lat' dir='ltr'><strong>edd.</strong></span> <span class='ocrx_word' id='word_1_404' title='bbox 1821 2963 1925 3008; x_wconf 80' lang='lat' dir='ltr'><strong>Put.</strong></span> 
     </span>
     <span class='ocr_line' id='line_1_77' title="bbox 1035 3019 1928 3076; baseline 0.003 -15"><span class='ocrx_word' id='word_1_405' title='bbox 1035 3034 1130 3076; x_wconf 74' lang='lat' dir='ltr'><strong>sqq.</strong></span> <span class='ocrx_word' id='word_1_406' title='bbox 1158 3021 1211 3063; x_wconf 87' lang='lat' dir='ltr'><strong>ad</strong></span> <span class='ocrx_word' id='word_1_407' title='bbox 1241 3019 1496 3064; x_wconf 74' lang='lat' dir='ltr'><strong>Pi‹·henan·.</strong></span> <span class='ocrx_word' id='word_1_408' title='bbox 1527 3049 1585 3057; x_wconf 88' lang='lat'><strong>--</strong></span> <span class='ocrx_word' id='word_1_409' title='bbox 1632 3023 1928 3065; x_wconf 74' lang='lat' dir='ltr'><strong>incedet-etur·</strong></span> 
     </span>
     <span class='ocr_line' id='line_1_78' title="bbox 1036 3077 1927 3136; baseline 0.002 -17"><span class='ocrx_word' id='word_1_410' title='bbox 1036 3078 1138 3120; x_wconf 74' lang='lat' dir='ltr'><strong>MS.</strong></span> <span class='ocrx_word' id='word_1_411' title='bbox 1178 3077 1330 3121; x_wconf 87' lang='lat' dir='ltr'><strong>Guelf.</strong></span> <span class='ocrx_word' id='word_1_412' title='bbox 1368 3078 1549 3129; x_wconf 85' lang='lat' dir='ltr'><strong>(omissa</strong></span> <span class='ocrx_word' id='word_1_413' title='bbox 1589 3078 1752 3122; x_wconf 88' lang='lat' dir='ltr'><strong>lineola</strong></span> <span class='ocrx_word' id='word_1_414' title='bbox 1789 3094 1927 3136; x_wconf 82' lang='lat' dir='ltr'><strong>super</strong></span> 
     </span>
     <span class='ocr_line' id='line_1_79' title="bbox 1035 3134 1925 3192; baseline 0.003 -16"><span class='ocrx_word' id='word_1_415' title='bbox 1035 3134 1172 3178; x_wconf 81' lang='lat' dir='ltr'><strong>altera</strong></span> <span class='ocrx_word' id='word_1_416' title='bbox 1195 3134 1395 3192; x_wconf 81' lang='lat' dir='ltr'><strong>syllaba).</strong></span> <span class='ocrx_word' id='word_1_417' title='bbox 1414 3164 1472 3172; x_wconf 91' lang='lat'>-</span> <span class='ocrx_word' id='word_1_418' title='bbox 1505 3140 1804 3179; x_wconf 79' lang='lat' dir='ltr'><strong>accederetur</strong></span> <span class='ocrx_word' id='word_1_419' title='bbox 1825 3135 1925 3179; x_wconf 84' lang='lat' dir='ltr'><strong>MS.</strong></span> 
     </span>
     <span class='ocr_line' id='line_1_80' title="bbox 1036 3192 1921 3247; baseline 0.002 -13"><span class='ocrx_word' id='word_1_420' title='bbox 1036 3192 1154 3235; x_wconf 85' lang='lat' dir='ltr'><strong>Bud.</strong></span> <span class='ocrx_word' id='word_1_421' title='bbox 1214 3192 1274 3234; x_wconf 80' lang='lat' dir='ltr'><strong>cf.</strong></span> <span class='ocrx_word' id='word_1_422' title='bbox 1298 3196 1384 3236; x_wconf 81' lang='lat' dir='ltr'><strong>An.</strong></span> <span class='ocrx_word' id='word_1_423' title='bbox 1415 3195 1450 3245; x_wconf 87' lang='lat' dir='ltr'><strong>l,</strong></span> <span class='ocrx_word' id='word_1_424' title='bbox 1471 3194 1514 3237; x_wconf 82' lang='lat'><strong>4.</strong></span> <span class='ocrx_word' id='word_1_425' title='bbox 1549 3195 1819 3247; x_wconf 74' lang='lat' dir='ltr'><strong>ignominia</strong></span> <span class='ocrx_word' id='word_1_426' title='bbox 1839 3210 1921 3236; x_wconf 76' lang='grc' dir='ltr'><strong>αε-</strong></span> 
     </span>
     <span class='ocr_line' id='line_1_81' title="bbox 1036 3249 1925 3300; baseline 0.001 -9"><span class='ocrx_word' id='word_1_427' title='bbox 1036 3263 1255 3300; x_wconf 84' lang='lat' dir='ltr'><strong>censum;·</strong></span> <span class='ocrx_word' id='word_1_428' title='bbox 1311 3249 1418 3295; x_wconf 80' lang='lat' dir='ltr'><strong>ibid.</strong></span> <span class='ocrx_word' id='word_1_429' title='bbox 1453 3268 1495 3296; x_wconf 88' lang='lat' dir='ltr'><strong>c.</strong></span> <span class='ocrx_word' id='word_1_430' title='bbox 1531 3252 1603 3295; x_wconf 89' lang='lat'><strong>69.</strong></span> <span class='ocrx_word' id='word_1_431' title='bbox 1642 3252 1925 3293; x_wconf 67' lang='lat' dir='ltr'><strong>accendebat</strong></span> 
     </span>
     <span class='ocr_line' id='line_1_82' title="bbox 1035 3307 1919 3361; baseline 0.002 -15"><span class='ocrx_word' id='word_1_432' title='bbox 1035 3309 1163 3347; x_wconf 71' lang='lat' dir='ltr'><strong>lun-c.</strong></span> <span class='ocrx_word' id='word_1_433' title='bbox 1226 3307 1267 3357; x_wconf 74' lang='lat'><strong>2,</strong></span> <span class='ocrx_word' id='word_1_434' title='bbox 1288 3307 1328 3349; x_wconf 74' lang='grc' dir='ltr'><strong>Ξ.</strong></span> <span class='ocrx_word' id='word_1_435' title='bbox 1356 3312 1636 3352; x_wconf 72' lang='lat' dir='ltr'><strong>accendebat</strong></span> <span class='ocrx_word' id='word_1_436' title='bbox 1666 3310 1919 3361; x_wconf 76' lang='lat' dir='ltr'><strong>dedignan-</strong></span> 
     </span>
     <span class='ocr_line' id='line_1_83' title="bbox 1036 3364 1920 3417; baseline 0.002 -14"><span class='ocrx_word' id='word_1_437' title='bbox 1036 3372 1104 3404; x_wconf 77' lang='lat' dir='ltr'><strong>tes</strong></span> <span class='ocrx_word' id='word_1_438' title='bbox 1131 3371 1175 3403; x_wconf 80' lang='lat' dir='ltr'><strong>et</strong></span> <span class='ocrx_word' id='word_1_439' title='bbox 1204 3364 1324 3417; x_wconf 69' lang='lat' dir='ltr'><strong>ipse;</strong></span> <span class='ocrx_word' id='word_1_440' title='bbox 1357 3364 1464 3409; x_wconf 87' lang='lat' dir='ltr'><strong>ibid.</strong></span> <span class='ocrx_word' id='word_1_441' title='bbox 1487 3382 1527 3409; x_wconf 87' lang='lat' dir='ltr'><strong>c.</strong></span> <span class='ocrx_word' id='word_1_442' title='bbox 1556 3366 1619 3408; x_wconf 79' lang='lat'><strong>16.</strong></span> <span class='ocrx_word' id='word_1_443' title='bbox 1652 3364 1729 3407; x_wconf 76' lang='lat' dir='ltr'><strong>Sic</strong></span> <span class='ocrx_word' id='word_1_444' title='bbox 1754 3377 1920 3406; x_wconf 80' lang='lat' dir='ltr'><strong>occen-</strong></span> 
     </span>
     <span class='ocr_line' id='line_1_84' title="bbox 1030 3420 1921 3473; baseline 0.001 -11"><span class='ocrx_word' id='word_1_445' title='bbox 1030 3435 1117 3462; x_wconf 74' lang='lat' dir='ltr'><strong>sos.</strong></span> <span class='ocrx_word' id='word_1_446' title='bbox 1181 3420 1310 3465; x_wconf 82' lang='lat' dir='ltr'><strong>Adde</strong></span> <span class='ocrx_word' id='word_1_447' title='bbox 1331 3422 1457 3473; x_wconf 62' lang='lat'><strong>243.</strong></span> <span class='ocrx_word' id='word_1_448' title='bbox 1482 3425 1549 3466; x_wconf 89' lang='grc'><strong>57.</strong></span> <span class='ocrx_word' id='word_1_449' title='bbox 1583 3423 1682 3471; x_wconf 80' lang='lat'><strong>3‚4.</strong></span> <span class='ocrx_word' id='word_1_450' title='bbox 1713 3422 1754 3472; x_wconf 89' lang='lat'><strong>4,</strong></span> <span class='ocrx_word' id='word_1_451' title='bbox 1768 3421 1836 3463; x_wconf 76' lang='lat'><strong>52.</strong></span> <span class='ocrx_word' id='word_1_452' title='bbox 1851 3422 1921 3464; x_wconf 88' lang='lat'><strong>60.</strong></span> 
     </span>
     <span class='ocr_line' id='line_1_85' title="bbox 1035 3478 1921 3536; baseline 0.001 -18"><span class='ocrx_word' id='word_1_453' title='bbox 1035 3478 1239 3527; x_wconf 66' lang='lat'><strong>14,7.6⁶2.</strong></span> <span class='ocrx_word' id='word_1_454' title='bbox 1271 3482 1334 3531; x_wconf 87' lang='lat'><strong>15,</strong></span> <span class='ocrx_word' id='word_1_455' title='bbox 1347 3483 1389 3523; x_wconf 82' lang='lat'><strong>4.</strong></span> <span class='ocrx_word' id='word_1_456' title='bbox 1439 3480 1528 3522; x_wconf 76' lang='lat' dir='ltr'><strong>Pro</strong></span> <span class='ocrx_word' id='word_1_457' title='bbox 1549 3481 1683 3524; x_wconf 72' lang='lat' dir='ltr'><strong>altera</strong></span> <span class='ocrx_word' id='word_1_458' title='bbox 1700 3478 1921 3536; x_wconf 75' lang='lat' dir='ltr'><strong>scriptura</strong></span> 
     </span>
     <span class='ocr_line' id='line_1_86' title="bbox 1032 3531 1875 3587; baseline 0.011 -9"><span class='ocrx_word' id='word_1_459' title='bbox 1032 3533 1088 3578; x_wconf 73' lang='lat' dir='ltr'><strong>es.</strong></span> <span class='ocrx_word' id='word_1_460' title='bbox 1117 3537 1200 3578; x_wconf 68' lang='lat' dir='ltr'><strong>A...</strong></span> <span class='ocrx_word' id='word_1_461' title='bbox 1231 3540 1267 3587; x_wconf 86' lang='lat'><strong>1,</strong></span> <span class='ocrx_word' id='word_1_462' title='bbox 1289 3537 1360 3582; x_wconf 67' lang='lat'><strong>23.</strong></span> <span class='ocrx_word' id='word_1_463' title='bbox 1383 3546 1426 3581; x_wconf 72' lang='lat' dir='ltr'><strong>et</strong></span> <span class='ocrx_word' id='word_1_464' title='bbox 1446 3537 1515 3581; x_wconf 84' lang='lat'><strong>47.</strong></span> <span class='ocrx_word' id='word_1_465' title='bbox 1553 3539 1618 3587; x_wconf 77' lang='lat'><strong>12,</strong></span> <span class='ocrx_word' id='word_1_466' title='bbox 1642 3535 1712 3578; x_wconf 78' lang='lat'><strong>35.</strong></span> <span class='ocrx_word' id='word_1_467' title='bbox 1743 3531 1784 3586; x_wconf 76' lang='lat'><strong>4,</strong></span> <span class='ocrx_word' id='word_1_468' title='bbox 1807 3535 1875 3578; x_wconf 73' lang='lat'><strong>3⁵-</strong></span> 
     </span>
    </p>
   </div>
  </div>
 </body>
</html>
