<?xml version="1.0" encoding="UTF-8"?>
<!DOCTYPE html PUBLIC "-//W3C//DTD XHTML 1.0 Transitional//EN"
    "http://www.w3.org/TR/xhtml1/DTD/xhtml1-transitional.dtd">
<html xmlns="http://www.w3.org/1999/xhtml" xml:lang="en" lang="en">
 <head>
  <title>
</title>
<meta http-equiv="Content-Type" content="text/html;charset=utf-8" />
  <meta name='ocr-system' content='tesseract 3.04.00' />
  <meta name='ocr-capabilities' content='ocr_page ocr_carea ocr_par ocr_line ocrx_word'/>
</head>
<body>
  <div class='ocr_page' id='page_1' title='image "./operarecensuitet03taciuoft/operarecensuitet03taciuoft_0298.png"; bbox 0 0 2138 4030; ppageno 0'>
   <div class='ocr_carea' id='block_1_1' title="bbox 201 249 327 312">
    <p class='ocr_par' dir='ltr' id='par_1_1' title="bbox 201 249 327 312">
     <span class='ocr_line' id='line_1_1' title="bbox 201 249 327 312; baseline -0.04 0"><span class='ocrx_word' id='word_1_1' title='bbox 201 249 327 312; x_wconf 70' lang='lat' dir='ltr'>28ss</span> 
     </span>
    </p>
   </div>
   <div class='ocr_carea' id='block_1_2' title="bbox 687 199 1501 313">
    <p class='ocr_par' dir='ltr' id='par_1_2' title="bbox 687 199 1501 313">
     <span class='ocr_line' id='line_1_2' title="bbox 687 199 1501 313; baseline -0.002 -17"><span class='ocrx_word' id='word_1_2' title='bbox 687 310 689 313; x_wconf 7' lang='lat' dir='ltr'>v</span> <span class='ocrx_word' id='word_1_3' title='bbox 769 199 1501 298; x_wconf 69' lang='lat' dir='ltr'>fflsrofflARUM‘</span> 
     </span>
    </p>
   </div>
   <div class='ocr_carea' id='block_1_3' title="bbox 1770 231 1959 329">
    <p class='ocr_par' dir='ltr' id='par_1_3' title="bbox 1770 231 1959 329">
     <span class='ocr_line' id='line_1_3' title="bbox 1770 231 1957 269; baseline -0.027 0"><span class='ocrx_word' id='word_1_4' title='bbox 1770 255 1788 269; x_wconf 71' lang='grc' dir='ltr'>,ο</span> <span class='ocrx_word' id='word_1_5' title='bbox 1803 231 1855 266; x_wconf 82' lang='lat' dir='ltr'>U.</span> <span class='ocrx_word' id='word_1_6' title='bbox 1872 231 1957 265; x_wconf 74' lang='lat'>823.</span> 
     </span>
     <span class='ocr_line' id='line_1_4' title="bbox 1777 271 1959 329; baseline -0.011 -11"><span class='ocrx_word' id='word_1_7' title='bbox 1777 273 1873 329; x_wconf 74' lang='lat' dir='ltr'>.c.2.</span> <span class='ocrx_word' id='word_1_8' title='bbox 1899 271 1959 317; x_wconf 70' lang='lat' dir='ltr'>w.</span> 
     </span>
    </p>
   </div>
   <div class='ocr_carea' id='block_1_4' title="bbox 202 362 2122 454">
    <p class='ocr_par' dir='ltr' id='par_1_4' title="bbox 202 362 2122 454">
     <span class='ocr_line' id='line_1_5' title="bbox 202 362 2122 454; baseline -0.007 -20"><span class='ocrx_word' id='word_1_9' title='bbox 202 379 550 454; x_wconf 82' lang='lat' dir='ltr'>Mansuetus</span> <span class='ocrx_word' id='word_1_10' title='bbox 577 392 644 428; x_wconf 85' lang='lat' dir='ltr'>ex</span> <span class='ocrx_word' id='word_1_11' title='bbox 665 367 985 444; x_wconf 74' lang='lat' dir='ltr'>Hispania,</span> <span class='ocrx_word' id='word_1_12' title='bbox 1037 362 1263 439; x_wconf 80' lang='lat' dir='ltr'>Rapaci</span> <span class='ocrx_word' id='word_1_13' title='bbox 1292 362 1511 436; x_wconf 83' lang='lat' dir='ltr'>legioni</span> <span class='ocrx_word' id='word_1_14' title='bbox 1535 363 1799 436; x_wconf 86' lang='lat' dir='ltr'>additus,</span> <span class='ocrx_word' id='word_1_15' title='bbox 1847 365 2044 441; x_wconf 87' lang='lat' dir='ltr'>impu-</span> <span class='ocrx_word' id='word_1_16' title='bbox 2116 432 2122 440; x_wconf 84' lang='lat'>.</span> 
     </span>
    </p>
   </div>
   <div class='ocr_carea' id='block_1_5' title="bbox 201 454 1050 530">
    <p class='ocr_par' dir='ltr' id='par_1_5' title="bbox 201 454 1050 530">
     <span class='ocr_line' id='line_1_6' title="bbox 201 454 1050 530; baseline -0.016 -7"><span class='ocrx_word' id='word_1_17' title='bbox 201 467 341 522; x_wconf 86' lang='lat' dir='ltr'>hem</span> <span class='ocrx_word' id='word_1_18' title='bbox 366 460 554 518; x_wconf 88' lang='lat' dir='ltr'>filium</span> <span class='ocrx_word' id='word_1_19' title='bbox 582 456 744 512; x_wconf 88' lang='lat' dir='ltr'>domi</span> <span class='ocrx_word' id='word_1_20' title='bbox 780 454 1050 530; x_wconf 82' lang='lat' dir='ltr'>liquerat.</span> 
     </span>
    </p>
   </div>
   <div class='ocr_carea' id='block_1_6' title="bbox 1134 448 2047 526">
    <p class='ocr_par' dir='ltr' id='par_1_6' title="bbox 1134 448 2047 526">
     <span class='ocr_line' id='line_1_7' title="bbox 1134 448 2047 526; baseline 0.004 -22"><span class='ocrx_word' id='word_1_21' title='bbox 1134 449 1185 504; x_wconf 91' lang='lat' dir='ltr'>is</span> <span class='ocrx_word' id='word_1_22' title='bbox 1219 469 1356 505; x_wconf 91' lang='lat' dir='ltr'>mox</span> <span class='ocrx_word' id='word_1_23' title='bbox 1389 448 1625 505; x_wconf 84' lang='lat' dir='ltr'>adultus</span> <span class='ocrx_word' id='word_1_24' title='bbox 1660 449 1814 508; x_wconf 88' lang='lat' dir='ltr'>inter</span> <span class='ocrx_word' id='word_1_25' title='bbox 1843 462 2047 526; x_wconf 81' lang='lat' dir='ltr'>septu-</span> 
     </span>
    </p>
   </div>
   <div class='ocr_carea' id='block_1_7' title="bbox 203 533 2044 610">
    <p class='ocr_par' dir='ltr' id='par_1_7' title="bbox 203 533 2044 610">
     <span class='ocr_line' id='line_1_8' title="bbox 203 533 2044 610; baseline -0.009 -3"><span class='ocrx_word' id='word_1_26' title='bbox 203 553 411 607; x_wconf 83' lang='lat' dir='ltr'>manos</span> <span class='ocrx_word' id='word_1_27' title='bbox 437 564 470 600; x_wconf 86' lang='lat' dir='ltr'>a</span> <span class='ocrx_word' id='word_1_28' title='bbox 497 540 689 599; x_wconf 85' lang='lat' dir='ltr'>Galba</span> <span class='ocrx_word' id='word_1_29' title='bbox 716 536 1078 610; x_wconf 87' lang='lat' dir='ltr'>conscriptus</span> <span class='ocrx_word' id='word_1_30' title='bbox 1105 533 1370 590; x_wconf 87' lang='lat' dir='ltr'>oblatum</span> <span class='ocrx_word' id='word_1_31' title='bbox 1401 533 1552 590; x_wconf 83' lang='lat' dir='ltr'>forte</span> <span class='ocrx_word' id='word_1_32' title='bbox 1581 545 1808 608; x_wconf 86' lang='lat' dir='ltr'>patrem</span> <span class='ocrx_word' id='word_1_33' title='bbox 1832 546 1890 592; x_wconf 85' lang='lat' dir='ltr'>et</span> <span class='ocrx_word' id='word_1_34' title='bbox 1910 535 2044 591; x_wconf 83' lang='lat' dir='ltr'>vul-</span> 
     </span>
    </p>
   </div>
   <div class='ocr_carea' id='block_1_8' title="bbox 205 639 685 695">
    <p class='ocr_par' dir='ltr' id='par_1_8' title="bbox 205 639 685 695">
     <span class='ocr_line' id='line_1_9' title="bbox 205 639 685 695; baseline -0.021 -3"><span class='ocrx_word' id='word_1_35' title='bbox 205 653 350 692; x_wconf 83' lang='lat' dir='ltr'><strong>nere</strong></span> <span class='ocrx_word' id='word_1_36' title='bbox 409 639 655 688; x_wconf 86' lang='lat' dir='ltr'>stratum</span> <span class='ocrx_word' id='word_1_37' title='bbox 667 670 685 695; x_wconf 85' lang='lat'>‚</span> 
     </span>
    </p>
   </div>
   <div class='ocr_carea' id='block_1_9' title="bbox 769 618 2050 693">
    <p class='ocr_par' dir='ltr' id='par_1_9' title="bbox 769 618 2050 693">
     <span class='ocr_line' id='line_1_10' title="bbox 769 618 2050 693; baseline -0.003 -14"><span class='ocrx_word' id='word_1_38' title='bbox 769 624 912 679; x_wconf 86' lang='lat' dir='ltr'>dum</span> <span class='ocrx_word' id='word_1_39' title='bbox 965 618 1376 675; x_wconf 81' lang='lat' dir='ltr'>semianimem</span> <span class='ocrx_word' id='word_1_40' title='bbox 1417 630 1735 688; x_wconf 84' lang='lat' dir='ltr'>scrutatur,</span> <span class='ocrx_word' id='word_1_41' title='bbox 1817 619 2050 693; x_wconf 87' lang='lat' dir='ltr'>agnitus</span> 
     </span>
    </p>
   </div>
   <div class='ocr_carea' id='block_1_10' title="bbox 188 700 2053 1386">
    <p class='ocr_par' dir='ltr' id='par_1_10' title="bbox 188 700 2053 1386">
     <span class='ocr_line' id='line_1_11' title="bbox 204 700 2050 795; baseline -0.009 -19"><span class='ocrx_word' id='word_1_42' title='bbox 204 731 638 795; x_wconf 77' lang='lat' dir='ltr'>agnoscensque</span> <span class='ocrx_word' id='word_1_43' title='bbox 665 720 721 766; x_wconf 90' lang='lat' dir='ltr'>et</span> <span class='ocrx_word' id='word_1_44' title='bbox 746 724 1092 777; x_wconf 83' lang='lat' dir='ltr'>exsanguem</span> <span class='ocrx_word' id='word_1_45' title='bbox 1117 700 1415 778; x_wconf 66' lang='lat' dir='ltr'>amplexus</span> <span class='ocrx_word' id='word_1_46' title='bbox 1447 724 1589 759; x_wconf 83' lang='lat' dir='ltr'>voce</span> <span class='ocrx_word' id='word_1_47' title='bbox 1623 703 1811 760; x_wconf 86' lang='lat' dir='ltr'>flebili</span> <span class='ocrx_word' id='word_1_48' title='bbox 1845 723 2050 779; x_wconf 89' lang='lat' dir='ltr'>preca-</span> 
     </span>
     <span class='ocr_line' id='line_1_12' title="bbox 203 788 2050 876; baseline -0.01 -13"><span class='ocrx_word' id='word_1_49' title='bbox 203 808 379 864; x_wconf 82' lang='lat' dir='ltr'>batur</span> <span class='ocrx_word' id='word_1_50' title='bbox 407 800 667 876; x_wconf 86' lang='lat' dir='ltr'>placatos</span> <span class='ocrx_word' id='word_1_51' title='bbox 702 788 884 868; x_wconf 70' lang='lat' dir='ltr'>patris</span> <span class='ocrx_word' id='word_1_52' title='bbox 918 807 1117 853; x_wconf 79' lang='lat' dir='ltr'>manes</span> <span class='ocrx_word' id='word_1_53' title='bbox 1148 807 1294 843; x_wconf 87' lang='lat' dir='ltr'>neve</span> <span class='ocrx_word' id='word_1_54' title='bbox 1320 808 1380 844; x_wconf 94' lang='lat' dir='ltr'>se</span> <span class='ocrx_word' id='word_1_55' title='bbox 1407 799 1474 845; x_wconf 89' lang='lat' dir='ltr'>ut</span> <span class='ocrx_word' id='word_1_56' title='bbox 1499 788 1853 863; x_wconf 86' lang='lat' dir='ltr'>parricidam</span> <span class='ocrx_word' id='word_1_57' title='bbox 1882 808 2050 845; x_wconf 87' lang='lat' dir='ltr'>aver-</span> 
     </span>
     <span class='ocr_line' id='line_1_13' title="bbox 188 870 2046 958; baseline -0.011 -10"><span class='ocrx_word' id='word_1_58' title='bbox 188 870 501 955; x_wconf 80' lang='lat' dir='ltr'>sarentur:</span> <span class='ocrx_word' id='word_1_59' title='bbox 545 880 850 958; x_wconf 84' lang='lat' dir='ltr'>publicum</span> <span class='ocrx_word' id='word_1_60' title='bbox 878 875 939 930; x_wconf 87' lang='lat' dir='ltr'>id</span> <span class='ocrx_word' id='word_1_61' title='bbox 962 873 1216 942; x_wconf 66' lang='lat' dir='ltr'>facium,</span> <span class='ocrx_word' id='word_1_62' title='bbox 1248 883 1302 928; x_wconf 91' lang='lat' dir='ltr'>et</span> <span class='ocrx_word' id='word_1_63' title='bbox 1322 893 1510 929; x_wconf 85' lang='lat' dir='ltr'>unum</span> <span class='ocrx_word' id='word_1_64' title='bbox 1530 873 1786 929; x_wconf 87' lang='lat' dir='ltr'>militem</span> <span class='ocrx_word' id='word_1_65' title='bbox 1806 885 2046 950; x_wconf 86' lang='lat' dir='ltr'>quotam</span> 
     </span>
     <span class='ocr_line' id='line_1_14' title="bbox 191 957 2052 1036; baseline -0.01 -3"><span class='ocrx_word' id='word_1_66' title='bbox 191 972 472 1033; x_wconf 34' lang='lat' dir='ltr'>‘civilium</span> <span class='ocrx_word' id='word_1_67' title='bbox 496 983 795 1024; x_wconf 85' lang='lat' dir='ltr'>armorum</span> <span class='ocrx_word' id='word_1_68' title='bbox 823 958 1089 1036; x_wconf 79' lang='lat' dir='ltr'>partem?</span> <span class='ocrx_word' id='word_1_69' title='bbox 1137 957 1312 1014; x_wconf 85' lang='lat' dir='ltr'>simul</span> <span class='ocrx_word' id='word_1_70' title='bbox 1337 958 1600 1014; x_wconf 82' lang='lat' dir='ltr'>attollere</span> <span class='ocrx_word' id='word_1_71' title='bbox 1627 965 1837 1034; x_wconf 86' lang='lat' dir='ltr'>corpus</span> <span class='ocrx_word' id='word_1_72' title='bbox 1854 1004 1872 1028; x_wconf 89' lang='lat'>‚</span> <span class='ocrx_word' id='word_1_73' title='bbox 1912 979 2052 1034; x_wconf 87' lang='lat' dir='ltr'>ape-</span> 
     </span>
     <span class='ocr_line' id='line_1_15' title="bbox 190 1039 2051 1122; baseline -0.011 -4"><span class='ocrx_word' id='word_1_74' title='bbox 190 1047 323 1119; x_wconf 78' lang='lat' dir='ltr'>rire</span> <span class='ocrx_word' id='word_1_75' title='bbox 343 1039 626 1119; x_wconf 80' lang='lat' dir='ltr'>humum,</span> <span class='ocrx_word' id='word_1_76' title='bbox 669 1066 941 1122; x_wconf 86' lang='lat' dir='ltr'>supremo</span> <span class='ocrx_word' id='word_1_77' title='bbox 967 1061 1097 1117; x_wconf 82' lang='lat' dir='ltr'>erga</span> <span class='ocrx_word' id='word_1_78' title='bbox 1122 1053 1424 1118; x_wconf 87' lang='lat' dir='ltr'>parentem</span> <span class='ocrx_word' id='word_1_79' title='bbox 1448 1042 1639 1117; x_wconf 84' lang='lat' dir='ltr'>officio</span> <span class='ocrx_word' id='word_1_80' title='bbox 1665 1043 1851 1117; x_wconf 85' lang='lat' dir='ltr'>fungi.</span> <span class='ocrx_word' id='word_1_81' title='bbox 1920 1039 2051 1099; x_wconf 91' lang='lat' dir='ltr'>Ad-</span> 
     </span>
     <span class='ocr_line' id='line_1_16' title="bbox 207 1122 2052 1214; baseline -0.011 -10"><span class='ocrx_word' id='word_1_82' title='bbox 207 1143 440 1203; x_wconf 80' lang='lat' dir='ltr'>vertere</span> <span class='ocrx_word' id='word_1_83' title='bbox 461 1134 745 1214; x_wconf 80' lang='lat' dir='ltr'>proximi,</span> <span class='ocrx_word' id='word_1_84' title='bbox 791 1122 1010 1188; x_wconf 40' lang='lat' dir='ltr'>&#39;deinde</span> <span class='ocrx_word' id='word_1_85' title='bbox 1038 1129 1262 1203; x_wconf 85' lang='lat' dir='ltr'>plures:</span> <span class='ocrx_word' id='word_1_86' title='bbox 1311 1123 1451 1184; x_wconf 86' lang='lat' dir='ltr'>hinc.</span> <span class='ocrx_word' id='word_1_87' title='bbox 1475 1148 1580 1202; x_wconf 89' lang='lat' dir='ltr'>per</span> <span class='ocrx_word' id='word_1_88' title='bbox 1604 1124 2052 1185; x_wconf 70' lang='lat' dir='ltr'>omnem&#39;aciem</span> 
     </span>
     <span class='ocr_line' id='line_1_17' title="bbox 192 1212 2053 1296; baseline -0.01 -8"><span class='ocrx_word' id='word_1_89' title='bbox 192 1226 559 1287; x_wconf 67' lang='lat' dir='ltr'>‘miraculum</span> <span class='ocrx_word' id='word_1_90' title='bbox 588 1231 644 1276; x_wconf 89' lang='lat' dir='ltr'>et</span> <span class='ocrx_word' id='word_1_91' title='bbox 668 1228 905 1296; x_wconf 85' lang='lat' dir='ltr'>questus</span> <span class='ocrx_word' id='word_1_92' title='bbox 934 1226 991 1271; x_wconf 85' lang='lat' dir='ltr'>et</span> <span class='ocrx_word' id='word_1_93' title='bbox 1015 1212 1339 1269; x_wconf 80' lang='lat' dir='ltr'>saevissimi</span> <span class='ocrx_word' id='word_1_94' title='bbox 1365 1213 1509 1268; x_wconf 83' lang='lat' dir='ltr'>belli</span> <span class='ocrx_word' id='word_1_95' title='bbox 1535 1213 1867 1269; x_wconf 84' lang='lat' dir='ltr'>exsecratio.</span> <span class='ocrx_word' id='word_1_96' title='bbox 1942 1233 2053 1270; x_wconf 88' lang='lat' dir='ltr'>nec</span> 
     </span>
     <span class='ocr_line' id='line_1_18' title="bbox 191 1293 2053 1386; baseline -0.01 -12"><span class='ocrx_word' id='word_1_97' title='bbox 191 1293 280 1373; x_wconf 72' lang='lat' dir='ltr'>eo</span> <span class='ocrx_word' id='word_1_98' title='bbox 306 1310 540 1386; x_wconf 87' lang='lat' dir='ltr'>segnius</span> <span class='ocrx_word' id='word_1_99' title='bbox 577 1304 972 1381; x_wconf 61' lang='lat' dir='ltr'>propinqum,</span> <span class='ocrx_word' id='word_1_100' title='bbox 1028 1298 1268 1367; x_wconf 81' lang='lat' dir='ltr'>adfinis,</span> <span class='ocrx_word' id='word_1_101' title='bbox 1321 1297 1529 1355; x_wconf 83' lang='lat' dir='ltr'>fratres</span> <span class='ocrx_word' id='word_1_102' title='bbox 1561 1297 1880 1354; x_wconf 87' lang='lat' dir='ltr'>trucidatos</span> <span class='ocrx_word' id='word_1_103' title='bbox 1918 1318 2053 1373; x_wconf 92' lang='lat' dir='ltr'>spo-</span> 
     </span>
    </p>
   </div>
   <div class='ocr_carea' id='block_1_11' title="bbox 194 1541 1099 2006">
    <p class='ocr_par' dir='ltr' id='par_1_11' title="bbox 194 1541 1099 2006">
     <span class='ocr_line' id='line_1_19' title="bbox 196 1541 1094 1610; baseline -0.02 -9"><span class='ocrx_word' id='word_1_104' title='bbox 196 1557 202 1571; x_wconf 78' lang='grc'>”’</span> <span class='ocrx_word' id='word_1_105' title='bbox 266 1555 500 1610; x_wconf 77' lang='lat' dir='ltr'>impubem</span> <span class='ocrx_word' id='word_1_106' title='bbox 512 1549 687 1607; x_wconf 80' lang='lat' dir='ltr'>filium.</span> <span class='ocrx_word' id='word_1_107' title='bbox 731 1541 1094 1607; x_wconf 58' lang='lat' dir='ltr'>SicMSSAElor3</span> 
     </span>
     <span class='ocr_line' id='line_1_20' title="bbox 209 1599 1096 1674; baseline -0.019 -14"><span class='ocrx_word' id='word_1_108' title='bbox 209 1621 330 1674; x_wconf 77' lang='lat' dir='ltr'>(test.</span> <span class='ocrx_word' id='word_1_109' title='bbox 346 1611 470 1661; x_wconf 53' lang='lat' dir='ltr'>xVict.</span> <span class='ocrx_word' id='word_1_110' title='bbox 499 1621 603 1650; x_wconf 86' lang='lat' dir='ltr'>eum</span> <span class='ocrx_word' id='word_1_111' title='bbox 631 1606 721 1648; x_wconf 84' lang='lat' dir='ltr'>Ia&#39;c.</span> <span class='ocrx_word' id='word_1_112' title='bbox 743 1602 912 1655; x_wconf 87' lang='lat' dir='ltr'>Gron.)</span> <span class='ocrx_word' id='word_1_113' title='bbox 945 1599 1096 1643; x_wconf 80' lang='lat' dir='ltr'>Guell.</span> 
     </span>
     <span class='ocr_line' id='line_1_21' title="bbox 207 1657 1094 1719; baseline -0.024 0"><span class='ocrx_word' id='word_1_114' title='bbox 207 1670 335 1719; x_wconf 83' lang='lat' dir='ltr'>Harl.</span> <span class='ocrx_word' id='word_1_115' title='bbox 370 1666 501 1712; x_wconf 91' lang='lat' dir='ltr'>Bodl.</span> <span class='ocrx_word' id='word_1_116' title='bbox 535 1664 617 1715; x_wconf 63' lang='lat' dir='ltr'>les.</span> <span class='ocrx_word' id='word_1_117' title='bbox 653 1661 791 1706; x_wconf 80' lang='lat' dir='ltr'>Corb.</span> <span class='ocrx_word' id='word_1_118' title='bbox 835 1659 950 1702; x_wconf 81' lang='lat' dir='ltr'>Bud.</span> <span class='ocrx_word' id='word_1_119' title='bbox 993 1657 1094 1700; x_wconf 85' lang='lat' dir='ltr'>edd.</span> 
     </span>
     <span class='ocr_line' id='line_1_22' title="bbox 194 1717 1098 1778; baseline -0.023 -2"><span class='ocrx_word' id='word_1_120' title='bbox 194 1722 299 1775; x_wconf 47' lang='lat' dir='ltr'>flac.</span> <span class='ocrx_word' id='word_1_121' title='bbox 338 1725 485 1770; x_wconf 88' lang='lat' dir='ltr'>Gron.</span> <span class='ocrx_word' id='word_1_122' title='bbox 529 1735 628 1778; x_wconf 86' lang='lat' dir='ltr'>sqq.</span> <span class='ocrx_word' id='word_1_123' title='bbox 688 1741 742 1751; x_wconf 91' lang='lat'><em>-</em></span> <span class='ocrx_word' id='word_1_124' title='bbox 811 1717 1098 1769; x_wconf 82' lang='lat' dir='ltr'>impuberem</span> 
     </span>
     <span class='ocr_line' id='line_1_23' title="bbox 207 1774 1099 1838; baseline -0.02 -5"><span class='ocrx_word' id='word_1_125' title='bbox 207 1787 341 1833; x_wconf 87' lang='lat' dir='ltr'><strong>MSS.</strong></span> <span class='ocrx_word' id='word_1_126' title='bbox 362 1783 472 1838; x_wconf 73' lang='lat' dir='ltr'>Reg.</span> <span class='ocrx_word' id='word_1_127' title='bbox 489 1780 598 1837; x_wconf 81' lang='lat' dir='ltr'>Agr.</span> <span class='ocrx_word' id='word_1_128' title='bbox 623 1774 850 1833; x_wconf 86' lang='lat' dir='ltr'>edd.Spir.</span> <span class='ocrx_word' id='word_1_129' title='bbox 873 1774 976 1816; x_wconf 81' lang='lat' dir='ltr'>Put.</span> <span class='ocrx_word' id='word_1_130' title='bbox 999 1788 1099 1830; x_wconf 83' lang='lat' dir='ltr'>sqq.</span> 
     </span>
     <span class='ocr_line' id='line_1_24' title="bbox 209 1830 1099 1890; baseline -0.021 0"><span class='ocrx_word' id='word_1_131' title='bbox 209 1847 264 1890; x_wconf 80' lang='lat' dir='ltr'>ad</span> <span class='ocrx_word' id='word_1_132' title='bbox 292 1844 379 1886; x_wconf 80' lang='lat' dir='ltr'>lae.</span> <span class='ocrx_word' id='word_1_133' title='bbox 403 1838 549 1883; x_wconf 87' lang='lat' dir='ltr'>Gron.</span> <span class='ocrx_word' id='word_1_134' title='bbox 582 1835 640 1878; x_wconf 86' lang='lat' dir='ltr'>ef.</span> <span class='ocrx_word' id='word_1_135' title='bbox 663 1834 776 1876; x_wconf 84' lang='lat' dir='ltr'>Ilist.</span> <span class='ocrx_word' id='word_1_136' title='bbox 802 1831 844 1881; x_wconf 79' lang='grc'>4,</span> <span class='ocrx_word' id='word_1_137' title='bbox 869 1831 937 1875; x_wconf 83' lang='lat'>14.</span> <span class='ocrx_word' id='word_1_138' title='bbox 985 1830 1099 1873; x_wconf 83' lang='lat' dir='ltr'>Sue-</span> 
     </span>
     <span class='ocr_line' id='line_1_25' title="bbox 208 1886 1099 1948; baseline -0.02 0"><span class='ocrx_word' id='word_1_139' title='bbox 208 1914 304 1948; x_wconf 82' lang='lat' dir='ltr'>ton.</span> <span class='ocrx_word' id='word_1_140' title='bbox 339 1896 494 1942; x_wconf 85' lang='lat' dir='ltr'>Claud.</span> <span class='ocrx_word' id='word_1_141' title='bbox 540 1910 582 1937; x_wconf 84' lang='lat' dir='ltr'>c.</span> <span class='ocrx_word' id='word_1_142' title='bbox 612 1891 683 1936; x_wconf 78' lang='lat'>43.</span> <span class='ocrx_word' id='word_1_143' title='bbox 754 1886 1099 1932; x_wconf 83' lang='lat' dir='ltr'>Drakenborch.</span> 
     </span>
     <span class='ocr_line' id='line_1_26' title="bbox 210 1945 1098 2006; baseline -0.023 0"><span class='ocrx_word' id='word_1_144' title='bbox 210 1960 265 2006; x_wconf 88' lang='lat' dir='ltr'>ad</span> <span class='ocrx_word' id='word_1_145' title='bbox 296 1958 393 2004; x_wconf 88' lang='lat' dir='ltr'>Liv.</span> <span class='ocrx_word' id='word_1_146' title='bbox 426 1956 469 2005; x_wconf 77' lang='lat'>2,</span> <span class='ocrx_word' id='word_1_147' title='bbox 501 1952 571 1995; x_wconf 79' lang='lat'>13.</span> <span class='ocrx_word' id='word_1_148' title='bbox 613 1974 670 1984; x_wconf 90' lang='lat'>-</span> <span class='ocrx_word' id='word_1_149' title='bbox 729 1948 838 1991; x_wconf 89' lang='lat' dir='ltr'>Mox</span> <span class='ocrx_word' id='word_1_150' title='bbox 874 1946 947 1990; x_wconf 87' lang='lat' dir='ltr'>ed.</span> <span class='ocrx_word' id='word_1_151' title='bbox 980 1945 1098 2003; x_wconf 87' lang='lat' dir='ltr'>Spir.</span> 
     </span>
    </p>
   </div>
   <div class='ocr_carea' id='block_1_12' title="bbox 198 2011 581 2078">
    <p class='ocr_par' dir='ltr' id='par_1_12' title="bbox 198 2011 581 2078">
     <span class='ocr_line' id='line_1_27' title="bbox 198 2011 581 2078; baseline -0.026 -17"><span class='ocrx_word' id='word_1_152' title='bbox 198 2020 311 2078; x_wconf 85' lang='lat' dir='ltr'>fore</span> <span class='ocrx_word' id='word_1_153' title='bbox 331 2029 416 2073; x_wconf 91' lang='lat' dir='ltr'>pro</span> <span class='ocrx_word' id='word_1_154' title='bbox 427 2011 581 2068; x_wconf 78' lang='lat' dir='ltr'>forte.</span> 
     </span>
    </p>
   </div>
   <div class='ocr_carea' id='block_1_13' title="bbox 195 2086 1101 2206">
    <p class='ocr_par' dir='ltr' id='par_1_13' title="bbox 195 2086 1101 2206">
     <span class='ocr_line' id='line_1_28' title="bbox 242 2086 1101 2151; baseline -0.02 -6"><span class='ocrx_word' id='word_1_155' title='bbox 242 2109 573 2151; x_wconf 76' lang='lat' dir='ltr'>exsanguem.</span> <span class='ocrx_word' id='word_1_156' title='bbox 630 2090 707 2135; x_wconf 82' lang='lat' dir='ltr'>Sic</span> <span class='ocrx_word' id='word_1_157' title='bbox 743 2088 843 2133; x_wconf 81' lang='lat' dir='ltr'>edd.</span> <span class='ocrx_word' id='word_1_158' title='bbox 879 2086 1025 2146; x_wconf 74' lang='lat' dir='ltr'>Ryclx.</span> <span class='ocrx_word' id='word_1_159' title='bbox 1058 2095 1101 2129; x_wconf 87' lang='lat' dir='ltr'>et</span> 
     </span>
     <span class='ocr_line' id='line_1_29' title="bbox 195 2143 1097 2206; baseline -0.008 -15"><span class='ocrx_word' id='word_1_160' title='bbox 195 2158 351 2205; x_wconf 67' lang='lat' dir='ltr'>vBekk,</span> <span class='ocrx_word' id='word_1_161' title='bbox 401 2182 460 2191; x_wconf 83' lang='grc'>..-</span> <span class='ocrx_word' id='word_1_162' title='bbox 527 2148 678 2206; x_wconf 83' lang='lat' dir='ltr'>Vulgo</span> <span class='ocrx_word' id='word_1_163' title='bbox 711 2161 995 2200; x_wconf 77' lang='lat' dir='ltr'>exanguem.</span> <span class='ocrx_word' id='word_1_164' title='bbox 1038 2143 1097 2187; x_wconf 86' lang='lat' dir='ltr'>cf.</span> 
     </span>
    </p>
   </div>
   <div class='ocr_carea' id='block_1_14' title="bbox 212 2205 1101 2358">
    <p class='ocr_par' dir='ltr' id='par_1_14' title="bbox 212 2205 1101 2358">
     <span class='ocr_line' id='line_1_30' title="bbox 212 2205 794 2263; baseline -0.027 0"><span class='ocrx_word' id='word_1_165' title='bbox 212 2225 312 2263; x_wconf 80' lang='lat' dir='ltr'>not.</span> <span class='ocrx_word' id='word_1_166' title='bbox 335 2212 391 2257; x_wconf 82' lang='lat' dir='ltr'>ad</span> <span class='ocrx_word' id='word_1_167' title='bbox 417 2209 633 2255; x_wconf 85' lang='lat' dir='ltr'>German.</span> <span class='ocrx_word' id='word_1_168' title='bbox 659 2221 698 2249; x_wconf 87' lang='lat' dir='ltr'>e.</span> <span class='ocrx_word' id='word_1_169' title='bbox 722 2205 794 2249; x_wconf 80' lang='lat'>31.</span> 
     </span>
     <span class='ocr_line' id='line_1_31' title="bbox 262 2286 1101 2358; baseline -0.021 -15"><span class='ocrx_word' id='word_1_170' title='bbox 262 2297 552 2358; x_wconf 72' lang='lat' dir='ltr'>precabatur</span> <span class='ocrx_word' id='word_1_171' title='bbox 575 2293 790 2347; x_wconf 82' lang='lat' dir='ltr'>placatos</span> <span class='ocrx_word' id='word_1_172' title='bbox 812 2286 966 2344; x_wconf 76' lang='lat' dir='ltr'>patris</span> <span class='ocrx_word' id='word_1_173' title='bbox 991 2301 1101 2328; x_wconf 82' lang='lat' dir='ltr'>ma-</span> 
     </span>
    </p>
   </div>
   <div class='ocr_carea' id='block_1_15' title="bbox 203 2344 1106 3621">
    <p class='ocr_par' dir='ltr' id='par_1_15' title="bbox 203 2344 1106 3621">
     <span class='ocr_line' id='line_1_32' title="bbox 210 2344 1102 2408; baseline -0.025 -4"><span class='ocrx_word' id='word_1_174' title='bbox 210 2374 312 2405; x_wconf 81' lang='lat' dir='ltr'>nes.</span> <span class='ocrx_word' id='word_1_175' title='bbox 374 2353 478 2397; x_wconf 90' lang='lat' dir='ltr'>MS.</span> <span class='ocrx_word' id='word_1_176' title='bbox 509 2349 637 2393; x_wconf 88' lang='lat' dir='ltr'>Flor.</span> <span class='ocrx_word' id='word_1_177' title='bbox 675 2347 788 2402; x_wconf 89' lang='lat' dir='ltr'>(test.</span> <span class='ocrx_word' id='word_1_178' title='bbox 820 2344 964 2396; x_wconf 88' lang='lat' dir='ltr'>Pich.)</span> <span class='ocrx_word' id='word_1_179' title='bbox 991 2356 1102 2408; x_wconf 66' lang='lat' dir='ltr'>pre-</span> 
     </span>
     <span class='ocr_line' id='line_1_33' title="bbox 210 2401 1101 2466; baseline -0.025 -4"><span class='ocrx_word' id='word_1_180' title='bbox 210 2418 408 2462; x_wconf 82' lang='lat' dir='ltr'>cabatur</span> <span class='ocrx_word' id='word_1_181' title='bbox 427 2412 585 2466; x_wconf 82' lang='lat' dir='ltr'>platos</span> <span class='ocrx_word' id='word_1_182' title='bbox 602 2422 653 2462; x_wconf 84' lang='lat' dir='ltr'>p.</span> <span class='ocrx_word' id='word_1_183' title='bbox 678 2420 745 2448; x_wconf 87' lang='lat' dir='ltr'>m.</span> <span class='ocrx_word' id='word_1_184' title='bbox 761 2435 772 2454; x_wconf 92' lang='lat'>,</span> <span class='ocrx_word' id='word_1_185' title='bbox 810 2418 941 2459; x_wconf 85' lang='lat' dir='ltr'>supra</span> <span class='ocrx_word' id='word_1_186' title='bbox 973 2401 1101 2444; x_wconf 83' lang='lat' dir='ltr'>add1-</span> 
     </span>
     <span class='ocr_line' id='line_1_34' title="bbox 211 2461 1100 2520; baseline -0.021 -1"><span class='ocrx_word' id='word_1_187' title='bbox 211 2477 266 2520; x_wconf 85' lang='lat' dir='ltr'>tis</span> <span class='ocrx_word' id='word_1_188' title='bbox 308 2469 466 2515; x_wconf 81' lang='lat' dir='ltr'>litteris</span> <span class='ocrx_word' id='word_1_189' title='bbox 505 2478 582 2515; x_wconf 82' lang='lat' dir='ltr'>ca,</span> <span class='ocrx_word' id='word_1_190' title='bbox 637 2469 686 2504; x_wconf 87' lang='lat' dir='ltr'>ut</span> <span class='ocrx_word' id='word_1_191' title='bbox 717 2461 842 2504; x_wconf 86' lang='lat' dir='ltr'>fieret</span> <span class='ocrx_word' id='word_1_192' title='bbox 868 2461 1100 2514; x_wconf 77' lang='lat' dir='ltr'>placatos.</span> 
     </span>
     <span class='ocr_line' id='line_1_35' title="bbox 209 2515 1098 2581; baseline -0.025 -4"><span class='ocrx_word' id='word_1_193' title='bbox 209 2530 405 2578; x_wconf 85' lang='lat' dir='ltr'>Pichena</span> <span class='ocrx_word' id='word_1_194' title='bbox 424 2541 515 2568; x_wconf 90' lang='lat' dir='ltr'>non</span> <span class='ocrx_word' id='word_1_195' title='bbox 541 2518 763 2581; x_wconf 80' lang='lat' dir='ltr'>prodidit,</span> <span class='ocrx_word' id='word_1_196' title='bbox 801 2528 951 2560; x_wconf 77' lang='lat' dir='ltr'>ulrum</span> <span class='ocrx_word' id='word_1_197' title='bbox 979 2515 1098 2581; x_wconf 72' lang='lat' dir='ltr'>litte-</span> 
     </span>
     <span class='ocr_line' id='line_1_36' title="bbox 211 2577 1101 2635; baseline -0.024 -2"><span class='ocrx_word' id='word_1_198' title='bbox 211 2607 287 2635; x_wconf 87' lang='lat' dir='ltr'>rae</span> <span class='ocrx_word' id='word_1_199' title='bbox 316 2603 370 2631; x_wconf 84' lang='lat' dir='ltr'>ca</span> <span class='ocrx_word' id='word_1_200' title='bbox 395 2583 483 2628; x_wconf 83' lang='lat' dir='ltr'>sint</span> <span class='ocrx_word' id='word_1_201' title='bbox 506 2597 529 2623; x_wconf 87' lang='lat' dir='ltr'>a</span> <span class='ocrx_word' id='word_1_202' title='bbox 551 2577 803 2622; x_wconf 81' lang='lat' dir='ltr'>recentiore</span> <span class='ocrx_word' id='word_1_203' title='bbox 826 2591 882 2618; x_wconf 88' lang='lat' dir='ltr'>an</span> <span class='ocrx_word' id='word_1_204' title='bbox 906 2590 930 2615; x_wconf 87' lang='lat' dir='ltr'>a</span> <span class='ocrx_word' id='word_1_205' title='bbox 956 2586 1101 2631; x_wconf 81' lang='lat' dir='ltr'>pruna</span> 
     </span>
     <span class='ocr_line' id='line_1_37' title="bbox 203 2629 1105 2692; baseline -0.027 0"><span class='ocrx_word' id='word_1_206' title='bbox 203 2637 364 2692; x_wconf 68' lang='lat' dir='ltr'>manu.</span> <span class='ocrx_word' id='word_1_207' title='bbox 425 2637 652 2682; x_wconf 84' lang='lat' dir='ltr'>Victorius</span> <span class='ocrx_word' id='word_1_208' title='bbox 675 2635 894 2676; x_wconf 83' lang='lat' dir='ltr'>intactum</span> <span class='ocrx_word' id='word_1_209' title='bbox 924 2629 1105 2686; x_wconf 85' lang='lat' dir='ltr'>reliquit</span> 
     </span>
     <span class='ocr_line' id='line_1_38' title="bbox 205 2684 1101 2762; baseline -0.023 -14"><span class='ocrx_word' id='word_1_210' title='bbox 205 2709 446 2762; x_wconf 80' lang='lat' dir='ltr'>placatos,</span> <span class='ocrx_word' id='word_1_211' title='bbox 480 2693 603 2755; x_wconf 88' lang='lat' dir='ltr'>quod</span> <span class='ocrx_word' id='word_1_212' title='bbox 631 2701 696 2734; x_wconf 85' lang='lat' dir='ltr'>est</span> <span class='ocrx_word' id='word_1_213' title='bbox 720 2692 767 2733; x_wconf 89' lang='lat' dir='ltr'>in</span> <span class='ocrx_word' id='word_1_214' title='bbox 791 2689 926 2732; x_wconf 89' lang='lat' dir='ltr'>MSS.</span> <span class='ocrx_word' id='word_1_215' title='bbox 949 2684 1101 2730; x_wconf 87' lang='lat' dir='ltr'>Guelf.</span> 
     </span>
     <span class='ocr_line' id='line_1_39' title="bbox 211 2746 1103 2812; baseline -0.025 -6"><span class='ocrx_word' id='word_1_216' title='bbox 211 2754 480 2806; x_wconf 86' lang='lat' dir='ltr'>Harl.Bodl.</span> <span class='ocrx_word' id='word_1_217' title='bbox 508 2754 586 2796; x_wconf 87' lang='lat' dir='ltr'>les.</span> <span class='ocrx_word' id='word_1_218' title='bbox 609 2749 726 2793; x_wconf 84' lang='lat' dir='ltr'>Bud.</span> <span class='ocrx_word' id='word_1_219' title='bbox 751 2747 852 2791; x_wconf 87' lang='lat' dir='ltr'>edd.</span> <span class='ocrx_word' id='word_1_220' title='bbox 877 2746 981 2788; x_wconf 87' lang='lat' dir='ltr'>Put.</span> <span class='ocrx_word' id='word_1_221' title='bbox 1003 2759 1103 2812; x_wconf 77' lang='lat' dir='ltr'>sqq.</span> 
     </span>
     <span class='ocr_line' id='line_1_40' title="bbox 213 2805 1103 2877; baseline -0.026 -14"><span class='ocrx_word' id='word_1_222' title='bbox 213 2832 354 2877; x_wconf 88' lang='lat' dir='ltr'>usque</span> <span class='ocrx_word' id='word_1_223' title='bbox 377 2814 428 2859; x_wconf 88' lang='lat' dir='ltr'>ad</span> <span class='ocrx_word' id='word_1_224' title='bbox 451 2810 650 2869; x_wconf 85' lang='lat' dir='ltr'>Lipsium</span> <span class='ocrx_word' id='word_1_225' title='bbox 667 2840 678 2858; x_wconf 94' lang='lat'>‚</span> <span class='ocrx_word' id='word_1_226' title='bbox 710 2805 784 2863; x_wconf 88' lang='lat' dir='ltr'>qui</span> <span class='ocrx_word' id='word_1_227' title='bbox 809 2810 984 2859; x_wconf 74' lang='lat' dir='ltr'>scripsit</span> <span class='ocrx_word' id='word_1_228' title='bbox 1003 2817 1103 2865; x_wconf 72' lang='lat' dir='ltr'>pea-</span> 
     </span>
     <span class='ocr_line' id='line_1_41' title="bbox 213 2860 1102 2920; baseline -0.025 0"><span class='ocrx_word' id='word_1_229' title='bbox 213 2885 286 2920; x_wconf 74' lang='lat' dir='ltr'>tos</span> <span class='ocrx_word' id='word_1_230' title='bbox 306 2871 562 2918; x_wconf 80' lang='lat' dir='ltr'>auctoribus</span> <span class='ocrx_word' id='word_1_231' title='bbox 587 2863 734 2913; x_wconf 87' lang='lat' dir='ltr'>libris,</span> <span class='ocrx_word' id='word_1_232' title='bbox 776 2872 824 2904; x_wconf 87' lang='lat' dir='ltr'>ut</span> <span class='ocrx_word' id='word_1_233' title='bbox 847 2861 940 2920; x_wconf 87' lang='lat' dir='ltr'>ipse</span> <span class='ocrx_word' id='word_1_234' title='bbox 964 2860 1102 2917; x_wconf 75' lang='lat' dir='ltr'>proh-</span> 
     </span>
     <span class='ocr_line' id='line_1_42' title="bbox 212 2915 1102 2983; baseline -0.025 -6"><span class='ocrx_word' id='word_1_235' title='bbox 212 2942 359 2983; x_wconf 80' lang='lat' dir='ltr'>tetur,</span> <span class='ocrx_word' id='word_1_236' title='bbox 409 2934 635 2982; x_wconf 80' lang='lat' dir='ltr'>exstatque</span> <span class='ocrx_word' id='word_1_237' title='bbox 672 2921 716 2963; x_wconf 86' lang='lat' dir='ltr'>id</span> <span class='ocrx_word' id='word_1_238' title='bbox 756 2918 1021 2962; x_wconf 82' lang='lat' dir='ltr'>vocabulum</span> <span class='ocrx_word' id='word_1_239' title='bbox 1057 2915 1102 2956; x_wconf 85' lang='lat' dir='ltr'>in</span> 
     </span>
     <span class='ocr_line' id='line_1_43' title="bbox 213 2973 1102 3036; baseline -0.022 -3"><span class='ocrx_word' id='word_1_240' title='bbox 213 2990 353 3036; x_wconf 82' lang='lat' dir='ltr'>altero</span> <span class='ocrx_word' id='word_1_241' title='bbox 375 2985 473 3030; x_wconf 87' lang='lat' dir='ltr'>cod.</span> <span class='ocrx_word' id='word_1_242' title='bbox 495 2981 642 3028; x_wconf 89' lang='lat' dir='ltr'>Flor.,</span> <span class='ocrx_word' id='word_1_243' title='bbox 673 2991 806 3036; x_wconf 86' lang='lat' dir='ltr'>quem</span> <span class='ocrx_word' id='word_1_244' title='bbox 822 2976 1015 3019; x_wconf 85' lang='lat' dir='ltr'>Pichena</span> <span class='ocrx_word' id='word_1_245' title='bbox 1039 2973 1102 3014; x_wconf 85' lang='lat' dir='ltr'>in·</span> 
     </span>
     <span class='ocr_line' id='line_1_44' title="bbox 212 3036 1105 3106; baseline -0.022 -16"><span class='ocrx_word' id='word_1_246' title='bbox 212 3045 376 3106; x_wconf 81' lang='lat' dir='ltr'>spexit,</span> <span class='ocrx_word' id='word_1_247' title='bbox 421 3040 563 3086; x_wconf 81' lang='lat' dir='ltr'>Corb.</span> <span class='ocrx_word' id='word_1_248' title='bbox 592 3037 730 3095; x_wconf 55' lang='lat' dir='ltr'>Agr„</span> <span class='ocrx_word' id='word_1_249' title='bbox 774 3036 831 3076; x_wconf 80' lang='lat' dir='ltr'>ita</span> <span class='ocrx_word' id='word_1_250' title='bbox 866 3040 1012 3074; x_wconf 83' lang='lat' dir='ltr'>tamen</span> <span class='ocrx_word' id='word_1_251' title='bbox 1054 3036 1105 3071; x_wconf 87' lang='lat' dir='ltr'>ut</span> 
     </span>
     <span class='ocr_line' id='line_1_45' title="bbox 214 3089 1105 3162; baseline -0.025 -13"><span class='ocrx_word' id='word_1_252' title='bbox 214 3105 362 3162; x_wconf 78' lang='lat' dir='ltr'>legant</span> <span class='ocrx_word' id='word_1_253' title='bbox 381 3114 439 3141; x_wconf 82' lang='lat' dir='ltr'>ne</span> <span class='ocrx_word' id='word_1_254' title='bbox 455 3099 624 3152; x_wconf 81' lang='lat' dir='ltr'>piatos.</span> <span class='ocrx_word' id='word_1_255' title='bbox 695 3093 777 3135; x_wconf 81' lang='lat' dir='ltr'>Ed.</span> <span class='ocrx_word' id='word_1_256' title='bbox 801 3091 917 3148; x_wconf 89' lang='lat' dir='ltr'>Spir.</span> <span class='ocrx_word' id='word_1_257' title='bbox 938 3089 1105 3154; x_wconf 43' lang='lat' dir='ltr'>&#39;piatos</span> 
     </span>
     <span class='ocr_line' id='line_1_46' title="bbox 213 3148 1105 3209; baseline -0.025 -3"><span class='ocrx_word' id='word_1_258' title='bbox 213 3177 310 3206; x_wconf 84' lang='lat' dir='ltr'>non</span> <span class='ocrx_word' id='word_1_259' title='bbox 344 3157 492 3201; x_wconf 84' lang='lat' dir='ltr'>addito</span> <span class='ocrx_word' id='word_1_260' title='bbox 522 3167 594 3195; x_wconf 80' lang='lat' dir='ltr'>ne.</span> <span class='ocrx_word' id='word_1_261' title='bbox 657 3151 743 3194; x_wconf 87' lang='lat' dir='ltr'>Sed</span> <span class='ocrx_word' id='word_1_262' title='bbox 774 3148 1003 3191; x_wconf 80' lang='lat' dir='ltr'>Ernestius</span> <span class='ocrx_word' id='word_1_263' title='bbox 1037 3159 1105 3209; x_wconf 78' lang='lat' dir='ltr'>re·</span> 
     </span>
     <span class='ocr_line' id='line_1_47' title="bbox 212 3211 1101 3279; baseline -0.022 -17"><span class='ocrx_word' id='word_1_264' title='bbox 212 3219 361 3279; x_wconf 81' lang='lat' dir='ltr'>posito</span> <span class='ocrx_word' id='word_1_265' title='bbox 412 3211 550 3253; x_wconf 87' lang='lat' dir='ltr'>verbo</span> <span class='ocrx_word' id='word_1_266' title='bbox 590 3211 804 3262; x_wconf 81' lang='lat' dir='ltr'>placatos</span> <span class='ocrx_word' id='word_1_267' title='bbox 844 3212 974 3246; x_wconf 80' lang='lat' dir='ltr'>recle·</span> <span class='ocrx_word' id='word_1_268' title='bbox 1007 3217 1101 3245; x_wconf 76' lang='lat' dir='ltr'>anl-</span> 
     </span>
     <span class='ocr_line' id='line_1_48' title="bbox 214 3262 1106 3321; baseline -0.025 -1"><span class='ocrx_word' id='word_1_269' title='bbox 214 3269 454 3321; x_wconf 78' lang='lat' dir='ltr'>madverlit</span> <span class='ocrx_word' id='word_1_270' title='bbox 494 3274 649 3310; x_wconf 84' lang='lat' dir='ltr'>contra</span> <span class='ocrx_word' id='word_1_271' title='bbox 693 3262 954 3308; x_wconf 74' lang='lat' dir='ltr'>latinitatem</span> <span class='ocrx_word' id='word_1_272' title='bbox 998 3274 1106 3307; x_wconf 83' lang='lat' dir='ltr'>esse,</span> 
     </span>
     <span class='ocr_line' id='line_1_49' title="bbox 214 3319 1106 3378; baseline -0.026 1"><span class='ocrx_word' id='word_1_273' title='bbox 214 3342 265 3378; x_wconf 75' lang='lat' dir='ltr'>ut</span> <span class='ocrx_word' id='word_1_274' title='bbox 297 3330 496 3375; x_wconf 80' lang='lat' dir='ltr'>dicamus</span> <span class='ocrx_word' id='word_1_275' title='bbox 523 3324 712 3378; x_wconf 78' lang='lat' dir='ltr'>precari</span> <span class='ocrx_word' id='word_1_276' title='bbox 738 3333 906 3362; x_wconf 77' lang='lat' dir='ltr'>manes·</span> <span class='ocrx_word' id='word_1_277' title='bbox 932 3319 1106 3368; x_wconf 72' lang='lat' dir='ltr'>piatos.</span> 
     </span>
     <span class='ocr_line' id='line_1_50' title="bbox 214 3376 1105 3439; baseline -0.021 -6"><span class='ocrx_word' id='word_1_278' title='bbox 214 3390 331 3435; x_wconf 88' lang='lat' dir='ltr'>Nam</span> <span class='ocrx_word' id='word_1_279' title='bbox 355 3398 508 3429; x_wconf 84' lang='lat' dir='ltr'>manes</span> <span class='ocrx_word' id='word_1_280' title='bbox 533 3395 625 3421; x_wconf 83' lang='lat' dir='ltr'>non</span> <span class='ocrx_word' id='word_1_281' title='bbox 654 3377 877 3437; x_wconf 75' lang='lat' dir='ltr'>precando</span> <span class='ocrx_word' id='word_1_282' title='bbox 915 3376 1105 3439; x_wconf 74' lang='lat' dir='ltr'>piantur,</span> 
     </span>
     <span class='ocr_line' id='line_1_51' title="bbox 216 3431 1105 3494; baseline -0.022 -2"><span class='ocrx_word' id='word_1_283' title='bbox 216 3448 291 3493; x_wconf 79' lang='lat' dir='ltr'>sed</span> <span class='ocrx_word' id='word_1_284' title='bbox 319 3438 568 3488; x_wconf 77' lang='lat' dir='ltr'>sacrifieiis,</span> <span class='ocrx_word' id='word_1_285' title='bbox 598 3435 796 3494; x_wconf 83' lang='lat' dir='ltr'>piaculis.</span> <span class='ocrx_word' id='word_1_286' title='bbox 858 3431 1105 3476; x_wconf 80' lang='lat' dir='ltr'>Oberlinns</span> 
     </span>
     <span class='ocr_line' id='line_1_52' title="bbox 218 3489 1104 3553; baseline -0.025 -4"><span class='ocrx_word' id='word_1_287' title='bbox 218 3516 365 3551; x_wconf 78' lang='lat' dir='ltr'>tamen</span> <span class='ocrx_word' id='word_1_288' title='bbox 399 3513 502 3543; x_wconf 84' lang='lat' dir='ltr'>eum</span> <span class='ocrx_word' id='word_1_289' title='bbox 535 3492 634 3550; x_wconf 80' lang='lat' dir='ltr'>Rip.</span> <span class='ocrx_word' id='word_1_290' title='bbox 669 3489 894 3536; x_wconf 80' lang='lat' dir='ltr'>revocavit</span> <span class='ocrx_word' id='word_1_291' title='bbox 932 3490 1104 3553; x_wconf 64' lang='lat' dir='ltr'>piatos,</span> 
     </span>
     <span class='ocr_line' id='line_1_53' title="bbox 216 3548 1100 3621; baseline -0.024 -14"><span class='ocrx_word' id='word_1_292' title='bbox 216 3551 590 3621; x_wconf 64' lang='lat' dir='ltr'>amplectiturque</span> <span class='ocrx_word' id='word_1_293' title='bbox 633 3548 791 3608; x_wconf 56' lang='lat' dir='ltr'>hyemi</span> <span class='ocrx_word' id='word_1_294' title='bbox 847 3548 1100 3604; x_wconf 76' lang='lat' dir='ltr'>explicatio-</span> 
     </span>
    </p>
   </div>
   <div class='ocr_carea' id='block_1_16' title="bbox 1164 1538 2064 2731">
    <p class='ocr_par' dir='ltr' id='par_1_16' title="bbox 1164 1538 2064 2731">
     <span class='ocr_line' id='line_1_54' title="bbox 1170 1538 2058 1597; baseline 0.001 -15"><span class='ocrx_word' id='word_1_295' title='bbox 1170 1556 1273 1582; x_wconf 86' lang='lat' dir='ltr'>nem</span> <span class='ocrx_word' id='word_1_296' title='bbox 1291 1574 1302 1592; x_wconf 94' lang='lat'><strong>,</strong></span> <span class='ocrx_word' id='word_1_297' title='bbox 1351 1539 1426 1597; x_wconf 88' lang='lat' dir='ltr'>qui</span> <span class='ocrx_word' id='word_1_298' title='bbox 1474 1539 1625 1582; x_wconf 83' lang='lat' dir='ltr'>scribit</span> <span class='ocrx_word' id='word_1_299' title='bbox 1667 1541 1826 1594; x_wconf 79' lang='lat' dir='ltr'>piatos</span> <span class='ocrx_word' id='word_1_300' title='bbox 1858 1538 1930 1582; x_wconf 87' lang='lat' dir='ltr'>hic</span> <span class='ocrx_word' id='word_1_301' title='bbox 1964 1555 2058 1583; x_wconf 74' lang='lat' dir='ltr'>esse</span> 
     </span>
     <span class='ocr_line' id='line_1_55' title="bbox 1169 1597 2057 1654; baseline 0.001 -15"><span class='ocrx_word' id='word_1_302' title='bbox 1169 1598 1403 1654; x_wconf 82' lang='lat' dir='ltr'>impiatos,</span> <span class='ocrx_word' id='word_1_303' title='bbox 1446 1597 1795 1648; x_wconf 85' lang='lat' dir='ltr'>contaminatos,</span> <span class='ocrx_word' id='word_1_304' title='bbox 1827 1605 1895 1640; x_wconf 80' lang='lat' dir='ltr'>ut</span> <span class='ocrx_word' id='word_1_305' title='bbox 1925 1597 2057 1642; x_wconf 81' lang='lat' dir='ltr'>docet</span> 
     </span>
     <span class='ocr_line' id='line_1_56' title="bbox 1169 1653 2057 1704; baseline -0.003 -6"><span class='ocrx_word' id='word_1_306' title='bbox 1169 1655 1343 1699; x_wconf 81' lang='lat' dir='ltr'>Nonius</span> <span class='ocrx_word' id='word_1_307' title='bbox 1382 1657 1424 1704; x_wconf 80' lang='lat'>4,</span> <span class='ocrx_word' id='word_1_308' title='bbox 1463 1653 1563 1698; x_wconf 80' lang='grc'><strong>363.</strong></span> <span class='ocrx_word' id='word_1_309' title='bbox 1602 1669 1626 1696; x_wconf 89' lang='lat' dir='ltr'>e</span> <span class='ocrx_word' id='word_1_310' title='bbox 1667 1653 1783 1698; x_wconf 83' lang='lat' dir='ltr'>male</span> <span class='ocrx_word' id='word_1_311' title='bbox 1828 1653 2057 1698; x_wconf 79' lang='lat' dir='ltr'>intellecto</span> 
     </span>
     <span class='ocr_line' id='line_1_57' title="bbox 1171 1711 2060 1768; baseline 0 -13"><span class='ocrx_word' id='word_1_312' title='bbox 1171 1712 1274 1755; x_wconf 87' lang='lat' dir='ltr'>loco</span> <span class='ocrx_word' id='word_1_313' title='bbox 1297 1712 1335 1751; x_wconf 89' lang='lat' dir='ltr'>V</span> <span class='ocrx_word' id='word_1_314' title='bbox 1340 1711 1454 1768; x_wconf 77' lang='lat' dir='ltr'>irgil.</span> <span class='ocrx_word' id='word_1_315' title='bbox 1481 1713 1593 1754; x_wconf 83' lang='lat' dir='ltr'>Aen.</span> <span class='ocrx_word' id='word_1_316' title='bbox 1617 1711 1658 1764; x_wconf 91' lang='lat'>6,</span> <span class='ocrx_word' id='word_1_317' title='bbox 1681 1711 1780 1755; x_wconf 82' lang='lat'>569.</span> <span class='ocrx_word' id='word_1_318' title='bbox 1803 1713 1986 1755; x_wconf 80' lang='lat' dir='ltr'>distulit</span> <span class='ocrx_word' id='word_1_319' title='bbox 2008 1714 2060 1755; x_wconf 73' lang='lat' dir='ltr'>in</span> 
     </span>
     <span class='ocr_line' id='line_1_58' title="bbox 1171 1769 2056 1823; baseline 0.001 -11"><span class='ocrx_word' id='word_1_320' title='bbox 1171 1785 1331 1813; x_wconf 76' lang='lat' dir='ltr'>seram</span> <span class='ocrx_word' id='word_1_321' title='bbox 1355 1770 1604 1811; x_wconf 78' lang='lat' dir='ltr'>commissa</span> <span class='ocrx_word' id='word_1_322' title='bbox 1624 1769 1814 1823; x_wconf 81' lang='lat' dir='ltr'>piacula</span> <span class='ocrx_word' id='word_1_323' title='bbox 1839 1777 2056 1818; x_wconf 83' lang='lat' dir='ltr'>mortem.</span> 
     </span>
     <span class='ocr_line' id='line_1_59' title="bbox 1170 1826 2060 1870; baseline 0 0"><span class='ocrx_word' id='word_1_324' title='bbox 1170 1827 1307 1870; x_wconf 81' lang='lat' dir='ltr'>Nihili</span> <span class='ocrx_word' id='word_1_325' title='bbox 1332 1835 1478 1869; x_wconf 86' lang='lat' dir='ltr'>autem</span> <span class='ocrx_word' id='word_1_326' title='bbox 1503 1842 1594 1869; x_wconf 86' lang='lat' dir='ltr'>esse</span> <span class='ocrx_word' id='word_1_327' title='bbox 1617 1826 1727 1869; x_wconf 89' lang='lat' dir='ltr'>illud</span> <span class='ocrx_word' id='word_1_328' title='bbox 1747 1837 2060 1870; x_wconf 84' lang='lat' dir='ltr'>commentum</span> 
     </span>
     <span class='ocr_line' id='line_1_60' title="bbox 1169 1883 2060 1942; baseline -0.001 -14"><span class='ocrx_word' id='word_1_329' title='bbox 1169 1884 1272 1928; x_wconf 85' lang='lat' dir='ltr'>satis</span> <span class='ocrx_word' id='word_1_330' title='bbox 1285 1884 1512 1942; x_wconf 83' lang='lat' dir='ltr'>Bipontini</span> <span class='ocrx_word' id='word_1_331' title='bbox 1535 1883 1731 1926; x_wconf 81' lang='lat' dir='ltr'>fatentur</span> <span class='ocrx_word' id='word_1_332' title='bbox 1749 1898 1803 1926; x_wconf 90' lang='lat' dir='ltr'>eo</span> <span class='ocrx_word' id='word_1_333' title='bbox 1824 1885 1946 1942; x_wconf 87' lang='lat' dir='ltr'>qnod</span> <span class='ocrx_word' id='word_1_334' title='bbox 1969 1899 2060 1927; x_wconf 78' lang='lat' dir='ltr'>ma-</span> 
     </span>
     <span class='ocr_line' id='line_1_61' title="bbox 1172 1942 2058 1996; baseline 0 -11"><span class='ocrx_word' id='word_1_335' title='bbox 1172 1942 1256 1986; x_wconf 88' lang='lat' dir='ltr'>lint</span> <span class='ocrx_word' id='word_1_336' title='bbox 1319 1942 1542 1994; x_wconf 82' lang='lat' dir='ltr'>impiatos</span> <span class='ocrx_word' id='word_1_337' title='bbox 1605 1949 1649 1983; x_wconf 84' lang='lat' dir='ltr'>et</span> <span class='ocrx_word' id='word_1_338' title='bbox 1706 1943 2058 1996; x_wconf 79' lang='lat' dir='ltr'>deprecabatur.</span> 
     </span>
     <span class='ocr_line' id='line_1_62' title="bbox 1172 1997 2058 2056; baseline 0.001 -15"><span class='ocrx_word' id='word_1_339' title='bbox 1172 1999 1326 2056; x_wconf 84' lang='lat' dir='ltr'>Quare</span> <span class='ocrx_word' id='word_1_340' title='bbox 1352 1997 1457 2042; x_wconf 86' lang='lat' dir='ltr'>nihil</span> <span class='ocrx_word' id='word_1_341' title='bbox 1482 2005 1717 2042; x_wconf 87' lang='lat' dir='ltr'>cunctatus</span> <span class='ocrx_word' id='word_1_342' title='bbox 1741 1998 1876 2041; x_wconf 89' lang='lat' dir='ltr'>redeo</span> <span class='ocrx_word' id='word_1_343' title='bbox 1899 1998 1954 2041; x_wconf 87' lang='lat' dir='ltr'>ad</span> <span class='ocrx_word' id='word_1_344' title='bbox 1976 2015 2058 2043; x_wconf 74' lang='lat' dir='ltr'>ve-</span> 
     </span>
     <span class='ocr_line' id='line_1_63' title="bbox 1168 2055 2063 2114; baseline 0.001 -16"><span class='ocrx_word' id='word_1_345' title='bbox 1168 2066 1313 2099; x_wconf 85' lang='lat' dir='ltr'>terem</span> <span class='ocrx_word' id='word_1_346' title='bbox 1389 2055 1674 2114; x_wconf 83' lang='lat' dir='ltr'>scripturam.</span> <span class='ocrx_word' id='word_1_347' title='bbox 1774 2055 2063 2099; x_wconf 75' lang='lat' dir='ltr'>Precabatar·</span> 
     </span>
     <span class='ocr_line' id='line_1_64' title="bbox 1164 2112 2061 2171; baseline 0 -15"><span class='ocrx_word' id='word_1_348' title='bbox 1164 2117 1377 2170; x_wconf 77' lang='lat' dir='ltr'>placatos</span> <span class='ocrx_word' id='word_1_349' title='bbox 1404 2129 1466 2156; x_wconf 84' lang='lat' dir='ltr'>sc.</span> <span class='ocrx_word' id='word_1_350' title='bbox 1490 2128 1606 2164; x_wconf 87' lang='lat' dir='ltr'>esse,</span> <span class='ocrx_word' id='word_1_351' title='bbox 1645 2112 1688 2156; x_wconf 89' lang='lat' dir='ltr'>h.</span> <span class='ocrx_word' id='word_1_352' title='bbox 1709 2128 1746 2156; x_wconf 92' lang='lat' dir='ltr'>e.</span> <span class='ocrx_word' id='word_1_353' title='bbox 1779 2113 2061 2171; x_wconf 84' lang='lat' dir='ltr'>precabatur,</span> 
     </span>
     <span class='ocr_line' id='line_1_65' title="bbox 1172 2169 2060 2230; baseline 0 -17"><span class='ocrx_word' id='word_1_354' title='bbox 1172 2179 1220 2213; x_wconf 89' lang='lat' dir='ltr'>ut</span> <span class='ocrx_word' id='word_1_355' title='bbox 1243 2171 1400 2230; x_wconf 86' lang='lat' dir='ltr'>placati</span> <span class='ocrx_word' id='word_1_356' title='bbox 1423 2177 1584 2212; x_wconf 85' lang='lat' dir='ltr'>essent.</span> <span class='ocrx_word' id='word_1_357' title='bbox 1618 2169 1676 2212; x_wconf 86' lang='lat' dir='ltr'>cf.</span> <span class='ocrx_word' id='word_1_358' title='bbox 1702 2178 1796 2213; x_wconf 88' lang='lat' dir='ltr'>not.</span> <span class='ocrx_word' id='word_1_359' title='bbox 1821 2169 1875 2212; x_wconf 87' lang='lat' dir='ltr'>ad</span> <span class='ocrx_word' id='word_1_360' title='bbox 1900 2169 1994 2221; x_wconf 83' lang='lat' dir='ltr'>An.</span> <span class='ocrx_word' id='word_1_361' title='bbox 2021 2173 2060 2222; x_wconf 72' lang='lat'>1,</span> 
     </span>
     <span class='ocr_line' id='line_1_66' title="bbox 1171 2227 2061 2273; baseline -0.002 0"><span class='ocrx_word' id='word_1_362' title='bbox 1171 2229 1240 2273; x_wconf 78' lang='lat'>35.</span> <span class='ocrx_word' id='word_1_363' title='bbox 1266 2229 1347 2271; x_wconf 89' lang='lat' dir='ltr'>sub</span> <span class='ocrx_word' id='word_1_364' title='bbox 1370 2227 1542 2270; x_wconf 72' lang='lat' dir='ltr'>verbis:</span> <span class='ocrx_word' id='word_1_365' title='bbox 1573 2230 1839 2269; x_wconf 80' lang='lat' dir='ltr'>mederetur</span> <span class='ocrx_word' id='word_1_366' title='bbox 1864 2256 1925 2270; x_wconf 87' lang='lat'>...</span> <span class='ocrx_word' id='word_1_367' title='bbox 1946 2243 2061 2271; x_wconf 83' lang='lat' dir='ltr'>ora-</span> 
     </span>
     <span class='ocr_line' id='line_1_67' title="bbox 1173 2283 2060 2341; baseline 0.002 -14"><span class='ocrx_word' id='word_1_368' title='bbox 1173 2291 1306 2330; x_wconf 81' lang='lat' dir='ltr'>bant.</span> <span class='ocrx_word' id='word_1_369' title='bbox 1377 2285 1440 2327; x_wconf 82' lang='lat' dir='ltr'>lta</span> <span class='ocrx_word' id='word_1_370' title='bbox 1464 2299 1520 2325; x_wconf 34' lang='lat' dir='ltr'>ve.</span> <span class='ocrx_word' id='word_1_371' title='bbox 1539 2299 1717 2341; x_wconf 89' lang='lat' dir='ltr'>quoque</span> <span class='ocrx_word' id='word_1_372' title='bbox 1741 2283 1789 2326; x_wconf 85' lang='lat' dir='ltr'>in</span> <span class='ocrx_word' id='word_1_373' title='bbox 1811 2299 1924 2328; x_wconf 79' lang='lat' dir='ltr'>neve</span> <span class='ocrx_word' id='word_1_374' title='bbox 1946 2286 2060 2328; x_wconf 84' lang='lat' dir='ltr'>bene</span> 
     </span>
     <span class='ocr_line' id='line_1_68' title="bbox 1174 2341 2061 2399; baseline 0 -13"><span class='ocrx_word' id='word_1_375' title='bbox 1174 2361 1220 2387; x_wconf 87' lang='lat' dir='ltr'>se</span> <span class='ocrx_word' id='word_1_376' title='bbox 1244 2343 1401 2393; x_wconf 85' lang='lat' dir='ltr'>habet,</span> <span class='ocrx_word' id='word_1_377' title='bbox 1430 2342 1549 2399; x_wconf 88' lang='lat' dir='ltr'>quod</span> <span class='ocrx_word' id='word_1_378' title='bbox 1577 2352 1693 2385; x_wconf 84' lang='lat' dir='ltr'>stare</span> <span class='ocrx_word' id='word_1_379' title='bbox 1717 2341 1900 2399; x_wconf 87' lang='lat' dir='ltr'>nequit,</span> <span class='ocrx_word' id='word_1_380' title='bbox 1928 2345 1966 2388; x_wconf 86' lang='lat' dir='ltr'>si</span> <span class='ocrx_word' id='word_1_381' title='bbox 1988 2343 2061 2386; x_wconf 93' lang='lat' dir='ltr'>lo-</span> 
     </span>
     <span class='ocr_line' id='line_1_69' title="bbox 1171 2398 2064 2457; baseline -0.001 -12"><span class='ocrx_word' id='word_1_382' title='bbox 1171 2417 1275 2446; x_wconf 84' lang='lat' dir='ltr'>cum</span> <span class='ocrx_word' id='word_1_383' title='bbox 1312 2417 1335 2441; x_wconf 91' lang='lat' dir='ltr'>e</span> <span class='ocrx_word' id='word_1_384' title='bbox 1357 2399 1515 2457; x_wconf 80' lang='lat' dir='ltr'>Ryekii</span> <span class='ocrx_word' id='word_1_385' title='bbox 1547 2401 1662 2443; x_wconf 83' lang='lat' dir='ltr'>inter</span> <span class='ocrx_word' id='word_1_386' title='bbox 1694 2398 1913 2443; x_wconf 75' lang='lat' dir='ltr'>relatione</span> <span class='ocrx_word' id='word_1_387' title='bbox 1947 2399 2064 2444; x_wconf 82' lang='lat' dir='ltr'>acci-</span> 
     </span>
     <span class='ocr_line' id='line_1_70' title="bbox 1170 2414 2061 2526; baseline 0.001 -25"><span class='ocrx_word' id='word_1_388' title='bbox 1170 2459 1254 2526; x_wconf 88' lang='lat' dir='ltr'>pis.</span> <span class='ocrx_word' id='word_1_389' title='bbox 1307 2457 1405 2511; x_wconf 68' lang='lat' dir='ltr'>Egit</span> <span class='ocrx_word' id='word_1_390' title='bbox 1424 2458 1554 2500; x_wconf 81' lang='lat' dir='ltr'>etiam</span> <span class='ocrx_word' id='word_1_391' title='bbox 1582 2456 1636 2499; x_wconf 91' lang='lat' dir='ltr'>de</span> <span class='ocrx_word' id='word_1_392' title='bbox 1655 2414 1744 2499; x_wconf 54' lang='lat' dir='ltr'>goe</span> <span class='ocrx_word' id='word_1_393' title='bbox 1766 2455 1872 2501; x_wconf 92' lang='lat' dir='ltr'>loco</span> <span class='ocrx_word' id='word_1_394' title='bbox 1897 2456 2061 2502; x_wconf 80' lang='lat' dir='ltr'>Herbst</span> 
     </span>
     <span class='ocr_line' id='line_1_71' title="bbox 1172 2512 2061 2572; baseline 0.001 -14"><span class='ocrx_word' id='word_1_395' title='bbox 1172 2533 1218 2558; x_wconf 84' lang='lat' dir='ltr'>m</span> <span class='ocrx_word' id='word_1_396' title='bbox 1233 2516 1592 2558; x_wconf 76' lang='lat' dir='ltr'>Animadverss.</span> <span class='ocrx_word' id='word_1_397' title='bbox 1618 2529 1661 2572; x_wconf 85' lang='lat' dir='ltr'>p.</span> <span class='ocrx_word' id='word_1_398' title='bbox 1673 2512 1742 2556; x_wconf 79' lang='lat'>30.</span> <span class='ocrx_word' id='word_1_399' title='bbox 1755 2529 1839 2571; x_wconf 65' lang='lat' dir='ltr'>sq„</span> <span class='ocrx_word' id='word_1_400' title='bbox 1855 2514 1932 2572; x_wconf 88' lang='lat' dir='ltr'>qui</span> <span class='ocrx_word' id='word_1_401' title='bbox 1954 2531 2061 2559; x_wconf 85' lang='lat' dir='ltr'>con-</span> 
     </span>
     <span class='ocr_line' id='line_1_72' title="bbox 1172 2571 2061 2629; baseline -0.003 -11"><span class='ocrx_word' id='word_1_402' title='bbox 1172 2574 1303 2618; x_wconf 85' lang='lat' dir='ltr'>sentit</span> <span class='ocrx_word' id='word_1_403' title='bbox 1346 2571 1658 2629; x_wconf 87' lang='lat' dir='ltr'>reponendum</span> <span class='ocrx_word' id='word_1_404' title='bbox 1712 2587 1804 2614; x_wconf 87' lang='lat' dir='ltr'>esse</span> <span class='ocrx_word' id='word_1_405' title='bbox 1844 2575 2061 2627; x_wconf 72' lang='lat' dir='ltr'>placatos</span> 
     </span>
     <span class='ocr_line' id='line_1_73' title="bbox 1172 2629 2061 2687; baseline -0.003 -13"><span class='ocrx_word' id='word_1_406' title='bbox 1172 2639 1247 2675; x_wconf 85' lang='lat' dir='ltr'>aut</span> <span class='ocrx_word' id='word_1_407' title='bbox 1281 2629 1517 2687; x_wconf 79' lang='lat' dir='ltr'>legendum</span> <span class='ocrx_word' id='word_1_408' title='bbox 1545 2630 1748 2683; x_wconf 79' lang='lat' dir='ltr'>piandos</span> <span class='ocrx_word' id='word_1_409' title='bbox 1781 2630 1849 2673; x_wconf 86' lang='lat' dir='ltr'>vel</span> <span class='ocrx_word' id='word_1_410' title='bbox 1885 2631 2061 2686; x_wconf 80' lang='lat' dir='ltr'>impia-</span> 
     </span>
     <span class='ocr_line' id='line_1_74' title="bbox 1173 2697 1261 2731; baseline -0.011 0"><span class='ocrx_word' id='word_1_411' title='bbox 1173 2697 1261 2731; x_wconf 83' lang='lat' dir='ltr'>tos.</span> 
     </span>
    </p>
   </div>
   <div class='ocr_carea' id='block_1_17' title="bbox 1179 2754 2062 2872">
    <p class='ocr_par' dir='ltr' id='par_1_17' title="bbox 1179 2754 2062 2872">
     <span class='ocr_line' id='line_1_75' title="bbox 1232 2754 2061 2809; baseline 0.002 -10"><span class='ocrx_word' id='word_1_412' title='bbox 1232 2763 1578 2799; x_wconf 72' lang='lat' dir='ltr'>aversarentur.</span> <span class='ocrx_word' id='word_1_413' title='bbox 1666 2754 1742 2798; x_wconf 84' lang='lat' dir='ltr'>Sic</span> <span class='ocrx_word' id='word_1_414' title='bbox 1788 2756 1893 2809; x_wconf 81' lang='lat' dir='ltr'>MS,</span> <span class='ocrx_word' id='word_1_415' title='bbox 1934 2755 2061 2802; x_wconf 81' lang='lat' dir='ltr'>Flor.</span> 
     </span>
     <span class='ocr_line' id='line_1_76' title="bbox 1179 2810 2062 2872; baseline 0.001 -14"><span class='ocrx_word' id='word_1_416' title='bbox 1179 2817 1292 2871; x_wconf 83' lang='lat' dir='ltr'>(test.</span> <span class='ocrx_word' id='word_1_417' title='bbox 1339 2812 1489 2868; x_wconf 90' lang='lat' dir='ltr'>Pich)</span> <span class='ocrx_word' id='word_1_418' title='bbox 1535 2811 1635 2854; x_wconf 82' lang='lat' dir='ltr'>edd.</span> <span class='ocrx_word' id='word_1_419' title='bbox 1677 2810 1802 2857; x_wconf 77' lang='lat' dir='ltr'>Pieh.</span> <span class='ocrx_word' id='word_1_420' title='bbox 1844 2813 2062 2872; x_wconf 82' lang='lat' dir='ltr'>Bernegg.</span> 
     </span>
    </p>
   </div>
   <div class='ocr_carea' id='block_1_18' title="bbox 1175 2872 2064 3038">
    <p class='ocr_par' dir='ltr' id='par_1_18' title="bbox 1175 2872 2064 3038">
     <span class='ocr_line' id='line_1_77' title="bbox 1175 2872 2064 2930; baseline -0.013 -13"><span class='ocrx_word' id='word_1_421' title='bbox 1175 2888 1271 2930; x_wconf 84' lang='lat' dir='ltr'>sqq.</span> <span class='ocrx_word' id='word_1_422' title='bbox 1303 2893 1358 2906; x_wconf 89' lang='lat'>--</span> <span class='ocrx_word' id='word_1_423' title='bbox 1417 2875 1783 2912; x_wconf 75' lang='lat' dir='ltr'>adversarentur</span> <span class='ocrx_word' id='word_1_424' title='bbox 1816 2872 1950 2915; x_wconf 85' lang='lat' dir='ltr'>ceteri</span> <span class='ocrx_word' id='word_1_425' title='bbox 1978 2887 2064 2916; x_wconf 83' lang='lat' dir='ltr'>co-</span> 
     </span>
     <span class='ocr_line' id='line_1_78' title="bbox 1175 2927 2061 3032; baseline 0 -60"><span class='ocrx_word' id='word_1_426' title='bbox 1175 2927 1639 3032; x_wconf 40' lang='grc' dir='ltr'>ἱξὲεῆΜΞ-ξὸἒῖιέξὲιῑί.</span> <span class='ocrx_word' id='word_1_427' title='bbox 1658 2935 1768 3028; x_wconf 43' lang='lat' dir='ltr'>1veit.</span> <span class='ocrx_word' id='word_1_428' title='bbox 1796 2930 1982 3009; x_wconf 8' lang='lat' dir='ltr'>&gt;cll-”noh</span> <span class='ocrx_word' id='word_1_429' title='bbox 2007 2929 2061 2972; x_wconf 83' lang='lat' dir='ltr'>ad</span> 
     </span>
     <span class='ocr_line' id='line_1_79' title="bbox 1257 3015 1762 3038; baseline -0.004 -9"><span class='ocrx_word' id='word_1_430' title='bbox 1257 3019 1266 3029; x_wconf 88' lang='lat'>.</span> <span class='ocrx_word' id='word_1_431' title='bbox 1326 3019 1337 3038; x_wconf 93' lang='lat'>‚</span> <span class='ocrx_word' id='word_1_432' title='bbox 1416 3015 1428 3028; x_wconf 95' lang='lat'>.</span> <span class='ocrx_word' id='word_1_433' title='bbox 1621 3016 1631 3027; x_wconf 97' lang='lat'>.</span> <span class='ocrx_word' id='word_1_434' title='bbox 1683 3016 1695 3033; x_wconf 88' lang='lat'>,</span> <span class='ocrx_word' id='word_1_435' title='bbox 1749 3016 1762 3029; x_wconf 91' lang='lat'>.</span> 
     </span>
    </p>
   </div>
   <div class='ocr_carea' id='block_1_19' title="bbox 1175 3067 2063 3585">
    <p class='ocr_par' dir='ltr' id='par_1_19' title="bbox 1176 3067 2063 3286">
     <span class='ocr_line' id='line_1_80' title="bbox 1233 3067 2062 3127; baseline 0.004 -15"><span class='ocrx_word' id='word_1_436' title='bbox 1233 3071 1413 3127; x_wconf 75' lang='lat' dir='ltr'>adfim&#39;s‘.</span> <span class='ocrx_word' id='word_1_437' title='bbox 1471 3067 1548 3111; x_wconf 80' lang='lat' dir='ltr'>Sic</span> <span class='ocrx_word' id='word_1_438' title='bbox 1579 3067 1686 3124; x_wconf 81' lang='lat' dir='ltr'>(sive</span> <span class='ocrx_word' id='word_1_439' title='bbox 1718 3069 1892 3127; x_wconf 79' lang='lat' dir='ltr'>afim‘s)</span> <span class='ocrx_word' id='word_1_440' title='bbox 1925 3067 2062 3115; x_wconf 83' lang='lat' dir='ltr'>MSS.</span> 
     </span>
     <span class='ocr_line' id='line_1_81' title="bbox 1177 3124 2063 3183; baseline -0.001 -11"><span class='ocrx_word' id='word_1_441' title='bbox 1177 3129 1297 3172; x_wconf 89' lang='lat' dir='ltr'>Flor.</span> <span class='ocrx_word' id='word_1_442' title='bbox 1320 3125 1582 3183; x_wconf 63' lang='lat' dir='ltr'>(testviet.)</span> <span class='ocrx_word' id='word_1_443' title='bbox 1601 3124 1715 3168; x_wconf 87' lang='lat' dir='ltr'>Guel</span> <span class='ocrx_word' id='word_1_444' title='bbox 1740 3158 1752 3170; x_wconf 93' lang='lat'>.</span> <span class='ocrx_word' id='word_1_445' title='bbox 1769 3126 1911 3178; x_wconf 64' lang='lat' dir='ltr'><strong>Bud„</strong></span> <span class='ocrx_word' id='word_1_446' title='bbox 1941 3127 2063 3171; x_wconf 90' lang='lat' dir='ltr'>unde</span> 
     </span>
     <span class='ocr_line' id='line_1_82' title="bbox 1176 3183 2061 3239; baseline 0.002 -11"><span class='ocrx_word' id='word_1_447' title='bbox 1176 3185 1383 3228; x_wconf 79' lang='lat' dir='ltr'>restituo.</span> <span class='ocrx_word' id='word_1_448' title='bbox 1446 3207 1500 3218; x_wconf 91' lang='lat'>-</span> <span class='ocrx_word' id='word_1_449' title='bbox 1581 3183 1753 3239; x_wconf 77' lang='lat' dir='ltr'>affines</span> <span class='ocrx_word' id='word_1_450' title='bbox 1803 3183 1908 3228; x_wconf 78' lang='lat' dir='ltr'>editi</span> <span class='ocrx_word' id='word_1_451' title='bbox 1958 3183 2061 3230; x_wconf 83' lang='lat' dir='ltr'>libri</span> 
     </span>
     <span class='ocr_line' id='line_1_83' title="bbox 1179 3259 1353 3286; baseline -0.006 0"><span class='ocrx_word' id='word_1_452' title='bbox 1179 3259 1353 3286; x_wconf 77' lang='lat' dir='ltr'>omneS.</span> 
     </span>
    </p>

    <p class='ocr_par' dir='ltr' id='par_1_20' title="bbox 1175 3308 2062 3585">
     <span class='ocr_line' id='line_1_84' title="bbox 1236 3308 2059 3367; baseline 0.001 -13"><span class='ocrx_word' id='word_1_453' title='bbox 1236 3308 1507 3356; x_wconf 62' lang='lat' dir='ltr'>trucidatos.</span> <span class='ocrx_word' id='word_1_454' title='bbox 1597 3309 1698 3353; x_wconf 87' lang='lat' dir='ltr'>MS.</span> <span class='ocrx_word' id='word_1_455' title='bbox 1755 3310 1879 3355; x_wconf 86' lang='lat' dir='ltr'>Flor.</span> <span class='ocrx_word' id='word_1_456' title='bbox 1940 3313 2059 3367; x_wconf 80' lang='lat' dir='ltr'>(test.</span> 
     </span>
     <span class='ocr_line' id='line_1_85' title="bbox 1177 3367 2062 3424; baseline -0.001 -12"><span class='ocrx_word' id='word_1_457' title='bbox 1177 3368 1296 3413; x_wconf 82' lang='lat' dir='ltr'>Vict.</span> <span class='ocrx_word' id='word_1_458' title='bbox 1338 3386 1442 3414; x_wconf 85' lang='lat' dir='ltr'>cum</span> <span class='ocrx_word' id='word_1_459' title='bbox 1490 3369 1575 3412; x_wconf 88' lang='lat' dir='ltr'>lac.</span> <span class='ocrx_word' id='word_1_460' title='bbox 1618 3367 1783 3424; x_wconf 90' lang='lat' dir='ltr'>Gron.)</span> <span class='ocrx_word' id='word_1_461' title='bbox 1828 3371 2062 3420; x_wconf 81' lang='lat' dir='ltr'>trucidati,</span> 
     </span>
     <span class='ocr_line' id='line_1_86' title="bbox 1177 3425 2061 3474; baseline 0.001 -6"><span class='ocrx_word' id='word_1_462' title='bbox 1177 3427 1293 3469; x_wconf 84' lang='lat' dir='ltr'>unde</span> <span class='ocrx_word' id='word_1_463' title='bbox 1317 3427 1401 3471; x_wconf 81' lang='lat' dir='ltr'>lac.</span> <span class='ocrx_word' id='word_1_464' title='bbox 1424 3426 1569 3469; x_wconf 85' lang='lat' dir='ltr'>Gron.</span> <span class='ocrx_word' id='word_1_465' title='bbox 1596 3425 1788 3468; x_wconf 81' lang='lat' dir='ltr'>coniecit</span> <span class='ocrx_word' id='word_1_466' title='bbox 1813 3427 2061 3474; x_wconf 77' lang='lat' dir='ltr'>trucidant.</span> 
     </span>
     <span class='ocr_line' id='line_1_87' title="bbox 1177 3482 2060 3539; baseline -0.001 -12"><span class='ocrx_word' id='word_1_467' title='bbox 1177 3483 1323 3527; x_wconf 82' lang='lat' dir='ltr'>Ceteri</span> <span class='ocrx_word' id='word_1_468' title='bbox 1374 3483 1474 3528; x_wconf 83' lang='lat' dir='ltr'>libri</span> <span class='ocrx_word' id='word_1_469' title='bbox 1529 3484 1574 3527; x_wconf 86' lang='lat' dir='ltr'>in</span> <span class='ocrx_word' id='word_1_470' title='bbox 1631 3482 1808 3539; x_wconf 79' lang='lat' dir='ltr'>vulgato</span> <span class='ocrx_word' id='word_1_471' title='bbox 1868 3497 2060 3529; x_wconf 87' lang='lat' dir='ltr'>consen-</span> 
     </span>
     <span class='ocr_line' id='line_1_88' title="bbox 1175 3542 1307 3585; baseline -0.008 0"><span class='ocrx_word' id='word_1_472' title='bbox 1175 3542 1307 3585; x_wconf 78' lang='lat' dir='ltr'>tiuul.</span> 
     </span>
    </p>
   </div>
  </div>
 </body>
</html>
