2138 4030
2112 159 2133 290 *HQ-:e

186 223 321 283 ί130
752 208 1496 281 HISTORIARUM

197 330 262 409 in
290 352 492 411 fiscum
518 369 823 409 conversas
847 345 1132 404 revocatis
1167 345 1241 402 ab
1269 345 1475 402 exsilio
1506 347 1794 411 concessit
1805 393 1838 428 2.
1861 341 2063 410 iustis.
2127 387 2133 414 ;

200 437 416 493 simum
459 437 683 493 donum
715 445 772 491 et
810 434 875 488 in
914 431 1165 506 speciem
1197 429 1606 504 magnificum,
1646 434 2062 515 sedxfestinasta
2126 452 2134 475 1

198 523 318 578 iam
344 520 574 595 pridem
603 519 902 575 exactione
921 535 1036 572 usu
1061 515 1266 575 sterili.
1352 513 1499 572 Mox
1532 529 1740 575 vocata
1775 521 2062 601 concione

194 587 556 663 maiestatem
580 603 747 662 urbis
773 613 829 658 et
852 619 1204 657 consensum
1238 600 1447 676 populi
1481 621 1547 657 ac
1586 613 1821 660 senatus
1851 625 1962 680 pro
1998 625 2060 663 se

198 691 470 749 attollens
508 692 818 747 adversum
851 683 1202 741 Vitellianas
1234 696 1429 761 partes
1469 686 1732 745 modeste
1767 688 2060 762 disseruit,

198 776 488 833 inscitiam
546 773 744 849 potius
794 771 1094 843 legionum
1143 790 1321 845 quam
1374 771 1680 828 audaciam
1729 771 2059 850 increpanS,

162 862 361 919 -nulla
399 858 630 917 Vitellii
675 856 1010 923 mentione,
1072 854 1195 910 sive
1223 854 1420 938 ⁸ipsius
1470 875 1535 911 ea
1574 857 1905 917 moderatio
1951 863 2114 934 seu,x

199 947 448 1020 scriptor
477 941 761 1002 orationis
794 940 909 996 sibi
944 949 1213 995 metuens
1247 941 1620 998 contumeliis
1655 942 1722 998 in
1743 940 2057 1010 Vitellium

198 1031 513 1097 abstinuit,
556 1027 794 1103 quando
821 1037 888 1081 ut
920 1025 985 1079 in
1014 1023 1277 1080 consiliis
1299 1025 1544 1086 militiae
1570 1025 1856 1086 Suetonio
1873 1027 2056 1086 Paul-

197 1118 322 1174 lino
362 1127 417 1172 et
449 1112 646 1170 Mario
688 1109 858 1167 Celso
904 1110 983 1166 ita
1026 1109 1090 1164 in
1135 1109 1311 1165 rebus
1348 1111 1594 1167 urbanis
1627 1109 1857 1171 Galerii
1897 1112 2056 1172 Tra-

154 1217 160 1225 ·
196 1199 352 1259 chali
374 1197 610 1272 ingenio
640 1191 945 1251 Othonem
966 1194 1055 1265 uti
1079 1185 1443 1254 credebatur.
1529 1206 1586 1252 et
1615 1208 1782 1255 erant
1815 1197 1922 1276 qui
1952 1217 2055 1274 ge-

197 1305 311 1343 nus
355 1285 551 1359 ipsum
588 1280 800 1338 orandi
832 1290 1141 1336 noscerent
1177 1280 1382 1336 crebro
1417 1279 1534 1335 fori
1570 1300 1684 1337 usu
1725 1282 1954 1341 celebre
1993 1295 2052 1342 et

197 1373 270 1428 ad
295 1369 624 1444 implendas
658 1385 828 1422 aures
852 1365 1039 1421 latum
1076 1374 1132 1420 et
1168 1383 1403 1423 sonans,
1469 1361 1731 1423 Clamor
1764 1387 2051 1446 vocesque

194 1454 360 1528 vulgi
402 1474 470 1510 ex
511 1472 678 1508 more
723 1450 1009 1508 adulandi
1050 1448 1270 1505 nimiae
1318 1461 1374 1506 et
1427 1449 1624 1510 falsae.
1734 1453 1904 1528 quasi
1956 1453 2052 1510 di.

196 1551 477 1598 ctatorem
512 1536 819 1595 Caesarem
869 1546 970 1591 aut
1011 1532 1436 1608 imperatorem
1477 1532 1811 1608 Augustum
1846 1557 2052 1613 prose-

195 1635 542 1703 querentur,
586 1623 666 1679 ita
689 1620 902 1682 studiis
934 1619 1204 1694 votisque
1236 1620 1565 1689 certabant,
1606 1640 1717 1678 nec
1748 1632 1913 1680 metu
1945 1634 2050 1682 aut

193 1709 534 1786 amoressed
579 1728 647 1764 ex
690 1705 941 1780 libidine
984 1703 1226 1765 servitii.
1311 1705 1471 1761 utin
1508 1705 1779 1779 familiis,
1819 1708 2048 1784 privata

1744 217 1808 261 A.
1821 215 1975 257 ‘IL-823.

1758 262 1812 298 A.
1828 256 1881 305 G.
1914 263 1977 300 ⁸10.

246 1965 344 2007 iam
362 1965 565 2018 pridem.
624 1961 701 2006 Sic
712 1961 848 2005 MSS.
861 1961 986 2004 Flor.
1005 1959 1083 2015 (al-

191 2026 275 2078 ter)
303 2025 410 2079 Agr.
442 2020 545 2087 edd.
582 2020 701 2078 Spir.
731 2019 835 2062 Put.
869 2017 1079 2085 Beroald.

188 2079 294 2178 52¹5.-
315 2072 769 2190 dssssss
797 2075 1082 2176 agmins

187 2194 268 2294 ἷξε.
291 2192 446 2293 ἓυθὶΐ.
470 2192 586 2234 Bud.
614 2191 714 2235 edd.
739 2190 880 2234 Rhen.
905 2204 1002 2246 sqq.
1025 2190 1078 2231 ad

230 2267 287 2309 yc
322 2266 435 2293 num.

244 2349 331 2376 usu
351 2334 518 2375 sterili.
562 2333 636 2376 Sic
649 2331 783 2375 MSS.
798 2330 912 2375 Bud.
928 2328 1077 2374 Guelf.

188 2393 248 2446 (et
271 2390 459 2434 fortasse
479 2390 548 2433 alii
579 2390 677 2432 libri
702 2397 814 2441 scr.)
840 2388 940 2431 edd.
961 2387 1081 2443 Spir.

183 2449 288 2492 Put.
312 2449 411 2491 Ber.
437 2463 534 2504 sqq.
566 2448 618 2490 acl
643 2447 865 2505 Lipsiurn,
897 2445 972 2503 qui
1001 2446 1082 2488 de-

185 2507 249 2549 dit
285 2520 370 2548 usu
397 2507 582 2556 sterile,
622 2504 745 2558 quod
771 2503 902 2545 hodie
927 2502 1076 2558 vulga-

184 2573 275 2605 tur.
350 2563 515 2604 Parum
550 2563 756 2604 interest:
793 2561 870 2603 sed
903 2569 1076 2604 maneat

186 2630 285 2664 vett.
309 2620 431 2663 libris
458 2636 536 2662 sua
564 2619 820 2662 auctoritas.

240 2731 532 2759 consensum.
615 2715 717 2763 MS.
763 2714 916 2758 Guelf.
940 2758 943 2761 ᾗ
963 2730 1072 2757 con-

182 2788 359 2816 sensus.
432 2774 556 2816 [dem
592 2766 704 2816 liber
737 2780 840 2816 ante
871 2774 1075 2815 consiliis

184 2832 350 2873 omittit
375 2834 435 2873 in.

240 2925 392 2968 Mario
431 2926 576 2970 Celso,
649 2926 731 2970 Ed.
768 2927 887 2985 Spir.
919 2925 1073 2970 Mario

185 2984 332 3027 Celsa.
394 2984 501 3026 Mox
538 2985 703 3027 Galeri
722 2985 768 3027 Τ
763 2985 929 3028 racali.

241 3080 472 3122 Othonem
508 3081 579 3121 uti
605 3082 900 3125 credebatur.
969 3077 1071 3122 Vo-

181 3137 389 3181 nabulum
419 3136 646 3178 Othonem
669 3137 875 3182 Acidalio
899 3154 920 3180 e
948 3137 1069 3194 glos-

181 3203 342 3238 seruate
365 3195 602 3250 inrepsisse
625 3194 880 3238 videbatur:
913 3195 1066 3236 eadem

183 3251 396 3310 opinione
439 3251 619 3307 Bipont.
661 3253 820 3294 dedere
867 3260 910 3294 et
951 3266 1065 3293 ora-

178 3312 324 3359 tione,
356 3323 449 3350 non
475 3308 603 3349 video
634 3325 724 3366 quo
752 3310 927 3352 tandem
952 3309 1062 3352 iure.

176 3365 305 3409 Haud
355 3365 547 3407 absurde
590 3364 775 3421 legimus
822 3369 1065 3415 Othonem,

175 3424 278 3481 quia
325 3422 447 3479 quod
487 3422 711 3478 praecedit
750 3424 975 3465 abstinuit
1014 3440 1064 3466 ex

173 3482 261 3523 alio
297 3479 498 3522 subiecto
538 3479 699 3537 pendet
732 3488 863 3537 atque
898 3481 1064 3523 incon-

170 3539 355 3580 cinnum
409 3545 498 3580 est:
556 3537 752 3590 scrlplor
808 3538 1061 3590 abstinuit,

1155 1959 1343 2015 quando
1369 1988 1381 2001 .
1402 1990 1412 2002 .
1428 1989 1440 2002 .
1465 1959 1760 2004 credebatur.
1819 1959 1893 2005 Ad
1922 1967 2044 2004 stru-

1155 2025 1326 2060 cturam
1373 2016 1644 2059 verborum:
1709 2017 1941 2061 Othonem
1979 2020 2051 2061 uti

1154 2074 1426 2115 credebatur
1457 2072 1516 2115 cf.
1552 2073 1669 2117 Hist.
1694 2077 1733 2123 1,
1755 2075 1826 2119 50.
1856 2083 1908 2118 ut
1939 2081 2042 2119 tan·

1152 2137 1252 2172 tum
1289 2131 1541 2179 superioris
1571 2130 1865 2175 Germaniae
1895 2146 2043 2175 exer-

1151 2189 1291 2228 citum
1312 2188 1556 2230 descivisse
1578 2191 1870 2242 crederetur5
1903 2189 1945 2242 8,
1965 2189 2042 2235 79.

1145 2247 1324 2299 plebem
1347 2259 1526 2300 quoque
1547 2251 1593 2287 et
1622 2247 1817 2290 servitia
1841 2260 1931 2302 pro
1951 2247 2038 2292 Via·

1152 2302 1278 2343 tellio
1310 2303 1500 2343 armari
1524 2304 1833 2346 nuntiabatur
1841 2321 1859 2357 ;
1898 2305 1942 2358 4,
1967 2305 2039 2349 52.

1153 2358 1312 2400 Titum
1336 2387 1347 2401 .
1367 2391 1402 2402 ..
1435 2373 1591 2402 orasse
1624 2362 1876 2414 dicebatur.
1944 2362 2039 2408 An.

1152 2417 1193 2466 2,
1215 2415 1286 2457 69.
1320 2417 1420 2471 quis
1452 2419 1655 2460 creditur
1673 2420 1863 2462 animas
1881 2422 2043 2464 numi-

1151 2474 1284 2515 m'bus
1308 2474 1499 2527 mser-nis
1527 2477 1721 2518 sacrari
1725 2493 1741 2527 ;
1778 2477 1821 2525 4,
1843 2476 1912 2522 57.
1933 2485 2037 2521 tra-

1147 2532 1272 2571 ditur
1296 2535 1437 2573 etiam
1460 2535 1630 2575 matris
1653 2533 1928 2586 impotentia
1949 2549 2045 2578 ex·-

1148 2595 1346 2630 trusum.
1405 2588 1615 2633 cf.·Hess.
1639 2590 1694 2633 ad
1717 2589 1874 2636 Germ.
1900 2609 1942 2636 c.
1963 2591 2038 2638 83.

1147 2643 1437 2687 Gutmannns
1471 2654 1619 2688 tamen
1651 2645 1769 2690 mire
1792 2648 2040 2695 delectatur

1147 2702 1496 2759 Bipontinorum
1529 2702 1808 2750 coniectura.

1204 2819 1268 2858 ad
1298 2818 1564 2870 implendas
1596 2831 1754 2862 aures.
1826 2817 1904 2864 Sic
1930 2819 2035 2866 MS.

1145 2872 1256 2931 Reg.
1279 2873 1378 2916 edd.
1405 2872 1526 2932 Spir.
1560 2882 1626 2924 et,
1666 2876 1884 2920 suadente
1907 2876 2033 2922 Gru-

1144 2938 1269 2981 tero,
1300 2930 1512 2982 Ernesfii,
1549 2932 1726 2977 Broter.
1745 2949 1798 2992 sq
1835 2966 1847 2978 .
1871 2957 1925 2970 --
1967 2939 2037 2979 ad

1142 2989 1402 3041 implendas
1418 2990 1584 3045 populi
1598 3004 1740 3034 aures
1761 2950 1894 3038 MqSS.
1917 2992 2033 3038 Bud.

1143 3045 1255 3102 Agr.
1290 3043 1441 3091 Guelf.
1479 3045 1601 3090 Harl.
1630 3047 1762 3091 Bodl.
1795 3048 1880 3093 les.
1927 3049 2029 3095 edd.

1139 3101 1244 3144 Put.
1277 3119 1377 3160 sqq.
1411 3104 1464 3147 ad
1496 3102 1780 3158 Ernestium,
1829 3107 1904 3164 qui
1935 3121 2031 3151 non

1140 3169 1259 3202 recte
1294 3161 1461 3204 delevit
1486 3163 1671 3215 populi,
1708 3170 1758 3207 ut
1791 3179 1896 3208 cum
1917 3163 2031 3208 Gut-

1139 3231 1306 3259 manno
1337 3217 1443 3260 mihi
1463 3218 1659 3263 videtur.

1194 3316 1280 3354 sed
1320 3329 1383 3356 ex
1415 3315 1600 3357 libidine
1631 3316 1825 3359 seruitii.
1893 3324 1945 3359 ut
1977 3319 2027 3362 1⁶12

1122 3368 1330 3424 familias*
1355 3380 1441 3415 etc.
1500 3371 1690 3415 Distinxi
1709 3372 1861 3416 locum
1881 3388 1907 3415 e
1926 3389 2026 3418 sen·

1136 3427 1270 3469 tentia
1287 3428 1445 3486 Lipsii,
1477 3430 1547 3473 cui
1570 3429 1834 3488 suffragatur
1848 3429 2027 3476 Hei-bst-

1133 3484 1178 3526 in
1206 3485 1489 3530 Am'madvv.
1521 3501 1566 3543 p.
1588 3486 1661 3528 29.
1698 3495 1742 3530 et
1772 3487 1837 3530 sic
1870 3488 2027 3532 volunt

1132 3539 1232 3583 edd.
1258 3542 1375 3600 Spir.
1403 3542 1506 3587 Put.
1529 3542 1763 3595 Beroaid„
1793 3559 1908 3603 quae
1940 3545 2021 3591 ha-
