2138 4030
253 261 377 326 884
825 259 1581 333 HISTORIARUMg

252 387 494 453 cohorte
507 438 525 464 ‚
578 389 687 451 *cui
731 402 1026 469 praeerat,
1082 387 1534 450 Canninefatem
1584 394 1906 454 tumultum
1946 418 2111 456 com-

247 498 616 558 pressurum:
671 475 763 535 illi
802 497 907 535 sua
946 476 1195 554 quisque
1232 472 1484 536 hiberna
1518 487 1866 552 repeterent.
1951 482 2112 542 Sub-

250 584 375 622 esse
407 564 677 623 fraudem
719 562 964 621 consilio
1002 573 1061 620 et
1099 562 1390 637 dispersas
1427 559 1696 620 cohortes
1729 564 1964 624 facilius
2001 589 2111 644 op*

250 650 461 726 primi,
516 668 624 706 nec
660 645 1033 713 Brinnonem
1071 647 1281 704 ducem
1323 648 1448 704 eius
1490 648 1667 718 belli,
1723 651 1824 708 sed
1856 650 2109 711 Civilem

248 754 373 792 esse
405 733 625 812 patuit,
647 732 1114 808 'erumpentibus
1146 732 1433 807 paulatim
1466 733 1732 804 indiciis,
1778 755 1927 814 quae
1954 731 2110 795 Ger-

249 820 440 890 mani,
480 821 631 877 laeta
650 818 807 876 bello
837 836 1015 892 gens,
1053 836 1180 874 non
1205 817 1311 874 diu
1333 819 1782 877 occultaverant.
1866 820 1989 881 Ubi
2011 824 2109 879 in-

247 906 432 963 sidiae
464 923 677 982 parum
713 921 966 974 cessere,
1006 903 1082 958 ad
1107 902 1230 958 vim
1255 913 1646 976 transgressus
1669 902 2110 978 Canninefate8‚.

248 991 502 1059 Frisios,
543 986 798 1046 Batavos
832 987 1091 1065 propriis
1129 987 1329 1044 cuneis
1372 990 1690 1064 componit.
1777 991 1996 1050 directa
2034 1013 2105 1050 ex

246 1076 479 1133 diverso
514 1074 667 1131 acies
700 1069 862 1131 haud
894 1072 1104 1150 procul
1143 1092 1178 1128 a
1209 1073 1461 1129 flumine
1489 1069 1704 1132 Rheno
1748 1086 1805 1132 et
1841 1078 2105 1136 obversis

246 1162 314 1218 in
354 1152 588 1218 hostern
618 1158 900 1229 navibus,
953 1178 1098 1236 quas
1123 1157 1377 1215 incensis
1404 1158 1654 1216 castellis
1684 1160 1827 1218 illuc
1857 1162 2105 1238 adpule-

244 1257 397 1306 rant.
483 1264 592 1302 nec
620 1245 727 1302 diu
752 1254 972 1304 certato
993 1242 1379 1317 Tungrorum
1404 1239 1615 1302 cohors
1645 1245 1810 1320 signa
1844 1247 1920 1304 ad
1939 1246 2105 1307 Civi-

1805 251 1862 344 ff:
1876 257 2032 346 3533:

1211 1520 1318 1565 dum
1342 1524 1443 1565 acie
1470 1523 1527 1566 ob
1562 1522 1816 1581 sequentia:
1857 1531 1901 1566 et
1935 1525 2101 1566 obver-

1207 1581 1274 1622 sis
1304 1580 1353 1622 in
1385 1583 1567 1628 hostem
1600 1582 1816 1626 navibus.
1891 1580 2101 1626 Placebat

1209 1652 1259 1681 ea
1302 1638 1565 1682 coniectura
1595 1637 1819 1683 Ernestio.
1898 1638 1961 1682 At
1996 1637 2099 1681 falsi

1207 1702 1330 1737 sunt.
1388 1694 1505 1738 Nam
1531 1694 1694 1752 copula
1723 1702 1769 1738 et
1789 1701 1886 1739 non
1911 1695 2098 1740 coniun-

1207 1752 1271 1809 git
1305 1753 1481 1795 directa
1522 1753 1646 1795 acies
1680 1761 1723 1796 et
1759 1754 1969 1797 obversis
2008 1784 2019 1795 .
2044 1784 2058 1797 .
2081 1783 2096 1798 .

1207 1810 1424 1861 navibus,
1450 1810 1526 1853 sed
1548 1813 1678 1852 haud
1691 1813 1862 1865 procul
1877 1810 1962 1867 “fi
1976 1811 2099 1854 Rhe-

1205 1881 1269 1909 no
1293 1874 1335 1910 et
1358 1869 1564 1912 obversis
1583 1899 1596 1911 .
1610 1899 1648 1912 ..
1668 1869 1876 1912 navibus.
1924 1867 2098 1912 Strom-

1206 1923 1368 1969 beckio
1395 1924 1472 1969 hic
1490 1926 1619 1969 locus
1643 1926 1863 1970 obscurus
1882 1933 1924 1969 et
1945 1925 2098 1985 depra-

1207 1983 1383 2025 vatione
1408 1983 1612 2026 laborare
1641 1982 1830 2030 viderur.
1892 1982 2012 2027 Nihil
2035 1991 2097 2028 ta·

1204 2039 1626 2084 men‘tenebrarum
1659 2039 1807 2084 video.
1865 2039 1989 2085 Male
2021 2055 2097 2084 au·

299 1526 573 1567 tumultum.
632 1519 733 1567 MS.
747 1519 866 1566 Bud.
889 1522 1138 1574 tumulum,

241 1582 419 1641 vulgari
440 1580 566 1626 vitio.
628 1579 686 1623 cf.
708 1587 806 1623 not.
831 1579 886 1623 ad
902 1578 995 1625 An.
1007 1579 1051 1631 2,
1062 1579 1105 1623 7.

300 1677 699 1731 compressurum.
771 1660 850 1708 Sic
867 1659 1003 1707 MSS.
1024 1661 1137 1721 Reg.

236 1720 1136 1838 figiggflssnsffigsssfflssjg‘ffggsssggfi

238 1835 483 1952 {33115‘252
507 1834 886 1949 &333412123225
920 1833 1137 1958 3323?ss

238 1954 332 1998 An.
361 1953 401 2003 1,
423 1950 496 1995 43.
524 1951 597 1996 46.
619 1952 692 1995 69.
764 1950 966 1995 Varietas
1000 1965 1135 2007 orlgl·

208 2027 348 2065 xnem
386 2009 515 2053 traxit
553 2025 577 2052 e
611 2007 882 2068 compendio
924 2021 1136 2066 opressu-

239 2083 368 2112 rum·

295 2166 378 2194 nec
398 2151 695 2194 Brinnonem
718 2153 882 2192 ducem
909 2150 1002 2192 eius
1025 2149 1138 2191 belli

239 2217 327 2254 etc.
384 2207 472 2253 Ed.
493 2208 611 2266 Spir.
633 2223 717 2250 neo
738 2208 1005 2250 Brinonem
1033 2220 1134 2248 esse

236 2271 403 2310 ducem
439 2267 572 2309 belli:
614 2267 700 2308 sed
726 2265 920 2308 Civilem
947 2265 1012 2307 eis
1037 2279 1128 2318 pa-

238 2326 347 2368 tuit.
406 2322 470 2367 Ita
493 2330 536 2364 et
557 2321 695 2367 MSS.
717 2321 830 2381 Reg.
857 2330 902 2366 et
924 2321 1036 2379 Agr.
1072 2343 1131 2353 -

235 2382 341 2434 MS„
365 2378 516 2425 Guelf.
530 2394 543 2421 τ
575 2394 659 2424 nee
677 2380 943 2423 Brinonem
965 2382 1130 2421 ducem

236 2442 336 2485 eius
369 2452 467 2482 esse
497 2439 628 2490 belli,
676 2440 761 2480 sed
798 2437 990 2480 Civilem
1027 2450 1130 2479 esse

230 2498 405 2556 patuit.
461 2494 596 2539 Prius
619 2509 718 2538 esse
733 2494 1031 2539 ibiscribitur
1048 2509 1130 2552 per

237 2553 341 2602 com
378 2552 562 2597 endium
590 2550 641 2596 ὲέ
672 2560 717 2596 et
748 2551 797 2595 in
831 2551 966 2596 litura
999 2566 1022 2594 a
1053 2566 1125 2595 se-

234 2628 325 2660 cun
359 2627 383 2655 a
406 2626 560 2654 manu.
632 2609 735 2654 MS.
759 2609 877 2654 Bud.
906 2610 1006 2652 eius
1030 2623 1125 2664 pa-

235 2671 343 2716 tuit.
400 2667 610 2712 Ernestio
644 2668 745 2710 eius
776 2675 878 2712 ante
913 2667 1024 2708 belli
1051 2665 1125 2711 vi-

233 2729 425 2774 debatur
466 2723 694 2784 languere.
779 2723 844 2770 At
883 2724 988 2767 satis
1027 2731 1127 2780 apte

233 2787 378 2836 adest,
419 2791 471 2827 ut
503 2781 776 2826 vocabulum
810 2782 923 2825 belli
957 2787 1127 2839 spectet

232 2843 289 2888 ad
333 2842 591 2884 tumultum
625 2839 982 2895 Canninefatem
1022 2845 1125 2880 ante

233 2901 423 2945 dictum.
501 2896 699 2941 Dixerat
733 2895 1038 2942 enimcivilis
1081 2909 1129 2938 se

236 2971 603 3014 compressurum
663 2953 795 2998 illum
853 2952 1126 2998 tumultum:

233 3030 392 3058 verum
431 3012 534 3057 satis
573 3012 715 3070 patuit
754 3012 768 3054 i
803 3027 905 3055 sum
935 3009 1128 3055 Civilem

233 3087 322 3115 nec
351 3070 635 3114 Brinnonem
671 3069 764 3113 eius
801 3085 875 3115 em
912 3066 1129 3112 tumultus

237 3143 332 3174 esse
355 3136 604 3172 auctorem.

295 3210 490 3255 indiciis.
547 3209 632 3255 Ed.
655 3209 774 3270 Spir.
797 3208 1001 3258 iudiciis.
1030 3206 1127 3254 vul·

237 3268 333 3330 gari
356 3266 486 3314 vitio.

295 3336 493 3383 Frisios.
591 3335 704 3380 Edd.
742 3335 847 3379 Put.
885 3334 953 3378 Μ.
988 3341 1030 3378 et
1065 3332 1124 3377 V.

235 3393 442 3441 Beroald.
469 3393 592 3448 (cum
613 3393 682 3436 sil.
705 3391 847 3448 Vict.)
869 3392 1075 3437 Fraoeios.

292 3482 472 3525 directa
496 3493 562 3522 ex
582 3479 766 3521 diverso
787 3480 924 3522 acies.
988 3475 1128 3521 MSS.

236 3539 349 3598 Reg.
369 3536 487 3581 Bud.
516 3544 560 3579 et
583 3535 653 3579 ed.
678 3534 798 3593 Spir.
827 3540 1011 3580 detecta
1040 3549 1125 3593 pro

236 3599 431 3641 dab-eota.
521 3592 716 3639 Pichena
754 3593 938 3651 putabat
970 3592 1123 3650 legen-

1163 2127 1165 2130 ψ
1205 2104 1296 2140 tem
1322 2110 1386 2138 ex
1412 2098 1601 2141 diverso
1640 2097 1989 2156 interpretantur
2016 2114 2097 2154 ge·

1202 2155 1406 2209 genit'ber
1432 2154 1715 2200 Strombeclt.
1750 2163 1794 2199 et
1822 2154 2101 2210 Gutmann.;

1203 2213 1405 2254 vor-iiber
1426 2210 1711 2256 Ricklefsius.
1769 2213 1915 2256 Immo
1939 2227 2003 2256 ex
2022 2214 2097 2255 di·-

1201 2281 1334 2311 verso
1374 2268 1544 2312 indicat
1579 2278 1750 2328 partem
1783 2269 1921 2316 Civili
1950 2269 2095 2315 hosti-

1199 2325 1317 2370 lem=
1369 2327 1466 2381 auf
1482 2327 1640 2371 Seicen
1681 2330 1767 2371 des
1802 2327 2097 2383 Gegentheils

1198 2385 1339 2425 ward
1364 2383 1441 2426 die
1462 2383 1891 2440 Schlaolztordnung
1922 2385 2096 2442 ausge-

1199 2442 1327 2484 stellt
1358 2441 1485 2483 nicht
1507 2441 1628 2497 feru
1656 2456 1763 2484 vom
1787 2442 2094 2486 Rheinstrom

1200 2501 1300 2541 und
1313 2499 1386 2541 die
1397 2496 1567 2554 Schiffe
1586 2513 1732 2555 gegen
1748 2502 1840 2543 den
1852 2500 2002 2546 Feind
2021 2516 2096 2558 ge·

1198 2558 1404 2599 wendet.
1462 2556 1522 2601 cf.
1553 2556 1662 2602 infr.
1694 2573 1733 2600 c.
1756 2556 1829 2601 46.
1857 2573 2002 2614 quum
2031 2573 2096 2602 ex

1198 2614 1376 2656 diverso
1399 2615 1524 2656 velut
1548 2616 1696 2656 acz'em
1721 2646 1734 2659 .
1748 2645 1762 2660 .
1778 2645 1791 2658 .
1814 2617 2092 2670 aspicerent.

1199 2670 1387 2772 An.313,
1410 2671 1480 2714 57.
1506 2673 1744 2714 diversam
1764 2673 1926 2717 aciem.
1984 2673 2093 2719 ibid.

1203 2728 1270 2780 14,
1319 2730 1365 2773 o·

1257 2825 1378 2868 quas
1413 2811 1614 2855 incensis
1645 2827 1685 2856 o.
1764 2811 1867 2857 MS.
1899 2813 2013 2858 Bud.
2049 2824 2094 2860 et

1199 2868 1271 2914 ed.
1300 2860 1421 2928 Spir.
1454 2870 1595 2926 quasi
1622 2871 1818 2914 incensis
1854 2872 1917 2924 a,
1969 2872 2092 2917 sacili

1199 2926 1329 2970 vitio.
1389 2927 1598 2971 Placebat
1621 2936 1772 2972 tamen
1797 2943 1848 2971 ea
1868 2929 2091 2988 scriptura

1199 2984 1441 3029 RhenanO.

1258 3045 1559 3111 adpuleran‘t.
1617 3052 1733 3100 Edd.
1755 3056 1958 3102 Rhenan.
1977 3057 2086 3103 Ald-

1200 3116 1462 3170 appulerat.
1506 3112 1683 3172 Lipsius
1703 3114 1748 3157 id
1766 3113 1922 3159 vitium
1946 3124 2089 3160 sustu·

1197 3171 1264 3215 lit.
1336 3170 1553 3230 Micyllus
1582 3171 1752 3228 (1557.)
1784 3171 1968 3216 retinuit
1999 3189 2090 3230 ap-

1195 3231 1432 3284 paler-ant.

1257 3300 1571 3356 Tungrorum.
1634 3300 1709 3346 Sic
1734 3301 1834 3346 edd.
1858 3302 1962 3347 Put.
1991 3319 2088 3361 sqq.

1200 3360 1334 3412 (cum
1368 3357 1436 3401 sil.
1462 3358 1609 3413 Vict.)
1638 3381 1696 3391 —-
1767 3359 2088 3415 Turingorum

1199 3415 1336 3458 MSS.
1370 3414 1526 3458 Guelf.
1565 3414 1690 3460 Harl.
1725 3415 1859 3461 Bodl.
1893 3417 1976 3461 les.
2011 3417 2084 3461 ed.

1199 3473 1343 3531 Spin,
1397 3473 1555 3516 eodem
1596 3473 1708 3518 vitio
1741 3473 1861 3531 quod
1895 3474 2084 3518 vidimus

1198 3545 1332 3586 supra
1365 3530 1407 3581 2,
1437 3530 1504 3575 14.
1537 3553 1595 3563 —
1662 3530 1770 3574 Mox
1817 3531 2082 3577 vocabulum
2097 3563 2134 3585 l<

1198 3588 1370 3631 milites
1391 3588 1439 3631 in
1461 3587 1531 3630 ed.
1555 3587 1672 3646 Spir.
1696 3602 1790 3631 non
1811 3587 1986 3647 legitur.
2059 3631 2074 3636 ,
