2138 4030
199 259 231 291 A
241 280 248 289 .
267 255 318 290 U.
330 253 415 288 823.

200 301 250 334 A.
268 297 315 335 C.
355 297 416 332 70.

693 253 866 314 ΜΒ,
905 253 972 333 ι,
1028 250 1367 339 muse.
1873 0 2138 331 QX

113 389 362 452 strenui:
421 387 519 442 sed
558 385 794 460 profusa
833 382 1109 456 cupidine
1149 395 1206 440 et
1251 382 1472 457 insigni
1510 390 1831 449 temeritate
1868 395 1956 450 le-

111 475 231 551 gati
257 474 555 546 legionum
578 467 828 526 Alienus
855 465 1102 523 Caecina
1140 479 1197 523 et
1220 466 1439 525 Fabius
1462 467 1709 530 Valens:
1729 484 1733 488 ’
1753 496 1790 532 e·
1821 467 1959 555 qui..

70 555 72 558 .
112 564 223 618 bus
260 558 478 614 Valens
525 555 787 610 infensus
821 549 1080 621 Galbae,
1147 563 1429 628 tanquam
1483 554 1766 614 detectam
1811 583 1847 618 a
1896 584 1958 620 se

114 642 382 717 Verginii
420 639 881 705 cunctationem,
931 657 1203 711 oppressa
1243 636 1548 713 Capitonis
1584 644 1826 700 consilia
1861 648 1959 704 in-

112 741 269 804 grate
333 726 590 793 tulisset,
665 722 942 794 instigare
996 719 1308 777 Vitellium
1363 724 1637 781 ardorem
1698 728 1959 788 militum

113 823 426 870 ostentans,
551 810 746 883 ipsum
799 806 1017 863 celebri
1070 807 1295 883 ubique
1343 808 1527 878 fama,
1610 812 1839 869 nullam
1893 817 1959 872 in

111 899 319 955 Flacco
359 893 705 952 Hordeonio
760 912 1021 961 moram,
1086 892 1288 948 adfore
1328 891 1731 966 Britanniam,
1793 917 1960 956 secu-

111 995 243 1041 tura
281 979 717 1038 Germanorum
759 976 1003 1045 auxilia,
1044 978 1199 1032 male
1234 977 1380 1032 fidas
1419 981 1783 1053 provinciaS,
1824 1005 1963 1059 pre-

113 1068 335 1124 carium
373 1065 498 1121 seni
533 1063 850 1138 imperium
888 1073 944 1117 et
986 1062 1154 1117 brevi
1187 1063 1588 1123 transiturum.
1675 1068 1960 1142 panderet

110 1154 288 1208 modo
331 1151 528 1207 sinum
570 1160 625 1205 et
662 1147 925 1202 venienti
962 1143 1259 1202 Fortunae
1301 1162 1648 1210 occurreret.
1747 1155 1959 1212 merito

113 1237 406 1294 dubitasse
430 1233 777 1306 Verginium
806 1231 1059 1307 equestri
1081 1232 1301 1287 familia
1319 1278 1335 1301 ,
1378 1234 1577 1306 ignoto
1605 1248 1802 1311 patre,
1845 1239 1962 1295 im-

114 1341 341 1396 parem,
398 1319 448 1375 si
494 1317 801 1392 recepisset
839 1316 1183 1390 imperium,
1238 1328 1465 1388 tutum,
1522 1321 1573 1375 si
1622 1337 1960 1386 recusasset.

114 1404 357 1461 Vitellio
408 1415 523 1459 tres
571 1403 751 1477 patris
799 1401 1166 1470 consulatus,
1237 1422 1572 1474 censuram,
1645 1408 1958 1482 collegium

113 1488 375 1546 Caesaris
422 1501 477 1545 et
517 1490 817 1562 imponere
855 1486 1208 1561 iampridem
1248 1487 1620 1564 imperatoris
1662 1492 1958 1566 dignatio-

113 1595 250 1631 nem
277 1585 333 1631 et
364 1575 592 1632 auferre
620 1572 835 1649 privati
861 1571 1245 1632 securitatem,

1070 1821 1186 1865 Sunt
1217 1829 1364 1864 tamon
1410 1821 1488 1878 qui
1522 1821 1706 1881 plenum
1742 1825 1843 1870 viro
1877 1843 1958 1870 no·
2035 1867 2038 1870 .

1070 1896 1178 1922 men
1219 1880 1472 1924 vindicent:
1522 1884 1581 1924 Α.
1611 1882 1805 1926 Alienus
1839 1883 1962 1927 Cac-

1067 1939 1186 1979 cina.
1247 1936 1301 1980 cs.
1327 1936 1467 1994 Ryck.
1490 1937 1544 1980 ad
1561 1937 1603 1981 h.
1619 1938 1648 1982 l.
1669 1939 1959 1985 etReinesius

1067 1994 1114 2037 in
1138 1993 1244 2035 Var.
1272 1993 1392 2036 Lect.
1424 1996 1462 2043 1,
1484 1995 1550 2039 17.

113 1826 284 1881 petent)
305 1830 349 1865 et
372 1821 599 1865 modestos
628 1822 722 1881 (qui
746 1821 883 1864 ardua
906 1837 999 1863 non

113 1880 332 1938 peterent)
375 1878 502 1921 multi
545 1880 674 1922 etiam
712 1889 857 1922 essent
896 1877 999 1922 mali

115 1936 348 1994 (inquieti,
382 1935 643 1979 turbulenti.
678 1937 738 1982 cf.
764 1952 805 1979 c.
829 1937 901 1980 54.
923 1938 998 1977 in·

113 2004 186 2037 ter
206 1996 374 2049 malos)
397 2001 438 2035 et
460 1994 627 2035 strenui
650 1993 802 2048 (alacri
828 2002 868 2035 et
891 1992 998 2034 forti

111 2051 266 2093 animo
299 2050 356 2093 ad
397 2051 666 2105 capessenda
711 2049 854 2093 civilis
894 2049 999 2092 belli

113 2107 335 2164 pericula,
376 2103 686 2165 δραστήριοι)ε
720 2105 798 2150 sed
832 2106 999 2162 praeci-

110 2180 197 2224 pue
227 2166 409 2221 profusa
445 2165 653 2222 cupidine
683 2175 725 2208 et
750 2163 913 2222 insigni
938 2173 1000 2206 te-

110 2220 313 2264 meritate
345 2222 671 2280 praecellebant
698 2220 828 2279 legati
864 2221 999 2279 legio·

112 2295 221 2324 num
245 2287 329 2322 etc.
372 2279 582 2323 Ceterum
602 2283 683 2322 sed
703 2278 999 2323 seruntMSS.

111 2337 237 2379 Flor.
261 2335 412 2379 Guelf.
447 2335 548 2380 edd.
580 2335 699 2393 Spir.
733 2337 836 2379 Put.
863 2336 931 2380 M.
954 2345 998 2379 et

111 2393 166 2436 V.
205 2393 411 2437 Beroald.
447 2397 574 2449 (eum
605 2393 749 2438 silent.
781 2395 917 2450 vict.)
955 2402 998 2437 et

111 2450 275 2494 deinde
307 2451 424 2508 Lips.
458 2452 719 2509 (postrema)
755 2451 874 2493 Pich.
901 2467 998 2509 sqq.

108 2536 167 2544 —
193 2508 293 2550 MS.
318 2508 428 2550 Bud.
464 2517 509 2552 et
534 2508 638 2550 inde
669 2508 769 2552 edd.
791 2508 995 2553 Rhenan.

109 2565 211 2608 Ald.
242 2581 339 2622 sqq.
372 2565 562 2608 habent:
605 2565 665 2607 Et
690 2566 891 2621 profusa
917 2582 995 2607 cu-

107 2623 282 2675 pidine,
303 2624 473 2675 insigni
492 2626 755 2665 temeritate
778 2633 861 2667 ete.
904 2623 995 2665 Pro

112 2688 156 2722 et
191 2682 376 2721 strenui
403 2679 536 2722 MSS.
566 2679 692 2722 Harl.
718 2679 853 2723 Bodl.
890 2681 997 2723 dant

111 2743 156 2778 et
178 2737 386 2779 extremi
393 2767 406 2784 ,
439 2737 482 2778 in
507 2739 706 2794 margine
728 2746 774 2780 et
799 2741 995 2781 strenui.

113 2793 213 2837 Hoc
237 2793 368 2835 etiam
393 2792 493 2837 MS.
517 2793 667 2840 Guelf.
693 2795 823 2838 babet
847 2813 869 2839 3
904 2811 996 2838 sec.

110 2865 272 2893 manu:
320 2851 425 2907 quid
461 2860 562 2894 ante
593 2851 750 2904 fuerit,
789 2852 996 2895 Ernestio

110 2906 290 2963 adsequi
322 2924 415 2951 non
449 2907 588 2951 licuit.
655 2909 768 2952 Mihi
812 2909 996 2953 indubia

109 2964 292 3022 vestigia
322 2980 421 3008 voc.
455 2969 659 3008 extremi
683 2967 742 3009 ibi
775 2983 993 3025 apparue-

109 3029 231 3062 runt.
294 3021 382 3063 Pro
416 3025 680 3066 temeritate
703 3024 750 3067 in
778 3025 847 3068 ed.
872 3024 994 3082 Spir.

110 3077 245 3122 video
271 3080 534 3124 teneritate.

166 3163 359 3204 Alienus
374 3163 583 3205 Caecina.
633 3164 711 3208 Sic
721 3164 856 3208 MSS.
870 3163 993 3208 Flor.

109 3219 225 3273 (test.
255 3218 374 3261 Vict.
400 3236 503 3263 cum
525 3221 716 3278 Ryckio)
747 3221 856 3279 Reg.
883 3223 994 3279 Agr.

110 3274 247 3318 Corb.
268 3276 380 3319 Bud.
409 3277 509 3320 edd.
527 3278 643 3336 Spir.
671 3278 794 3333 (haec
812 3279 994 3334 Cecina)

111 3331 224 3389 Lips.
248 3332 370 3376 Pich.
396 3350 492 3391 sqq.
564 3334 799 3378 Consentit
825 3335 992 3394 Xiphil.

113 3389 170 3431 es.
195 3389 389 3434 Reimar.
411 3392 463 3434 ad
478 3391 641 3448 Xiphil.
664 3392 733 3441 65,
761 3395 825 3436 10.
846 3416 904 3426 —-
937 3397 992 3438 A.

117 3445 316 3490 Caecina
349 3447 479 3491 MSS.
513 3449 661 3491 Guelf.
699 3449 821 3493 Harl.
861 3450 991 3493 Rodl.

72 3554 74 3557 .
114 3500 196 3545 les.
227 3504 327 3546 edd.
363 3504 462 3548 l‘ut.
490 3507 700 3561 (cecina)
725 3507 828 3549 Ber.
851 3506 994 3550 Rhen.

113 3558 212 3605 Md.
253 3561 386 3616 (haec
427 3563 680 3615 Caecinna,
726 3563 780 3607 de
824 3567 995 3621 more).

1127 2067 1362 2107 detectam
1390 2079 1422 2105 a
1450 2080 1499 2107 se
1520 2066 1578 2110 V.
1603 2068 1962 2112 cunctationem.

1069 2121 1146 2165 Sic
1170 2121 1304 2164 MSS.
1333 2122 1454 2165 Flor.
1488 2123 1603 2177 (test.
1629 2121 1768 2180 Viet.)
1803 2125 1958 2169 Guelf.

1069 2178 1174 2223 edd.
1213 2178 1312 2221 Put.
1345 2179 1413 2222 M.
1447 2186 1490 2222 et
1521 2179 1576 2225 V.
1608 2181 1960 2239 (conlationem)

1069 2235 1277 2279 Beroald.
1302 2235 1406 2280 Alc.
1434 2239 1815 2296 (conc-tationem)
1837 2239 1964 2299 Lips.

1067 2293 1238 2337 Pichen
1274 2310 1373 2352 sqq.
1397 2319 1453 2328 -—
1506 2298 1741 2339 decretam
1763 2314 1796 2339 a
1815 2312 1871 2340 se
1899 2298 1967 2342 V.

1068 2351 1407 2394 cunctationem
1430 2352 1502 2395 ed.
1525 2352 1671 2411 Spir.;
1703 2355 1964 2398 discretam.

1068 2408 1166 2453 MS.
1183 2409 1290 2465 Reg.
1352 2408 1441 2452 Sed
1466 2409 1522 2452 ef.
1548 2425 1586 2454 c.
1611 2411 1638 2452 8
1658 2419 1699 2454 et
1716 2411 1760 2453 9.
1784 2437 1841 2447 ·-
1873 2416 1966 2454 de·-

1069 2473 1192 2509 tecta
1212 2481 1242 2507 a
1262 2479 1310 2508 se
1329 2467 1377 2506 V
1373 2501 1384 2513 .
1410 2468 1702 2510 cunctatione
1721 2468 1820 2512 MS.
1840 2468 1965 2512 Bud.

1069 2523 1169 2565 edd.
1205 2522 1343 2567 Rhen.
1373 2524 1471 2567 ΑΜ.
1502 2548 1560 2558 -
1613 2526 1829 2579 Verginii
1855 2526 1963 2571 MS.

1068 2579 1192 2624 Flor.
1225 2584 1345 2635 (test.
1373 2579 1511 2636 Viet.)
1551 2581 1651 2624 edd.
1677 2582 1728 2626 Li
1762 2599 1799 2626 s.
1829 2599 1965 2641 sqq-3

1070 2639 1271 2692 Virginii
1290 2637 1389 2681 MS.
1411 2637 1563 2681 Guelf.
1588 2638 1690 2681 edd.
1746 2639 1830 2698 pir.
1851 2642 1960 2686 Put.

1067 2711 1165 2753 sqq.
1187 2694 1242 2737 ad
1264 2694 1381 2752 Lips.
1442 2694 1502 2738 cf.
1528 2704 1620 2738 not.
1648 2698 1701 2740 ad
1728 2714 1768 2742 c.
1794 2698 1838 2742 8.

1127 2765 1414 2808 Hordeonio.
1470 2765 1546 2809 Sic
1571 2767 1671 2812 MS.
1689 2768 1812 2812 Flor.
1839 2769 1961 2824 (test.

1071 2819 1211 2878 Vict.)
1231 2822 1328 2864 edd.
1349 2822 1452 2865 Am.
1477 2822 1597 2879 Lips.
1622 2841 1720 2883 sqq.
1745 2848 1806 2858 —
1862 2826 1960 2867 Or·-

1066 2882 1231 2922 deonio
1258 2879 1358 2922 MS.
1385 2879 1535 2923 Guelf.
1565 2880 1667 2926 edd.
1703 2882 1825 2941 Spir.
1851 2881 1958 2931 Pui.

1067 2936 1277 2979 Beroald.
1313 2937 1413 2980 Alc.
1441 2936 1585 2982 Rheu.
1655 2939 1779 2983 Infra
1809 2956 1851 2985 c.
1883 2939 1957 2983 54.

1069 3010 1225 3036 omnes
1251 2992 1411 3035 habent
1434 2994 1750 3040 Hordeonius.

1124 3059 1357 3093 secutura.
1406 3050 1487 3094 Ed.
1503 3053 1620 3111 Spir.
1642 3062 1816 3099 secuta.
1872 3055 1957 3100 Ea·

1068 3108 1167 3151 dem
1197 3124 1295 3149 mox
1321 3107 1486 3152 omittit
1507 3112 1624 3152 seni.

1127 3166 1415 3218 Verginium.
1468 3166 1603 3219 Libri,
1626 3175 1675 3211 ut
1703 3177 1846 3213 antea.
1896 3171 1958 3214 At

1065 3239 1107 3266 c.
1130 3222 1196 3267 53.
1221 3237 1378 3264 omnes
1397 3221 1548 3267 ferunt
1573 3226 1624 3266 V
1618 3228 1870 3281 erginium.

1122 3279 1397 3334 imperium,
1441 3289 1611 3326 tutum.
1704 3283 1790 3327 Ed.
1833 3285 1954 3342 Spir-

1063 3337 1110 3379 in
1133 3338 1324 3390 impium
1351 3344 1522 3383 tutum.

1122 3396 1364 3447 collegium
1392 3395 1624 3442 Caesaris.
1683 3397 1745 3443 cs.
1766 3398 1957 3444 sueton.

1067 3450 1219 3494 Vitell.
1254 3466 1292 3494 c.
1316 3452 1359 3498 ἓ.

1123 3515 1167 3549 et
1197 3511 1433 3562 imponere
1458 3541 1469 3553 .
1488 3541 1499 3553 .
1516 3543 1526 3554 .
1549 3520 1594 3553 et
1617 3513 1819 3567 auferre.
1879 3513 1957 3557 Sic

1067 3563 1202 3610 MSS.
1223 3565 1348 3612 Flor.
1386 3567 1502 3620 (test.
1525 3567 1645 3613 Viet.
1673 3585 1781 3614 eum
1801 3569 1955 3624 Pich.)
