2138 4030
172 212 221 251 A.
234 211 288 248 U.
305 211 390 246 823.

173 256 284 293 A.C.
328 256 389 288 7⁰·
405 272 409 278 ⁴

665 209 952 273 121ss.st
1019 209 1213 271 CAP.
1250 211 1311 272 4.
1346 212 1404 273 5.
1817 216 1936 276 139
1981 251 1983 253 ·

91 349 276 405 bello:
328 355 605 422 quattuor
627 339 943 398 Mucianus
966 340 1270 397 obtinebat
1298 340 1362 395 in
1388 361 1554 414 pace,
1606 346 1706 400 sed
1737 364 1946 402 nemu...

92 433 233 490 latio
278 441 336 487 et
377 427 631 504 proximi
673 425 956 481 exercitus
1012 425 1199 498 gloria
1250 425 1556 500 depulerat
1613 430 1939 501 segnitiam,

84 527 496 594 ‘quantumque
533 511 652 567 illis
687 510 920 566 roboris
967 509 1308 566 discrimina
1349 521 1407 566 et
1451 510 1651 579 labor,
1707 524 1935 571 tantum

92 599 188 658 his
208 600 427 674 vigoris
454 596 761 653 addiderat
790 595 1016 667 integra
1055 594 1220 670 quies
1253 605 1309 649 et
1344 595 1633 669 inexperti
1670 596 1812 653 belli
1849 600 1940 655 la-

93 687 221 746 bor.
297 683 514 741 auxilia
541 681 777 755 utrique
805 674 1137 735 cohortium
1167 680 1508 755 alarumque
1535 691 1590 736 et
1611 681 1819 738 classes
1845 704 1940 740 re—

93 790 304 848 gesque
329 790 394 826 ac
419 786 639 823 nomen
666 764 890 839 dispari
915 765 1071 820 fama
1092 763 1335 822 celebre.

262 853 336 914 V.
376 851 770 927 Vespasianus
798 869 930 904 acer
953 848 1199 904 militiae
1221 847 1444 905 anteire
1468 869 1709 922 agmen,
1746 851 1945 908 locum

95 939 296 997 castris
321 957 522 1012 capere
538 981 553 1004 ‚
597 945 779 990 noctu
802 934 1021 1010 diuque
1047 933 1294 989 consilio
1312 979 1328 1002 ,
1371 954 1436 990 ac
1469 935 1518 990 si
1543 955 1635 991 res
1659 949 1943 1009 posceret,

93 1045 274 1081 manu
311 1020 581 1079 hostibus
623 1018 842 1076 obniti:
909 1019 1040 1074 cibo
1079 1018 1357 1087 fortuitO,
1423 1031 1581 1076 veste
1619 1015 1944 1098 habituque

93 1110 193 1166 vix
218 1129 252 1165 a
277 1107 537 1183 gregario
562 1104 747 1159 milite
775 1104 1136 1177 discrepans:
1181 1116 1454 1177 prorsus,
1497 1105 1546 1160 si
1567 1105 1814 1162 avaritia
1839 1107 1947 1162 ab-

94 1205 276 1263 esset,
322 1191 594 1267 antiquis
645 1188 897 1252 ducibus
943 1208 1069 1262 par.
1174 1186 1527 1245 Mucianum
1572 1191 1943 1249 econtrario

97 1276 528 1352 magnificentia
569 1285 626 1330 et
662 1293 802 1364 opes
827 1283 883 1349 et
907 1283 1112 1329 cuncta
1135 1272 1431 1349 privatum
1464 1275 1707 1331 modum
1741 1295 1947 1351 super-

94 1383 286 1438 gressa
320 1360 692 1418 extollebant.
780 1356 971 1432 aptior
1007 1377 1303 1428 sermone,
1347 1359 1634 1435 dispositu
1671 1361 1946 1436 provisu..

33 2595 38 2602 ‚
96 2549 293 2593 otiosum
332 2557 414 2593 est.

149 1581 421 1634 depulerat.
469 1575 546 1621 Sic
567 1576 704 1622 MSS.
723 1575 848 1620 Flor.
870 1578 987 1632 (test.

96 1636 232 1687 Vict.)
257 1636 397 1680 corb.
431 1636 503 1679 ed.
528 1634 647 1693 Spir.
688 1660 745 1669 -
803 1637 986 1689 repule-

41 1743 50 1748 ὴ
92 1703 171 1737 rat
183 1694 410 1738 MS.Bud.
436 1692 650 1735 edd.Put.
670 1708 767 1749 sqq.
791 1692 844 1733 ad
868 1691 988 1734 hunc

94 1752 226 1795 diem.
287 1751 376 1795 Sed
411 1749 521 1793 illud
556 1750 643 1792 iam
666 1748 872 1792 Ernestio
896 1763 987 1789 me·

94 1808 181 1852 lius
207 1808 448 1852 videbatur.

152 1866 391 1920 inexperti
412 1866 518 1906 belli
537 1865 684 1905 labor.
744 1860 821 1905 Sic
844 1860 984 1904 MSS.

94 1922 216 1965 Flor.
240 1924 359 1978 (test.
383 1921 422 1965 R
457 1920 546 1971 ck.)
569 1921 685 1963 Bud.
710 1919 861 1962 Gueli.
886 1919 985 1962 edd.

94 1979 198 2022 Put.
231 1980 300 2023 M.
335 1986 379 2021 et
412 1937 468 2022 ὅ.
501 1978 600 2021 Ber.
633 1976 739 2021 Alc.
781 1976 988 2031 interque

94 2036 365 2080 recentiores
386 2036 455 2079 ed.
474 2034 563 2078 Iac.
575 2033 777 2076 Gronov,
805 2061 864 2068 —
922 2033 988 2074 in·

96 2095 281 2147 experti
306 2095 413 2136 belli
436 2094 618 2135 labores
641 2090 741 2133 MS.
765 2091 875 2145 Agr.
937 2089 988 2130 In

95 2150 200 2194 MS.
220 2150 329 2208 Reg.
348 2158 391 2193 et
413 2149 483 2194 ed.
498 2148 615 2206 Spir.
643 2148 803 2190 desunt
828 2148 990 2190 verba:

98 2214 284 2250 tantum
301 2207 379 2250 his
398 2238 412 2251 .
427 2238 440 2251 .
455 2237 468 2250 .
491 2209 638 2249 labor.
700 2204 816 2247 Edd.
841 2203 986 2246 Rhen.

95 2264 204 2307 Ald.
234 2279 331 2322 sqq.
367 2263 422 2307 ad
461 2263 586 2306 hunc
618 2262 735 2304 diem
767 2264 987 2316 inexper-

97 2329 172 2364 tus
213 2322 325 2364 belli
365 2324 514 2364 labor.
595 2320 794 2362 Malebat
833 2326 986 2360 tamen

96 2378 337 2422 Rhenanus
387 2377 626 2433 inexperti
670 2376 778 2418 belli
823 2379 988 2421 ardor,

94 2435 212 2479 haud
234 2435 396 2493 inepte,
420 2435 504 2478 nisi
526 2435 646 2492 quod
665 2435 711 2476 in
729 2433 813 2475 hac
829 2433 988 2475 verbo·

96 2507 203 2536 rum
256 2493 367 2535 serie
418 2491 688 2538 vocabulum
754 2489 991 2544 inexperti

483 2549 657 2607 Lipsius
700 2547 991 2590 coniiciebat:

95 2609 350 2663 inexpertis
370 2607 501 2657 belli,
533 2607 676 2648 deleta
703 2620 816 2647 voce
840 2606 990 2646 labor.

98 2663 304 2722 Bipont.:
327 2668 412 2706 sed
432 2666 480 2706 in
504 2664 688 2718 experti
701 2663 809 2703 belli
820 2663 990 2704 labore.

97 2720 186 2766 Sed
222 2730 349 2766 vetus
383 2722 601 2778 scriptura
641 2720 734 2762 sine
766 2718 864 2761 labe
899 2727 990 2760 est:

98 2794 235 2836 quare
255 2794 345 2821 non
368 2779 491 2836 potui
517 2793 613 2819 non
636 2793 732 2820 eam
755 2791 988 2818 revocare.

101 2837 411 2894 Oppouuntur
441 2834 667 2877 invicem:
718 2834 990 2875 discrimina

101 2901 147 2936 et
169 2895 303 2935 labor
333 2891 378 2934 h.
401 2908 439 2934 e.
474 2891 523 2934 ἓν
552 2890 628 2933 διὰ
661 2891 817 2944 δυοῖν,
860 2890 989 2931 labor

101 2966 205 2993 cum
229 2948 560 2999 discriminibus
592 2949 693 3002 (int.
722 2947 844 3003 belli)
874 2961 988 2988 con-

100 3007 307 3054 iunctus,
343 3014 387 3048 et
411 3006 463 3047 ab
489 3005 626 3047 altera
655 3014 779 3062 parte
809 3006 994 3056 integra

103 3065 231 3119 quies
253 3071 298 3105 et
320 3063 557 3118 inexperti
579 3065 688 3103 belli
715 3063 850 3103 labor
883 3060 926 3102 h.
953 3077 991 3103 e.

102 3122 232 3164 labor
255 3135 359 3163 cum
385 3120 540 3163 militia
567 3119 693 3162 bellis
717 3133 852 3161 vacua
879 3133 992 3164 con-

100 3178 303 3221 iunctusz
334 3175 530 3234 intellige
557 3177 832 3218 severitatem
856 3173 992 3217 disci-

104 3234 253 3293 plinae
285 3234 332 3276 in
362 3249 470 3290 pace
501 3232 819 3276 inexorabilem
854 3235 993 3288 (supr.

107 3295 147 3340 l,
169 3292 263 3347 51),
294 3307 405 3346 opus
428 3300 470 3333 et
491 3290 686 3333 laborem
709 3291 816 3343 (An.
844 3291 883 3339 1,
903 3289 992 3345 20),

107 3365 218 3403 quae
252 3347 475 3391 'militibus
515 3347 780 3405 plerumque
816 3347 994 3403 gravius

107 3406 409 3449 toleiabantur
463 3420 597 3460 quam
652 3403 754 3446 belli
806 3404 993 3471 proelia.

110 3461 197 3505 nic
230 3470 295 3506 est
332 3461 408 3505 ille
446 3463 684 3515 inexperti
714 3462 818 3502 bella
851 3462 997 3503 labor.

109 3518 187 3562 Sic
204 3520 383 3563 demum
406 3518 511 3561 ferri
534 3526 677 3576 potest
696 3517 896 3575 repetitio
919 3533 997 3564 vo·

1059 1576 1202 1620 cabuli
1225 1577 1386 1618 labor.-
1423 1576 1509 1619 iam
1534 1577 1653 1620 enim
1691 1595 1785 1622 non
1816 1583 1955 1626 labor

1058 1643 1101 1676 et
1126 1636 1261 1676 labor
1294 1633 1493 1677 invicem
1527 1646 1833 1694 opponuntur,
1870 1640 1954 1693 sed

1058 1691 1185 1734 labor
1202 1708 1306 1735 cum
1324 1691 1654 1735 discriminibus
1679 1695 1950 1740 coniunctus

1060 1757 1103 1790 et
1140 1748 1270 1790 labor
1310 1765 1414 1791 cum
1458 1748 1614 1792 militia
1652 1751 1773 1795 bello
1810 1769 1951 1798 vacua

1060 1804 1346 1850 coniunctus.
1418 1805 1496 1849 Sin
1534 1823 1640 1850 vero
1672 1808 1780 1864 legis
1811 1811 1950 1854 inex-

1056 1869 1217 1917 pertus
1247 1864 1355 1904 belli
1383 1865 1547 1919 labor,
1578 1863 1693 1908 haud
1716 1856 1849 1911 dubie
1871 1868 1950 1911 in-

1058 1918 1302 1962 tolerabilis
1325 1928 1390 1963 est
1411 1919 1487 1962 illa
1512 1923 1718 1980 repetitio
1753 1924 1951 1970 eiusdem

1060 1976 1288 2020 vocabuli.
1350 1977 1466 2020 Nam
1489 1979 1601 2020 belli
1616 1983 1828 2026 ‘lab’oret
1851 1985 1957 2027 dis-

1060 2033 1258 2076 crimina
1281 2041 1324 2074 et
1343 2035 1478 2075 labor
1499 2035 1606 2078 nihil
1631 2033 1853 2082 differunt.
1900 2043 1951 2085 ld

1062 2106 1194 2133 nemo
1251 2091 1525 2133 inficiabitur
1578 2095 1693 2137 male
1743 2095 1952 2142 Tacitum

1060 2147 1312 2205 scripsisse,
1355 2149 1388 2191 si
1423 2148 1469 2190 in
1492 2149 1580 2194 hoc
1605 2158 1814 2197 contextu
1838 2157 1950 2200 scri-
2025 2180 2027 2182 ·

1057 2205 1145 2263 psit
1167 2206 1439 2259 inexpertus
1461 2208 1571 2250 belli
1589 2212 1738 2254 labor.

1081 2319 1092 2329 ·
1117 2264 1413 2318 alarumque.
1482 2264 1566 2308 Ed.
1600 2265 1717 2325 Spir.
1757 2272 1959 2315 alarum-

1058 2334 1155 2362 sine
1182 2335 1281 2374 que.

1117 2375 1230 2418 CM».
1276 2376 1316 2420 5.
1396 2387 1536 2421 noctu
1585 2382 1767 2437 diuque.
1854 2386 1954 2429 MS.

1061 2432 1227 2534 {uelis
1257 2444 1391 2533 ngcte
1428 2441 1606 2493 dieque.
1669 2441 1729 2484 cs.
1765 2451 1860 2485 not.
1899 2445 1956 2487 ad>

1107 2508 1150 2532 n.
1231 2524 1243 2541 ,
1271 2497 1291 2532 1
1329 2526 1337 2534 .

1120 2564 1175 2591 ac
1210 2549 1255 2589 si
1282 2564 1358 2593 res
1385 2559 1608 2604 posceret.
1676 2556 1744 2596 Ac
1775 2557 1905 2602 abest·
1931 2574 1963 2601 a*

1063 2603 1167 2646 MS.
1189 2605 1305 2648 Bud.
1365 2607 1519 2662 Quare
1540 2609 1779 2655 Rhenanus
1804 2614 1850 2657 in
1877 2631 1953 2659 ea-

1063 2663 1226 2718 stigatt.
1278 2665 1579 2730 „particulam
1631 2684 1686 2710 oc
1726 2671 1953 2716 erasimus.

1062 2717 1177 2760 Nam
1227 2720 1410 2764 'Faenus
1463 2723 1727 2768 brevitatem
1779 2732 1956 2775 amat.'’

1060 2775 1148 2819 Sed
1174 2792 1334 2832 operae
1357 2794 1450 2821 non
1478 2792 1739 2836 paruerunt.
1865 2791 1876 2798 '

1116 2835 1273 2887 aptior
1303 2850 1534 2880 sermone.
1604 2838 1681 2882 Sic
1712 2839 1813 2886 libri
1847 2855 1954 2889 vett.

1060 2907 1243 2940 omnes,
1275 2892 1358 2935 nisi
1388 2898 1508 2949 quod
1532 2895 1631 2938 MS.
1658 2897 1794 2943 Con-b.
1818 2911 1861 2944 et
1885 2904 1954 2948 ed.

1063 2949 1180 3005 Spir.
1203 2949 1352 2992 serunt
1375 2953 1551 3005 aptiori
1567 2968 1799 3000 sermone.
1856 2959 1956 3002 Ho-

1067 3006 1138 3048 die
1187 3021 1290 3048 cum
1336 3007 1517 3064 Bipont.
1558 3011 1760 3056 scribunt
1802 3019 1958 3070 aptior

1064 3064 1280 3106 sermoni.
1339 3063 1452 3106 Nam
1487 3066 1723 3112 adfirmant
1755 3076 1956 3118 vocabu-

1068 3119 1159 3161 lum
1195 3122 1349 3172 aptior
1383 3122 1516 3165 dandi
1541 3140 1691 3168 casu-m
1714 3131 1957 3186 requirere.

1065 3178 1125 3219 At
1149 3177 1314 3218 Noster
1347 3194 1440 3222 non
1476 3180 1522 3222 in
1548 3198 1600 3224 eo
1625 3192 1713 3236 est,
1756 3195 1804 3228 ut
1827 3188 1960 3241 dicat,

1064 3234 1116 3277 ad
1141 3250 1274 3299 qua-ni
1297 3251 1392 3277 rem
1413 3236 1676 3290 Mucianum,
1707 3243 1783 3285 sed
1803 3260 1887 3301 qua
1911 3247 1955 3287 in

1064 3307 1112 3333 re
1148 3301 1295 3345 aptior
1331 3291 1483 3337 fuerit.
1567 3297 1642 3341 Sic
1677 3297 1781 3342 infr.
1815 3318 1854 3345 e.
1890 3304 1960 3345 86.

1066 3347 1290 3391 Antonius
1334 3349 1498 3394 dicitur
1540 3368 1757 3397 sermone
1793 3374 1956 3412 prom-

1062 3414 1200 3472 pfusl,
1249 3421 1502 3465 quanquam
1535 3410 1624 3454 An.
1663 3415 1698 3463 1,
1731 3414 1803 3457 48.
1833 3419 1958 3458 sedi—

1069 3470 1184 3503 lwm
1226 3473 1499 3518 promptum
1542 3468 1740 3523 legimus.
1813 3472 1958 3515 Nimi-

1073 3534 1176 3560 rum
1218 3522 1291 3577 qui
1337 3533 1586 3578 promptus
1630 3540 1865 3581 sermone,
1924 3532 1958 3576 is
