2138 4030
1760 283 1813 362 2:
1831 284 1883 366 3.-
1895 287 1981 377 ⁸33:

219 293 336 352 194
660 325 663 330 «
738 304 743 317 «
787 283 1481 364 ΗΙΞΤΟΒΙΛΒΠΜ

212 419 318 479 nec
354 420 530 478 ceteri
565 419 882 476 sententias
922 417 1296 493 aperiebant:
1347 419 1448 473 sed
1484 416 1742 476 invisum
1781 423 2062 487 memoria

212 507 576 564 delationum
615 505 1057 579 expositumque
1092 502 1165 556 ad
1202 502 1492 559 invidiam
1530 494 1805 561 Marcelli
1836 497 2062 572 [nornen

210 593 552 648 inritaverat
575 589 886 646 Caecinam
902 633 917 654 ‚
966 598 1032 643 ut
1058 606 1248 642 novus
1273 583 1466 644 adhuc
1491 599 1547 643 et
1570 588 1636 642 in
1659 600 1927 648 senatum
1945 612 2059 650 nu—

208 698 315 753 per
344 677 596 732 adscitus
620 674 848 746 magnis
874 671 1202 727 inimicitiis
1233 673 1588 731 claresceret.
1655 675 2060 739 moderatione

207 763 520 818 meliorum
565 758 860 833 dirempti.
945 754 1024 812 Et
1059 757 1283 812 rediere
1323 777 1529 814 omnes
1555 755 1891 816 Bononiam
1925 782 2061 819 rur-

208 867 305 902 sus
331 844 724 903 consiliaturi:
761 840 938 897 simul
954 841 1155 924 ²medio
1183 842 1462 916 temporis
1484 843 1684 918 plures
1705 846 1905 905 nuntii
1929 866 2061 922 spe·-

207 933 512 998 rabantur.
597 927 937 994 Bononiae,
985 925 1189 982 divisis
1216 946 1321 1001 per
1354 928 1567 983 itinera
1595 928 1699 1005 qui
1731 932 2062 992 recentissi—

206 1037 370 1074 mum
423 1032 714 1092 quemque
758 1022 1312 1086 percunctarentur,
1370 1013 1760 1086 interrogatus
1796 1012 2061 1074 Othonis

205 1103 454 1159 libertus
489 1118 721 1155 causam
753 1097 1046 1169 digressus
1082 1092 1298 1152 habere
1333 1116 1393 1152 se
1428 1117 1700 1172 suprema
1735 1100 1858 1157 eius
1890 1123 2062 1159 man-

205 1189 339 1244 data
377 1183 707 1259 respondit:
763 1182 956 1255 ipsum
995 1181 1289 1237 viventem
1330 1181 1569 1258 quidem
1604 1183 1908 1256 relictum,
1957 1189 2059 1243 sed

206 1272 327 1328 sola
351 1268 705 1345 posteritatis
727 1287 865 1322 cura
893 1277 948 1322 et
974 1266 1238 1341 abruptis
1261 1267 1415 1323 vitae
1434 1267 1876 1332 blandimentis,
1921 1267 2060 1353 binc

205 1355 517 1413 admiratio
556 1365 612 1408 et
648 1353 819 1427 plura
859 1351 1264 1424 interrogandi
1300 1354 1522 1427 pudor:
1579 1363 1753 1429 atque
1793 1355 2062 1412 omnium
2135 1376 2138 1379 ·

202 1440 393 1499 animi
417 1439 482 1494 in
509 1436 820 1494 Vitellium
845 1436 1222 1497 inclinavere,

1222 1603 1513 1646 inritaverat.
1570 1601 1646 1646 Sic
1673 1603 1776 1648 MS.
1799 1604 1924 1653 Flor.
1951 1613 2060 1650 teste

1169 1657 1388 1704 Victorio.
1417 1661 1693 1703 irritaverat
1715 1661 1815 1705 edd.
1830 1671 1935 1708 vett.
1959 1681 2062 1707 cum

1168 1715 1268 1760 MS.
1309 1716 1463 1760 Guelf.
1537 1718 1763 1762 Acidatius
1796 1727 1841 1763 et
1874 1719 2060 1764 Dureau

1167 1775 1221 1817 de
1258 1774 1453 1817 Lamalle
1497 1777 1719 1820 malebant
1758 1778 2060 1827 invitaverat:

1167 1832 1243 1874 sed
1278 1833 1396 1874 idem
1424 1832 1582 1875 metius
1607 1842 1649 1876 et
1676 1832 1902 1878 efficacius
1926 1844 1990 1878 est
2014 1837 2058 1878 in

1167 1889 1366 1947 vulgato.
1440 1890 1498 1933 cf.
1534 1890 1722 1935 Sueton.
1755 1891 1888 1936 Galb.
1921 1909 1962 1937 c.
1988 1895 2059 1937 20.

1167 1947 1385 1988 maxime
1403 1948 1590 1990 inritati
1605 1951 1670 1991 ad
1689 1951 1834 1992 talem
1855 1951 2060 1993 iocorum

1162 2005 1506 2059 petulantiam,
1545 2009 1668 2063 quod
1702 2016 1785 2052 ete.
1843 2007 1953 2052 Mox
1990 2009 2060 2053 ed.

202 1611 328 1661 (cum
348 1601 632 1659 silentNiet.)
655 1601 825 1645 Alc..-
857 1600 1096 1644 Rhenanus

202 1664 332 1708 tacite
367 1661 572 1715 (fortasse
606 1677 629 1703 e
661 1659 763 1702 MS.
792 1659 924 1715 Bud.)
954 1659 1096 1701 dedit:

199 1715 408 1764 notabile
439 1719 645 1771 iurgium
675 1720 779 1760 inde
797 1717 927 1772 suit,
962 1723 1007 1758 et
1031 1715 1096 1758 sic

200 1779 409 1833 deinceps
443 1774 576 1832 vulgo
609 1775 776 1817 editum
812 1782 894 1817 est.
967 1772 1094 1831 Apud

198 1835 455 1879 Broterium
491 1842 639 1875 tamen
677 1831 858 1875 invenio
894 1838 1094 1875 veterem

201 1893 444 1936 verborum
472 1889 680 1933 ordinem
704 1904 897 1946 eumque
929 1886 1095 1930 melio-

199 1966 310 1994 rem.
369 1949 484 1991 Nam
508 1962 598 2003 quo
621 1963 714 1990 non
738 1944 920 2004 respicit
943 1945 996 1988 ad
1017 1959 1097 1989 vo·

198 2024 295 2052 cern
319 2009 442 2059 inde,
470 2005 546 2047 sed
570 2005 623 2047 ad
647 2005 865 2059 iurgium.
898 2001 1095 2059 Ryckius

198 2083 221 2108 e
258 2064 358 2107 MS.
380 2063 502 2106 Flor.
535 2061 703 2104 adfert:
744 2062 949 2103 notabile
987 2059 1094 2101 Uir-

196 2124 384 2177 gem'um
401 2120 526 2172 fuit,
557 2133 674 2175 qno:
709 2118 861 2160 nescio
885 2133 970 2174 qua
992 2116 1094 2160 fide.

197 2181 311 2224 Nam
340 2178 534 2220 Pichena
562 2186 603 2219 et
629 2176 718 2219 lac.
744 2174 1006 2218 Gronovius
1031 2174 1093 2215 si-

198 2234 512 2281 lentio'locum
538 2232 793 2276 tramittunt
815 2248 919 2275 cum
944 2231 1097 2272 Victo-

197 2297 286 2338 rin.
353 2292 433 2334 Est
460 2299 625 2334 *tamen
668 2289 889 2347 scriptura
930 2304 978 2330 ex
1019 2287 1093 2329 tali

203 2350 499 2407 corruptione
549 2356 645 2390 orta
692 2347 826 2390 etiam
867 2346 915 2388 in
957 2343 1092 2388 MSS.

194 2409 307 2465 Reg.
335 2407 469 2451 Corb.
497 2405 567 2448 ed.
589 2405 735 2462 Spin,
775 2404 849 2460 qui
883 2402 986 2446 libri
1023 2403 1094 2444 fe-

197 2475 330 2508 runt:
372 2464 573 2506 notabile
604 2462 652 2503 in
685 2462 957 2515 Verginium
983 2459 1093 2514 suit,

198 2540 286 2580 qun
308 2530 393 2565 etc.
451 2519 618 2562 Eadem
640 2520 791 2561 insunt
811 2517 955 2563 codici
970 2517 1094 2575 Agr„

199 2581 282 2623 nisi
313 2577 432 2637 quod
458 2577 528 2620 hic
559 2593 642 2633 pro
673 2591 762 2632 quo
794 2575 924 2618 habet
955 2578 1093 2631 quod,

198 2652 384 2694 eamque
397 2633 664 2692 scripturam
680 2633 885 2691 expressit
896 2631 1094 2689 Ryclzius

196 2696 377 2740 nemine
410 2692 665 2749 plaudente.
750 2690 985 2733 Nesciebat
1021 2689 1094 2732 ille

197 2750 427 2806 quomodo
452 2749 497 2791 in
525 2757 735 2791 contextu
754 2746 934 2805 vulgato
961 2746 1093 2788 intel-

197 2810 270 2865 ligi
301 2807 469 2865 possint
493 2807 709 2860 mnln'gucz
727 2837 739 2859 ,
768 2821 879 2863 quae
902 2803 1094 2846 Marcel-

197 2867 266 2908 lus
300 2866 462 2907 dicitur
489 2863 763 2906 disseruisse.
823 2861 911 2903 Sed
941 2861 1094 2917 accipe

197 2924 413 2976 ambigua
438 2921 491 2963 de
514 2920 794 2963 sermonibus
823 2919 869 2961 in
895 2917 1093 2961 concilio

199 2987 456 3022 senatorum
501 2976 685 3028 habitis,
737 2976 836 3034 quis
869 2974 1094 3018 videretur

199 3035 426 3083 dubitare,
468 3051 603 3092 porro
635 3034 680 3076 in
743 3033 912 3077 artibus
940 3031 1090 3075 Otho-

198 3094 267 3136 nis
312 3100 541 3134 manerent
587 3107 641 3134 an
688 3050 809 3134 aliud
852 3089 1091 3133 consilium

198 3158 424 3206 caperent.

197 3208 340 3248 ceteri
351 3207 610 3249 sententias
627 3207 924 3258 aperiebant:
948 3219 1088 3261 aeque

196 3264 330 3320 igitur
350 3262 556 3319 ambigue
575 3264 784 3317 agebant,
808 3261 884 3309 sed
907 3261 952 3304 in
966 3261 1088 3304 Mar·

196 3321 309 3364 cello
347 3320 536 3363 Caecina
577 3319 713 3360 haesit
749 3319 807 3361 ob
849 3334 1001 3360 causas
1040 3317 1089 3361 in

194 3384 403 3423 contextu
424 3375 598 3419 adlatas.
659 3374 867 3418 Ceterum
891 3374 1087 3432 ed.Spir.

194 3435 324 3478 habet
348 3433 644 3477 Marcellimn
677 3446 759 3486 pro
786 3432 1090 3483 Mmaeellunu

194 3495 339 3535 ianua
381 3492 525 3533 evasit
568 3506 648 3547 pro
687 3488 887 3539 1‘11vasr'c;
935 3490 1087 3531 invisa

227 3565 276 3591 ro
329 3549 549 3590 invisum.
639 3545 728 3588 Pro
780 3548 1084 3589 disserentem

223 3606 291 3650 IS.
315 3603 464 3649 Guelf.
490 3603 656 3648 exhibet
683 3606 988 3647 deserentem.

486 3148 599 3190 Nam
634 3148 754 3191 addit
782 3146 970 3190 Noster:
1008 3161 1112 3190 neo.

1167 2061 1286 2119 Spir.
1313 2063 1541 2106 adscitum
1567 2080 1648 2122 pro
1673 2065 1896 2108 adscitus.

1224 2177 1523 2220 consiliaturi.
1566 2178 1641 2221 Sic
1656 2177 1790 2222 MSS.
1803 2179 1922 2223 Flor.
1944 2181 2062 2234 (test.

1167 2232 1361 2291 Ryckio)
1391 2233 1507 2277 Bud.
1529 2234 1630 2294 Reg-
1667 2233 1807 2281 Corb.
1831 2236 2059 2296 edd-Spir.

1166 2291 1267 2335 Put.
1292 2291 1359 2334 M.
1382 2300 1423 2336 et
1454 2291 1503 2336 V.
1527 2293 1732 2338 Beroald.
1764 2298 1887 2351 (cum
1913 2296 2058 2338 silent.

1168 2348 1304 2405 Vict.)
1337 2364 1435 2407 sqq.
1471 2365 1612 2408 nsque
1645 2351 1700 2395 ad
1723 2350 1944 2411 Lipsium,
1982 2353 2059 2410 qni

1164 2421 1240 2450 an.
1277 2405 1398 2451 1574.
1430 2407 1567 2450 edidit
1607 2411 1934 2454 commentari.
1985 2409 2062 2453 id-

1199 2479 1253 2506 ue
1286 2470 1419 2506 exstat
1455 2464 1501 2507 in
1525 2464 1659 2509 MSS.
1684 2465 1804 2510 llarl.
1828 2466 1960 2511 Bodt.
1981 2468 2059 2510 les.

1166 2479 1319 2564 guelf.
1382 2520 1491 2564 Mox
1515 2524 1633 2566 idem
1654 2522 1828 2582 Lipsius
1863 2534 2056 2569 veterem

1165 2579 1430 2636 scripturam
1451 2580 1640 2623 restituit
1661 2582 1845 2625 edoctus
1863 2584 2056 2639 probum

1165 2652 1258 2678 esse
1284 2637 1465 2678 verbum
1491 2639 1758 2684 consiliare.
1818 2639 1878 2682 cf.
1902 2638 2055 2683 Horat.

1165 2692 1255 2736 Od.
1281 2692 1321 2743 3,
1342 2694 1382 2745 3,
1412 2694 1500 2748 17.;
1537 2697 1633 2739 Art.
1661 2704 1780 2753 poet.
1810 2694 1906 2740 196.
1937 2696 2056 2740 Plin.

1165 2765 1264 2807 epp.
1286 2750 1326 2798 4,
1357 2752 1421 2795 17.
1482 2751 1608 2796 Caes.
1625 2751 1742 2797 B.C.
1767 2755 1804 2804 1,
1829 2753 1897 2797 19.
1921 2763 1961 2797 et
1986 2753 2056 2798 78.

1164 2806 1364 2863 Ryckius
1389 2816 1536 2852 tamen
1570 2825 1626 2853 ne
1656 2809 1841 2853 latinum
1873 2812 2056 2869 quidem

1163 2864 1208 2907 id
1233 2866 1414 2907 verbum
1441 2868 1646 2923 opinatus
1671 2883 1696 2910 e
1717 2867 1818 2912 MS.
1831 2868 1942 2926 Agr.
1967 2869 2058 2913 edi-

1165 2921 1229 2964 dit
1261 2926 1524 2968 consulturi.
1583 2922 1753 2967 Verum
1786 2927 2056 2984 posteriores

1163 2978 1360 3022 editores
1383 2981 1434 3022 ad
1463 2990 1659 3025 veterem
1682 2982 1950 3040 scripturam
1978 2997 2067 3026 re·-

1164 3035 1301 3079 diere.
1372 3036 1613 3082 Rhenanus
1649 3037 1829 3096 volebat
1863 3041 2056 3083 consili—

1163 3095 1372 3137 turz‘non
1399 3096 1503 3139 satis
1527 3094 1732 3142 feliciter.

1220 3208 1370 3250 medio
1403 3209 1641 3262 temporis.
1699 3208 1778 3254 Sic
1805 3211 1907 3254 edd.
1936 3211 1966 3255 S
1998 3211 2052 3256 ir.

1158 3261 1278 3321 Lips.
1309 3281 1407 3322 sqq.
1485 3267 1640 3308 medin
1670 3273 1878 3321 tempore
1913 3270 1964 3312 M
1998 3269 2050 3313 S.

1161 3319 1312 3363 Guelf.
1331 3321 1459 3366 Bodl.
1481 3325 1581 3366 edd.
1609 3323 1712 3369 Put.
1730 3325 1795 3377 Μ.
1819 3335 1860 3368 et
1875 3325 1925 3367 V.
1942 3327 2044 3370 Ber.

1160 3381 1285 3432 (cuni
1310 3379 1457 3423 silent.
1477 3376 1616 3436 Vict)
1639 3396 1737 3442 sqq.
1762 3383 1815 3426 ad
1835 3383 2052 3441 Lipsium.

1159 3434 1230 3476 Nil
1258 3435 1404 3480 refert.
1423 3465 1482 3473 -
1508 3437 1617 3480 Mox
1640 3438 1815 3489 diversax
1828 3450 1892 3483 est
1915 3441 1960 3484 in
1994 3441 2051 3484 li-

1157 3491 1251 3534 bris
1283 3493 1386 3536 edd.
1427 3491 1750 3553 interpunctio.
1811 3495 1895 3543 Ed.
1928 3498 2051 3556 Spir.

1156 3551 1487 3602 sperabantur.
1579 3552 1855 3596 &marmiae
1894 3587 1907 3600 .
1944 3586 1957 3599 .
1992 3588 2003 3599 .
2039 3589 2051 3600 .

1149 3616 1598 3658 percunctarentur.-
1627 3609 1944 3666 interrogatus
1966 3607 2057 3671 etc.

2095 3716 2134 3742 l,
