<?xml version="1.0" encoding="UTF-8"?>
<!DOCTYPE html PUBLIC "-//W3C//DTD XHTML 1.0 Transitional//EN"
    "http://www.w3.org/TR/xhtml1/DTD/xhtml1-transitional.dtd">
<html xmlns="http://www.w3.org/1999/xhtml" xml:lang="en" lang="en">
 <head>
  <title>
</title>
<meta http-equiv="Content-Type" content="text/html;charset=utf-8" />
  <meta name='ocr-system' content='tesseract 3.04.00' />
  <meta name='ocr-capabilities' content='ocr_page ocr_carea ocr_par ocr_line ocrx_word'/>
</head>
<body>
  <div class='ocr_page' id='page_1' title='image "./operarecensuitet03taciuoft_0152.png"; bbox 0 0 2138 4030; ppageno 0'>
   <div class='ocr_carea' id='block_1_1' title="bbox 1762 257 1988 342">
    <p class='ocr_par' dir='ltr' id='par_1_1' title="bbox 1762 257 1988 342">
     <span class='ocr_line' id='line_1_1' title="bbox 1762 257 1988 300; baseline 0.018 -8"><span class='ocrx_word' id='word_1_1' title='bbox 1762 257 1814 298; x_wconf 75' lang='grc' dir='ltr'><strong>Δ,-</strong></span> <span class='ocrx_word' id='word_1_2' title='bbox 1833 259 1890 300; x_wconf 77' lang='lat' dir='ltr'><strong>U.</strong></span> <span class='ocrx_word' id='word_1_3' title='bbox 1902 261 1988 296; x_wconf 72' lang='lat'><strong>823.</strong></span> 
     </span>
     <span class='ocr_line' id='line_1_2' title="bbox 1766 302 1986 342; baseline 0.014 -4"><span class='ocrx_word' id='word_1_4' title='bbox 1766 302 1816 338; x_wconf 74' lang='lat' dir='ltr'><strong>A.</strong></span> <span class='ocrx_word' id='word_1_5' title='bbox 1835 302 1885 340; x_wconf 89' lang='lat' dir='ltr'><strong>C.</strong></span> <span class='ocrx_word' id='word_1_6' title='bbox 1926 305 1986 342; x_wconf 74' lang='lat'><strong>7⁰.</strong></span> 
     </span>
    </p>
   </div>
   <div class='ocr_carea' id='block_1_2' title="bbox 224 257 1492 328">
    <p class='ocr_par' dir='ltr' id='par_1_2' title="bbox 224 257 1492 328">
     <span class='ocr_line' id='line_1_3' title="bbox 224 257 1492 328; baseline -0.004 -3"><span class='ocrx_word' id='word_1_7' title='bbox 224 265 346 328; x_wconf 74' lang='lat'><strong>142</strong></span> <span class='ocrx_word' id='word_1_8' title='bbox 791 257 1492 322; x_wconf 60' lang='lat' dir='ltr'><strong>HISTORIAR‘UM</strong></span> 
     </span>
    </p>
   </div>
   <div class='ocr_carea' id='block_1_3' title="bbox 218 389 2073 981">
    <p class='ocr_par' dir='ltr' id='par_1_3' title="bbox 218 389 2073 981">
     <span class='ocr_line' id='line_1_4' title="bbox 222 389 2067 470; baseline 0.001 -19"><span class='ocrx_word' id='word_1_9' title='bbox 222 395 382 451; x_wconf 81' lang='lat' dir='ltr'><strong>diam</strong></span> <span class='ocrx_word' id='word_1_10' title='bbox 405 389 532 461; x_wconf 85' lang='lat' dir='ltr'><strong>his,</strong></span> <span class='ocrx_word' id='word_1_11' title='bbox 575 394 898 467; x_wconf 68' lang='lat' dir='ltr'><strong>ignaviam,</strong></span> <span class='ocrx_word' id='word_1_12' title='bbox 941 390 1234 447; x_wconf 85' lang='lat' dir='ltr'><strong>luxuriem</strong></span> <span class='ocrx_word' id='word_1_13' title='bbox 1249 435 1266 459; x_wconf 95' lang='lat'><strong>,</strong></span> <span class='ocrx_word' id='word_1_14' title='bbox 1291 401 1347 447; x_wconf 86' lang='lat' dir='ltr'><strong>et</strong></span> <span class='ocrx_word' id='word_1_15' title='bbox 1374 391 1616 448; x_wconf 77' lang='lat' dir='ltr'><strong>suismet</strong></span> <span class='ocrx_word' id='word_1_16' title='bbox 1634 392 1797 450; x_wconf 80' lang='lat' dir='ltr'><strong>vitiis</strong></span> <span class='ocrx_word' id='word_1_17' title='bbox 1818 394 2067 470; x_wconf 80' lang='lat' dir='ltr'><strong>alterum</strong></span> 
     </span>
     <span class='ocr_line' id='line_1_5' title="bbox 219 466 2070 557; baseline -0.002 -22"><span class='ocrx_word' id='word_1_18' title='bbox 219 466 376 535; x_wconf 77' lang='lat' dir='ltr'><strong>bello</strong></span> <span class='ocrx_word' id='word_1_19' title='bbox 392 524 408 548; x_wconf 89' lang='lat'>‚</span> <span class='ocrx_word' id='word_1_20' title='bbox 444 480 692 536; x_wconf 81' lang='lat' dir='ltr'><strong>alterum</strong></span> <span class='ocrx_word' id='word_1_21' title='bbox 715 476 961 534; x_wconf 80' lang='lat' dir='ltr'><strong>victoria</strong></span> <span class='ocrx_word' id='word_1_22' title='bbox 987 475 1334 550; x_wconf 88' lang='lat' dir='ltr'><strong>periturum.</strong></span> <span class='ocrx_word' id='word_1_23' title='bbox 1421 473 1608 548; x_wconf 83' lang='lat' dir='ltr'>Igitur</span> <span class='ocrx_word' id='word_1_24' title='bbox 1628 497 1792 534; x_wconf 82' lang='lat' dir='ltr'><strong>arma</strong></span> <span class='ocrx_word' id='word_1_25' title='bbox 1814 478 2070 557; x_wconf 28' lang='lat' dir='ltr'><strong>insoccaae-</strong></span> 
     </span>
     <span class='ocr_line' id='line_1_6' title="bbox 221 557 2070 638; baseline 0.001 -17"><span class='ocrx_word' id='word_1_26' title='bbox 221 565 447 621; x_wconf 89' lang='lat' dir='ltr'><strong>sionem</strong></span> <span class='ocrx_word' id='word_1_27' title='bbox 480 564 786 631; x_wconf 86' lang='lat' dir='ltr'><strong>distulere,</strong></span> <span class='ocrx_word' id='word_1_28' title='bbox 829 559 1226 634; x_wconf 77' lang='lat' dir='ltr'><strong>Vespasianus</strong></span> <span class='ocrx_word' id='word_1_29' title='bbox 1249 557 1684 638; x_wconf 81' lang='lat' dir='ltr'><strong>Mucianusque</strong></span> <span class='ocrx_word' id='word_1_30' title='bbox 1710 580 1931 638; x_wconf 77' lang='lat' dir='ltr'><strong>nuper,</strong></span> <span class='ocrx_word' id='word_1_31' title='bbox 1973 583 2070 622; x_wconf 88' lang='lat' dir='ltr'><strong>ce-</strong></span> 
     </span>
     <span class='ocr_line' id='line_1_7' title="bbox 219 643 2071 724; baseline -0.002 -17"><span class='ocrx_word' id='word_1_32' title='bbox 219 650 332 708; x_wconf 87' lang='lat' dir='ltr'><strong>teri</strong></span> <span class='ocrx_word' id='word_1_33' title='bbox 357 649 499 706; x_wconf 89' lang='lat' dir='ltr'><strong>olim</strong></span> <span class='ocrx_word' id='word_1_34' title='bbox 524 648 723 713; x_wconf 83' lang='lat' dir='ltr'><strong>mixtis</strong></span> <span class='ocrx_word' id='word_1_35' title='bbox 746 645 1007 705; x_wconf 87' lang='lat' dir='ltr'><strong>consiliis</strong></span> <span class='ocrx_word' id='word_1_36' title='bbox 1024 689 1039 712; x_wconf 90' lang='lat'><strong>,</strong></span> <span class='ocrx_word' id='word_1_37' title='bbox 1070 643 1328 719; x_wconf 87' lang='lat' dir='ltr'><strong>optimus</strong></span> <span class='ocrx_word' id='word_1_38' title='bbox 1354 645 1603 722; x_wconf 88' lang='lat' dir='ltr'><strong>quisque</strong></span> <span class='ocrx_word' id='word_1_39' title='bbox 1624 648 1935 704; x_wconf 82' lang='lat' dir='ltr'><strong>amorerei</strong></span> <span class='ocrx_word' id='word_1_40' title='bbox 1956 669 2071 724; x_wconf 79' lang='lat' dir='ltr'><strong>pu-</strong></span> 
     </span>
     <span class='ocr_line' id='line_1_8' title="bbox 222 730 2072 804; baseline -0.001 -13"><span class='ocrx_word' id='word_1_41' title='bbox 222 735 438 804; x_wconf 78' lang='lat' dir='ltr'><strong>blicae,</strong></span> <span class='ocrx_word' id='word_1_42' title='bbox 480 734 702 791; x_wconf 85' lang='lat' dir='ltr'><strong>multos</strong></span> <span class='ocrx_word' id='word_1_43' title='bbox 724 731 976 788; x_wconf 87' lang='lat' dir='ltr'><strong>dulcedo</strong></span> <span class='ocrx_word' id='word_1_44' title='bbox 998 730 1350 803; x_wconf 77' lang='lat' dir='ltr'><strong>praedarum</strong></span> <span class='ocrx_word' id='word_1_45' title='bbox 1373 730 1740 802; x_wconf 80' lang='lat' dir='ltr'><strong>stimulabat,</strong></span> <span class='ocrx_word' id='word_1_46' title='bbox 1773 732 1920 791; x_wconf 68' lang='lat' dir='ltr'><strong>ahos</strong></span> <span class='ocrx_word' id='word_1_47' title='bbox 1945 739 2072 790; x_wconf 62' lang='lat' dir='ltr'><strong>am?—</strong></span> 
     </span>
     <span class='ocr_line' id='line_1_9' title="bbox 219 813 2073 894; baseline -0.001 -18"><span class='ocrx_word' id='word_1_48' title='bbox 219 820 429 894; x_wconf 82' lang='lat' dir='ltr'><strong>biguae</strong></span> <span class='ocrx_word' id='word_1_49' title='bbox 467 818 632 875; x_wconf 87' lang='lat' dir='ltr'><strong>domi</strong></span> <span class='ocrx_word' id='word_1_50' title='bbox 666 835 776 876; x_wconf 80' lang='lat' dir='ltr'><strong>res,</strong></span> <span class='ocrx_word' id='word_1_51' title='bbox 858 815 943 872; x_wconf 85' lang='lat' dir='ltr'><strong>ita</strong></span> <span class='ocrx_word' id='word_1_52' title='bbox 966 813 1112 874; x_wconf 85' lang='lat' dir='ltr'><strong>boni</strong></span> <span class='ocrx_word' id='word_1_53' title='bbox 1134 813 1392 890; x_wconf 87' lang='lat' dir='ltr'><strong>malique</strong></span> <span class='ocrx_word' id='word_1_54' title='bbox 1413 815 1602 873; x_wconf 89' lang='lat' dir='ltr'><strong>causis</strong></span> <span class='ocrx_word' id='word_1_55' title='bbox 1623 817 1906 888; x_wconf 87' lang='lat' dir='ltr'><strong>diversis,</strong></span> <span class='ocrx_word' id='word_1_56' title='bbox 1949 829 2073 875; x_wconf 87' lang='lat' dir='ltr'><strong>stu·-</strong></span> 
     </span>
     <span class='ocr_line' id='line_1_10' title="bbox 218 897 1308 981; baseline -0.004 -19"><span class='ocrx_word' id='word_1_57' title='bbox 218 906 327 964; x_wconf 58' lang='lat' dir='ltr'><strong>dio„</strong></span> <span class='ocrx_word' id='word_1_58' title='bbox 344 905 472 981; x_wconf 82' lang='lat' dir='ltr'><strong>pari</strong></span> <span class='ocrx_word' id='word_1_59' title='bbox 497 904 720 960; x_wconf 87' lang='lat' dir='ltr'><strong>bellum</strong></span> <span class='ocrx_word' id='word_1_60' title='bbox 743 897 1308 973; x_wconf 60' lang='lat' dir='ltr'><strong>omnes³cupiebanh</strong></span> 
     </span>
    </p>
   </div>
   <div class='ocr_carea' id='block_1_4' title="bbox 216 1019 2076 1617">
    <p class='ocr_par' dir='ltr' id='par_1_4' title="bbox 216 1019 2076 1617">
     <span class='ocr_line' id='line_1_11' title="bbox 390 1019 2074 1104; baseline 0.002 -21"><span class='ocrx_word' id='word_1_61' title='bbox 390 1024 556 1086; x_wconf 84' lang='lat' dir='ltr'>VIII.</span> <span class='ocrx_word' id='word_1_62' title='bbox 601 1023 729 1082; x_wconf 89' lang='lat' dir='ltr'><strong>Sub</strong></span> <span class='ocrx_word' id='word_1_63' title='bbox 755 1024 912 1080; x_wconf 88' lang='lat' dir='ltr'><strong>idem</strong></span> <span class='ocrx_word' id='word_1_64' title='bbox 936 1037 1165 1099; x_wconf 87' lang='lat' dir='ltr'><strong>tempus</strong></span> <span class='ocrx_word' id='word_1_65' title='bbox 1191 1019 1415 1082; x_wconf 79' lang='lat' dir='ltr'>Achaia</span> <span class='ocrx_word' id='word_1_66' title='bbox 1443 1038 1616 1104; x_wconf 82' lang='lat' dir='ltr'><strong>atque</strong></span> <span class='ocrx_word' id='word_1_67' title='bbox 1635 1023 1777 1086; x_wconf 84' lang='lat' dir='ltr'><strong>Asia</strong></span> <span class='ocrx_word' id='word_1_68' title='bbox 1799 1028 1946 1086; x_wconf 81' lang='lat' dir='ltr'><strong>falso</strong></span> <span class='ocrx_word' id='word_1_69' title='bbox 1976 1049 2074 1098; x_wconf 76' lang='lat' dir='ltr'><strong>ex-</strong></span> 
     </span>
     <span class='ocr_line' id='line_1_12' title="bbox 221 1108 2075 1187; baseline -0.001 -14"><span class='ocrx_word' id='word_1_70' title='bbox 221 1113 486 1181; x_wconf 80' lang='lat' dir='ltr'>territae,</span> <span class='ocrx_word' id='word_1_71' title='bbox 530 1110 698 1167; x_wconf 80' lang='lat' dir='ltr'><strong>velut&#39;</strong></span> <span class='ocrx_word' id='word_1_72' title='bbox 717 1108 876 1166; x_wconf 89' lang='lat' dir='ltr'><strong>Nero</strong></span> <span class='ocrx_word' id='word_1_73' title='bbox 905 1111 1295 1178; x_wconf 79' lang='lat' dir='ltr'><strong>adventaret,</strong></span> <span class='ocrx_word' id='word_1_74' title='bbox 1339 1110 1501 1167; x_wconf 80' lang='lat' dir='ltr'><strong>vario</strong></span> <span class='ocrx_word' id='word_1_75' title='bbox 1543 1131 1720 1187; x_wconf 91' lang='lat' dir='ltr'><strong>super</strong></span> <span class='ocrx_word' id='word_1_76' title='bbox 1755 1114 1911 1171; x_wconf 85' lang='lat' dir='ltr'><strong>exitu</strong></span> <span class='ocrx_word' id='word_1_77' title='bbox 1949 1115 2075 1172; x_wconf 88' lang='lat' dir='ltr'><strong>eius</strong></span> 
     </span>
     <span class='ocr_line' id='line_1_13' title="bbox 219 1194 2075 1272; baseline -0.001 -16"><span class='ocrx_word' id='word_1_78' title='bbox 219 1218 458 1262; x_wconf 87' lang='lat' dir='ltr'><strong>rumore</strong></span> <span class='ocrx_word' id='word_1_79' title='bbox 480 1215 665 1272; x_wconf 89' lang='lat' dir='ltr'><strong>eoque</strong></span> <span class='ocrx_word' id='word_1_80' title='bbox 687 1194 960 1270; x_wconf 84' lang='lat' dir='ltr'><strong>pluribus</strong></span> <span class='ocrx_word' id='word_1_81' title='bbox 987 1195 1185 1251; x_wconf 72' lang='lat' dir='ltr'><strong>vivere</strong></span> <span class='ocrx_word' id='word_1_82' title='bbox 1218 1213 1352 1250; x_wconf 86' lang='lat' dir='ltr'><strong>eum</strong></span> <span class='ocrx_word' id='word_1_83' title='bbox 1386 1195 1742 1269; x_wconf 83' lang='lat' dir='ltr'><strong>fingentibus</strong></span> <span class='ocrx_word' id='word_1_84' title='bbox 1779 1200 2075 1257; x_wconf 82' lang='lat' dir='ltr'><strong>credenti-</strong></span> 
     </span>
     <span class='ocr_line' id='line_1_14' title="bbox 217 1280 2070 1360; baseline 0 -18"><span class='ocrx_word' id='word_1_85' title='bbox 217 1288 462 1360; x_wconf 85' lang='lat' dir='ltr'><strong>busque.</strong></span> <span class='ocrx_word' id='word_1_86' title='bbox 512 1299 516 1303; x_wconf 68' lang='lat'>‘</span> <span class='ocrx_word' id='word_1_87' title='bbox 550 1291 876 1336; x_wconf 83' lang='lat' dir='ltr'><strong>ceterorum</strong></span> <span class='ocrx_word' id='word_1_88' title='bbox 905 1299 1069 1336; x_wconf 80' lang='lat' dir='ltr'><strong>casus</strong></span> <span class='ocrx_word' id='word_1_89' title='bbox 1094 1292 1454 1356; x_wconf 82' lang='lat' dir='ltr'><strong>conatusque</strong></span> <span class='ocrx_word' id='word_1_90' title='bbox 1477 1280 1541 1337; x_wconf 90' lang='lat' dir='ltr'><strong>in</strong></span> <span class='ocrx_word' id='word_1_91' title='bbox 1566 1293 1837 1340; x_wconf 85' lang='lat' dir='ltr'><strong>contextu</strong></span> <span class='ocrx_word' id='word_1_92' title='bbox 1875 1283 2070 1359; x_wconf 81' lang='lat' dir='ltr'><strong>operis</strong></span> 
     </span>
     <span class='ocr_line' id='line_1_15' title="bbox 220 1363 2075 1440; baseline -0.001 -13"><span class='ocrx_word' id='word_1_93' title='bbox 220 1371 506 1427; x_wconf 82' lang='lat' dir='ltr'><strong>dicemus:</strong></span> <span class='ocrx_word' id='word_1_94' title='bbox 563 1376 705 1422; x_wconf 86' lang='lat' dir='ltr'><strong>tunc</strong></span> <span class='ocrx_word' id='word_1_95' title='bbox 742 1384 943 1422; x_wconf 87' lang='lat' dir='ltr'><strong>servus</strong></span> <span class='ocrx_word' id='word_1_96' title='bbox 977 1385 1007 1420; x_wconf 91' lang='lat' dir='ltr'><strong>e</strong></span> <span class='ocrx_word' id='word_1_97' title='bbox 1041 1363 1264 1433; x_wconf 85' lang='lat' dir='ltr'><strong>Pont0‚</strong></span> <span class='ocrx_word' id='word_1_98' title='bbox 1317 1364 1467 1434; x_wconf 86' lang='lat' dir='ltr'><strong>sive,</strong></span> <span class='ocrx_word' id='word_1_99' title='bbox 1522 1377 1588 1424; x_wconf 87' lang='lat' dir='ltr'><strong>ut</strong></span> <span class='ocrx_word' id='word_1_100' title='bbox 1621 1365 1725 1424; x_wconf 86' lang='lat' dir='ltr'><strong>alii</strong></span> <span class='ocrx_word' id='word_1_101' title='bbox 1763 1369 2075 1440; x_wconf 81' lang='lat' dir='ltr'><strong>tradidere,</strong></span> 
     </span>
     <span class='ocr_line' id='line_1_16' title="bbox 216 1445 2075 1531; baseline -0.001 -20"><span class='ocrx_word' id='word_1_102' title='bbox 216 1452 532 1512; x_wconf 81' lang='lat' dir='ltr'><strong>libertinus</strong></span> <span class='ocrx_word' id='word_1_103' title='bbox 556 1470 625 1506; x_wconf 82' lang='lat' dir='ltr'><strong>ex</strong></span> <span class='ocrx_word' id='word_1_104' title='bbox 651 1447 848 1519; x_wconf 82' lang='lat' dir='ltr'><strong>Italia,</strong></span> <span class='ocrx_word' id='word_1_105' title='bbox 903 1445 1160 1506; x_wconf 78' lang='lat' dir='ltr'><strong>citharae</strong></span> <span class='ocrx_word' id='word_1_106' title='bbox 1188 1461 1243 1506; x_wconf 86' lang='lat' dir='ltr'><strong>et.</strong></span> <span class='ocrx_word' id='word_1_107' title='bbox 1270 1460 1474 1506; x_wconf 83' lang='lat' dir='ltr'><strong>cantus</strong></span> <span class='ocrx_word' id='word_1_108' title='bbox 1500 1451 1724 1525; x_wconf 86' lang='lat' dir='ltr'><strong>peritus</strong></span> <span class='ocrx_word' id='word_1_109' title='bbox 1758 1449 1945 1531; x_wconf 87' lang='lat' dir='ltr'><strong>(unde</strong></span> <span class='ocrx_word' id='word_1_110' title='bbox 1983 1454 2075 1511; x_wconf 89' lang='lat' dir='ltr'><strong>illi</strong></span> 
     </span>
     <span class='ocr_line' id='line_1_17' title="bbox 220 1534 2076 1617; baseline -0.001 -19"><span class='ocrx_word' id='word_1_111' title='bbox 220 1558 394 1616; x_wconf 83' lang='lat' dir='ltr'><strong>super</strong></span> <span class='ocrx_word' id='word_1_112' title='bbox 418 1535 870 1594; x_wconf 88' lang='lat' dir='ltr'><strong>similitudinem</strong></span> <span class='ocrx_word' id='word_1_113' title='bbox 898 1534 1017 1591; x_wconf 88' lang='lat' dir='ltr'><strong>oris</strong></span> <span class='ocrx_word' id='word_1_114' title='bbox 1039 1534 1284 1610; x_wconf 85' lang='lat' dir='ltr'><strong>propior</strong></span> <span class='ocrx_word' id='word_1_115' title='bbox 1308 1535 1383 1591; x_wconf 78' lang='lat' dir='ltr'><strong>ad</strong></span> <span class='ocrx_word' id='word_1_116' title='bbox 1408 1535 1736 1593; x_wconf 83' lang='lat' dir='ltr'><strong>fallendum</strong></span> <span class='ocrx_word' id='word_1_117' title='bbox 1759 1537 1930 1617; x_wconf 82' lang='lat' dir='ltr'><strong>fides)</strong></span> <span class='ocrx_word' id='word_1_118' title='bbox 1969 1541 2076 1596; x_wconf 84' lang='lat' dir='ltr'><strong>ad-</strong></span> 
     </span>
    </p>
   </div>
   <div class='ocr_carea' id='block_1_5' title="bbox 216 1754 1112 1924">
    <p class='ocr_par' dir='ltr' id='par_1_5' title="bbox 216 1754 1112 1924">
     <span class='ocr_line' id='line_1_18' title="bbox 216 1754 1112 1810; baseline -0.002 -12"><span class='ocrx_word' id='word_1_119' title='bbox 216 1758 498 1808; x_wconf 62' lang='lat' dir='ltr'><strong>discordiam</strong></span> <span class='ocrx_word' id='word_1_120' title='bbox 523 1754 596 1796; x_wconf 80' lang='lat' dir='ltr'><strong>his</strong></span> <span class='ocrx_word' id='word_1_121' title='bbox 623 1756 863 1810; x_wconf 76' lang='lat' dir='ltr'><strong>ignavium</strong></span> <span class='ocrx_word' id='word_1_122' title='bbox 897 1755 1112 1797; x_wconf 72' lang='lat' dir='ltr'><strong>luxurie.-</strong></span> 
     </span>
     <span class='ocr_line' id='line_1_19' title="bbox 219 1798 1112 1866; baseline -0.015 0"><span class='ocrx_word' id='word_1_123' title='bbox 219 1830 267 1866; x_wconf 72' lang='grc' dir='ltr'><strong>ιιι</strong></span> <span class='ocrx_word' id='word_1_124' title='bbox 307 1815 500 1860; x_wconf 83' lang='lat' dir='ltr'><strong>suismet</strong></span> <span class='ocrx_word' id='word_1_125' title='bbox 544 1820 631 1857; x_wconf 88' lang='lat' dir='ltr'><strong>etc.</strong></span> <span class='ocrx_word' id='word_1_126' title='bbox 703 1813 793 1856; x_wconf 84' lang='lat' dir='ltr'><strong>Pro</strong></span> <span class='ocrx_word' id='word_1_127' title='bbox 830 1814 971 1855; x_wconf 79' lang='lat' dir='ltr'><strong>etiam</strong></span> <span class='ocrx_word' id='word_1_128' title='bbox 1006 1798 1112 1857; x_wconf 66' lang='grc' dir='ltr'><strong>ΜΞ.</strong></span> 
     </span>
     <span class='ocr_line' id='line_1_20' title="bbox 218 1870 603 1924; baseline -0.023 -2"><span class='ocrx_word' id='word_1_129' title='bbox 218 1873 366 1924; x_wconf 83' lang='lat' dir='ltr'><strong>Guels.</strong></span> <span class='ocrx_word' id='word_1_130' title='bbox 387 1870 520 1914; x_wconf 80' lang='lat' dir='ltr'><strong>habet</strong></span> <span class='ocrx_word' id='word_1_131' title='bbox 545 1877 603 1913; x_wconf 82' lang='lat' dir='ltr'><strong>et.</strong></span> 
     </span>
    </p>
   </div>
   <div class='ocr_carea' id='block_1_6' title="bbox 273 1927 1112 1979">
    <p class='ocr_par' dir='ltr' id='par_1_6' title="bbox 273 1927 1112 1979">
     <span class='ocr_line' id='line_1_21' title="bbox 273 1927 1112 1979; baseline -0.008 -2"><span class='ocrx_word' id='word_1_132' title='bbox 273 1930 415 1979; x_wconf 81' lang='lat' dir='ltr'><strong>ceteri</strong></span> <span class='ocrx_word' id='word_1_133' title='bbox 443 1928 554 1969; x_wconf 77' lang='lat' dir='ltr'><strong>olim</strong></span> <span class='ocrx_word' id='word_1_134' title='bbox 585 1929 748 1969; x_wconf 74' lang='lat' dir='ltr'><strong>mixtis</strong></span> <span class='ocrx_word' id='word_1_135' title='bbox 776 1943 814 1969; x_wconf 91' lang='lat' dir='ltr'><strong>c.</strong></span> <span class='ocrx_word' id='word_1_136' title='bbox 877 1927 955 1971; x_wconf 87' lang='lat' dir='ltr'><strong>Sic</strong></span> <span class='ocrx_word' id='word_1_137' title='bbox 978 1927 1112 1972; x_wconf 88' lang='lat' dir='ltr'><strong>MSS.</strong></span> 
     </span>
    </p>
   </div>
   <div class='ocr_carea' id='block_1_7' title="bbox 216 1983 1110 2043">
    <p class='ocr_par' dir='ltr' id='par_1_7' title="bbox 216 1983 1110 2043">
     <span class='ocr_line' id='line_1_22' title="bbox 216 1983 1110 2043; baseline -0.008 -8"><span class='ocrx_word' id='word_1_138' title='bbox 216 1997 344 2040; x_wconf 82' lang='lat' dir='ltr'><strong>Flor.</strong></span> <span class='ocrx_word' id='word_1_139' title='bbox 386 1988 502 2040; x_wconf 74' lang='lat' dir='ltr'><strong>(test.</strong></span> <span class='ocrx_word' id='word_1_140' title='bbox 538 1983 676 2042; x_wconf 62' lang='lat' dir='ltr'><strong>Vici.)</strong></span> <span class='ocrx_word' id='word_1_141' title='bbox 714 1985 826 2029; x_wconf 83' lang='lat' dir='ltr'><strong>Bud.</strong></span> <span class='ocrx_word' id='word_1_142' title='bbox 863 1984 970 2043; x_wconf 83' lang='lat' dir='ltr'><strong>Reg.</strong></span> <span class='ocrx_word' id='word_1_143' title='bbox 1009 1986 1110 2028; x_wconf 88' lang='lat' dir='ltr'><strong>edd.</strong></span> 
     </span>
    </p>
   </div>
   <div class='ocr_carea' id='block_1_8' title="bbox 140 2045 1113 2111">
    <p class='ocr_par' dir='ltr' id='par_1_8' title="bbox 140 2045 1113 2111">
     <span class='ocr_line' id='line_1_23' title="bbox 140 2045 1113 2111; baseline -0.005 -21"><span class='ocrx_word' id='word_1_144' title='bbox 140 2045 149 2054; x_wconf 26' lang='grc' dir='ltr'>χ</span> <span class='ocrx_word' id='word_1_145' title='bbox 216 2045 603 2111; x_wconf 70' lang='lat' dir='ltr'><strong>Spix-.Rhen.sqq.</strong></span> <span class='ocrx_word' id='word_1_146' title='bbox 639 2067 689 2075; x_wconf 80' lang='lat'><strong>-—</strong></span> <span class='ocrx_word' id='word_1_147' title='bbox 738 2050 977 2085; x_wconf 77' lang='lat' dir='ltr'><strong>caeterum</strong></span> <span class='ocrx_word' id='word_1_148' title='bbox 1001 2045 1113 2085; x_wconf 83' lang='lat' dir='ltr'><strong>olim</strong></span> 
     </span>
    </p>
   </div>
   <div class='ocr_carea' id='block_1_9' title="bbox 211 2095 1116 3646">
    <p class='ocr_par' dir='ltr' id='par_1_9' title="bbox 211 2095 1116 3646">
     <span class='ocr_line' id='line_1_24' title="bbox 219 2095 1114 2153; baseline -0.013 0"><span class='ocrx_word' id='word_1_149' title='bbox 219 2127 283 2153; x_wconf 92' lang='lat' dir='ltr'><strong>m.</strong></span> <span class='ocrx_word' id='word_1_150' title='bbox 315 2095 490 2149; x_wconf 81' lang='lat' dir='ltr'><strong>c.&#39;MS.</strong></span> <span class='ocrx_word' id='word_1_151' title='bbox 515 2100 667 2145; x_wconf 77' lang='lat' dir='ltr'><strong>Guelf.</strong></span> <span class='ocrx_word' id='word_1_152' title='bbox 703 2099 803 2143; x_wconf 86' lang='lat' dir='ltr'><strong>edd.</strong></span> <span class='ocrx_word' id='word_1_153' title='bbox 836 2100 937 2142; x_wconf 80' lang='lat' dir='ltr'><strong>Put.</strong></span> <span class='ocrx_word' id='word_1_154' title='bbox 971 2101 1037 2143; x_wconf 88' lang='lat' dir='ltr'><strong>M.</strong></span> <span class='ocrx_word' id='word_1_155' title='bbox 1073 2107 1114 2142; x_wconf 78' lang='lat' dir='ltr'><strong>et</strong></span> 
     </span>
     <span class='ocr_line' id='line_1_25' title="bbox 217 2156 1111 2211; baseline -0.01 -4"><span class='ocrx_word' id='word_1_156' title='bbox 217 2166 276 2211; x_wconf 86' lang='lat' dir='ltr'><strong>V.</strong></span> <span class='ocrx_word' id='word_1_157' title='bbox 318 2156 526 2206; x_wconf 83' lang='lat' dir='ltr'><strong>Beroald.</strong></span> <span class='ocrx_word' id='word_1_158' title='bbox 573 2157 699 2205; x_wconf 77' lang='lat' dir='ltr'><strong>Alc..</strong></span> <span class='ocrx_word' id='word_1_159' title='bbox 751 2157 828 2199; x_wconf 88' lang='lat' dir='ltr'><strong>ubi</strong></span> <span class='ocrx_word' id='word_1_160' title='bbox 877 2167 1111 2199; x_wconf 78' lang='lat' dir='ltr'><strong>caeterum</strong></span> 
     </span>
     <span class='ocr_line' id='line_1_26' title="bbox 219 2214 1112 2274; baseline -0.013 -5"><span class='ocrx_word' id='word_1_161' title='bbox 219 2219 420 2269; x_wconf 78' lang='lat' dir='ltr'><strong>fortassis</strong></span> <span class='ocrx_word' id='word_1_162' title='bbox 458 2224 522 2258; x_wconf 84' lang='lat' dir='ltr'><strong>est</strong></span> <span class='ocrx_word' id='word_1_163' title='bbox 561 2228 644 2274; x_wconf 88' lang='lat' dir='ltr'><strong>pro</strong></span> <span class='ocrx_word' id='word_1_164' title='bbox 681 2222 992 2257; x_wconf 75' lang='lat' dir='ltr'><strong>caeterorum.</strong></span> <span class='ocrx_word' id='word_1_165' title='bbox 1053 2214 1112 2257; x_wconf 87' lang='lat' dir='ltr'><strong>cf.</strong></span> 
     </span>
     <span class='ocr_line' id='line_1_27' title="bbox 211 2271 1111 2328; baseline -0.017 -2"><span class='ocrx_word' id='word_1_166' title='bbox 211 2290 316 2327; x_wconf 78' lang='lat' dir='ltr'><strong>not.</strong></span> <span class='ocrx_word' id='word_1_167' title='bbox 342 2276 395 2320; x_wconf 82' lang='lat' dir='ltr'><strong>ad</strong></span> <span class='ocrx_word' id='word_1_168' title='bbox 421 2290 460 2317; x_wconf 83' lang='lat' dir='ltr'><strong>e.</strong></span> <span class='ocrx_word' id='word_1_169' title='bbox 474 2273 516 2316; x_wconf 85' lang='lat'><strong>8.</strong></span> <span class='ocrx_word' id='word_1_170' title='bbox 578 2273 682 2316; x_wconf 78' lang='lat' dir='ltr'><strong>MS.</strong></span> <span class='ocrx_word' id='word_1_171' title='bbox 705 2271 815 2328; x_wconf 78' lang='lat' dir='ltr'><strong>Agr.</strong></span> <span class='ocrx_word' id='word_1_172' title='bbox 844 2272 1111 2314; x_wconf 77' lang='lat' dir='ltr'><strong>Mucianus-</strong></span> 
     </span>
     <span class='ocr_line' id='line_1_28' title="bbox 213 2327 1111 2398; baseline -0.011 -20"><span class='ocrx_word' id='word_1_173' title='bbox 213 2327 303 2398; x_wconf 65' lang='lat' dir='ltr'><strong>que</strong></span> <span class='ocrx_word' id='word_1_174' title='bbox 349 2332 449 2376; x_wconf 81' lang='lat' dir='ltr'><strong>Titi</strong></span> <span class='ocrx_word' id='word_1_175' title='bbox 490 2345 634 2385; x_wconf 78' lang='lat' dir='ltr'><strong>opera</strong></span> <span class='ocrx_word' id='word_1_176' title='bbox 684 2329 849 2372; x_wconf 81' lang='lat' dir='ltr'><strong>mixtis</strong></span> <span class='ocrx_word' id='word_1_177' title='bbox 899 2329 1111 2378; x_wconf 73' lang='lat' dir='ltr'><strong>consiliis,</strong></span> 
     </span>
     <span class='ocr_line' id='line_1_29' title="bbox 217 2385 1108 2444; baseline -0.017 -2"><span class='ocrx_word' id='word_1_178' title='bbox 217 2403 325 2443; x_wconf 84' lang='lat' dir='ltr'><strong>teste</strong></span> <span class='ocrx_word' id='word_1_179' title='bbox 343 2389 544 2436; x_wconf 78' lang='lat' dir='ltr'><strong>Heinsio.</strong></span> <span class='ocrx_word' id='word_1_180' title='bbox 605 2386 863 2431; x_wconf 82' lang='lat' dir='ltr'><strong>Secundum</strong></span> <span class='ocrx_word' id='word_1_181' title='bbox 884 2385 1108 2444; x_wconf 83' lang='lat' dir='ltr'><strong>Ryckium</strong></span> 
     </span>
     <span class='ocr_line' id='line_1_30' title="bbox 217 2443 1111 2510; baseline -0.009 -17"><span class='ocrx_word' id='word_1_182' title='bbox 217 2466 363 2510; x_wconf 73' lang='lat' dir='ltr'><strong>nuper</strong></span> <span class='ocrx_word' id='word_1_183' title='bbox 414 2447 567 2490; x_wconf 89' lang='lat' dir='ltr'><strong>locum</strong></span> <span class='ocrx_word' id='word_1_184' title='bbox 615 2459 746 2487; x_wconf 83' lang='lat' dir='ltr'><strong>suurn</strong></span> <span class='ocrx_word' id='word_1_185' title='bbox 800 2443 862 2486; x_wconf 79' lang='lat' dir='ltr'><strong>ibi</strong></span> <span class='ocrx_word' id='word_1_186' title='bbox 924 2444 1111 2487; x_wconf 85' lang='lat' dir='ltr'><strong>obtinet.</strong></span> 
     </span>
     <span class='ocr_line' id='line_1_31' title="bbox 216 2500 1111 2570; baseline -0.013 -16"><span class='ocrx_word' id='word_1_187' title='bbox 216 2508 415 2570; x_wconf 78' lang='lat' dir='ltr'><strong>Ryckius</strong></span> <span class='ocrx_word' id='word_1_188' title='bbox 471 2505 530 2548; x_wconf 81' lang='lat' dir='ltr'><strong>ita</strong></span> <span class='ocrx_word' id='word_1_189' title='bbox 581 2501 719 2546; x_wconf 82' lang='lat' dir='ltr'><strong>edidit</strong></span> <span class='ocrx_word' id='word_1_190' title='bbox 760 2500 943 2543; x_wconf 84' lang='lat' dir='ltr'><strong>nemine</strong></span> <span class='ocrx_word' id='word_1_191' title='bbox 982 2502 1111 2558; x_wconf 76' lang='lat' dir='ltr'><strong>plau-</strong></span> 
     </span>
     <span class='ocr_line' id='line_1_32' title="bbox 217 2559 1111 2615; baseline -0.019 -1"><span class='ocrx_word' id='word_1_192' title='bbox 217 2573 366 2615; x_wconf 81' lang='lat' dir='ltr'><strong>dente.</strong></span> <span class='ocrx_word' id='word_1_193' title='bbox 435 2562 536 2604; x_wconf 82' lang='lat' dir='ltr'><strong>MS.</strong></span> <span class='ocrx_word' id='word_1_194' title='bbox 570 2559 708 2604; x_wconf 79' lang='lat' dir='ltr'><strong>Corb.</strong></span> <span class='ocrx_word' id='word_1_195' title='bbox 741 2559 870 2602; x_wconf 85' lang='lat' dir='ltr'><strong>habet</strong></span> <span class='ocrx_word' id='word_1_196' title='bbox 901 2559 993 2600; x_wconf 74' lang='lat' dir='ltr'><strong>ceci</strong></span> <span class='ocrx_word' id='word_1_197' title='bbox 1028 2572 1111 2615; x_wconf 86' lang='lat' dir='ltr'><strong>pro</strong></span> 
     </span>
     <span class='ocr_line' id='line_1_33' title="bbox 218 2616 1113 2674; baseline -0.016 -3"><span class='ocrx_word' id='word_1_198' title='bbox 218 2625 370 2671; x_wconf 83' lang='lat' dir='ltr'><strong>ceteri.</strong></span> <span class='ocrx_word' id='word_1_199' title='bbox 431 2618 641 2664; x_wconf 86' lang='lat' dir='ltr'><strong>Heinsius</strong></span> <span class='ocrx_word' id='word_1_200' title='bbox 671 2616 787 2660; x_wconf 85' lang='lat' dir='ltr'><strong>haud</strong></span> <span class='ocrx_word' id='word_1_201' title='bbox 816 2616 963 2674; x_wconf 79' lang='lat' dir='ltr'><strong>inepte·</strong></span> <span class='ocrx_word' id='word_1_202' title='bbox 997 2631 1113 2658; x_wconf 88' lang='lat' dir='ltr'><strong>con-</strong></span> 
     </span>
     <span class='ocr_line' id='line_1_34' title="bbox 216 2673 1112 2731; baseline -0.018 -2"><span class='ocrx_word' id='word_1_203' title='bbox 216 2683 420 2730; x_wconf 73' lang='lat' dir='ltr'><strong>iiciebatz</strong></span> <span class='ocrx_word' id='word_1_204' title='bbox 454 2677 597 2720; x_wconf 83' lang='lat' dir='ltr'><strong>ceteri</strong></span> <span class='ocrx_word' id='word_1_205' title='bbox 614 2675 712 2717; x_wconf 78' lang='lat' dir='ltr'><strong>iam</strong></span> <span class='ocrx_word' id='word_1_206' title='bbox 744 2675 873 2717; x_wconf 82' lang='lat' dir='ltr'><strong>olim.</strong></span> <span class='ocrx_word' id='word_1_207' title='bbox 935 2673 1112 2731; x_wconf 84' lang='lat' dir='ltr'><strong>Bipon-</strong></span> 
     </span>
     <span class='ocr_line' id='line_1_35' title="bbox 217 2732 1110 2787; baseline -0.016 -1"><span class='ocrx_word' id='word_1_208' title='bbox 217 2741 297 2786; x_wconf 81' lang='lat' dir='ltr'><strong>tini</strong></span> <span class='ocrx_word' id='word_1_209' title='bbox 325 2735 559 2784; x_wconf 59' lang='lat' dir='ltr'><strong>audacium</strong></span> <span class='ocrx_word' id='word_1_210' title='bbox 602 2732 949 2787; x_wconf 78' lang='lat' dir='ltr'><strong>Mucianusque.</strong></span> <span class='ocrx_word' id='word_1_211' title='bbox 1009 2732 1110 2772; x_wconf 76' lang='lat' dir='ltr'><strong>iam</strong></span> 
     </span>
     <span class='ocr_line' id='line_1_36' title="bbox 213 2788 1109 2856; baseline -0.017 -14"><span class='ocrx_word' id='word_1_212' title='bbox 213 2795 474 2856; x_wconf 82' lang='lat' dir='ltr'><strong>perlaetari</strong></span> <span class='ocrx_word' id='word_1_213' title='bbox 508 2791 643 2833; x_wconf 84' lang='lat' dir='ltr'><strong>miles</strong></span> <span class='ocrx_word' id='word_1_214' title='bbox 673 2791 721 2830; x_wconf 82' lang='lat' dir='ltr'><strong>in</strong></span> <span class='ocrx_word' id='word_1_215' title='bbox 754 2788 923 2830; x_wconf 79' lang='lat' dir='ltr'><strong>mixtis</strong></span> <span class='ocrx_word' id='word_1_216' title='bbox 957 2790 1109 2830; x_wconf 79' lang='lat' dir='ltr'><strong>consi-</strong></span> 
     </span>
     <span class='ocr_line' id='line_1_37' title="bbox 215 2845 1110 2906; baseline -0.015 -6"><span class='ocrx_word' id='word_1_217' title='bbox 215 2859 304 2901; x_wconf 76' lang='lat' dir='ltr'><strong>liis.</strong></span> <span class='ocrx_word' id='word_1_218' title='bbox 361 2848 625 2906; x_wconf 71' lang='lat' dir='ltr'><strong>Bupertiust</strong></span> <span class='ocrx_word' id='word_1_219' title='bbox 655 2847 894 2889; x_wconf 77' lang='lat' dir='ltr'><strong>distulere.</strong></span> <span class='ocrx_word' id='word_1_220' title='bbox 937 2845 987 2886; x_wconf 84' lang='lat' dir='ltr'><em>V</em></span> <span class='ocrx_word' id='word_1_221' title='bbox 983 2859 1110 2895; x_wconf 73' lang='lat' dir='ltr'><strong>espu-</strong></span> 
     </span>
     <span class='ocr_line' id='line_1_38' title="bbox 214 2904 1116 2961; baseline -0.013 -6"><span class='ocrx_word' id='word_1_222' title='bbox 214 2917 373 2958; x_wconf 79' lang='lat' dir='ltr'><strong>sianus</strong></span> <span class='ocrx_word' id='word_1_223' title='bbox 395 2907 727 2961; x_wconf 80' lang='lat' dir='ltr'><strong>Mucianusque</strong></span> <span class='ocrx_word' id='word_1_224' title='bbox 755 2917 931 2958; x_wconf 76' lang='lat' dir='ltr'><strong>nuper,</strong></span> <span class='ocrx_word' id='word_1_225' title='bbox 975 2904 1116 2944; x_wconf 81' lang='lat' dir='ltr'><strong>ceteri</strong></span> 
     </span>
     <span class='ocr_line' id='line_1_39' title="bbox 217 2959 1111 3014; baseline -0.015 1"><span class='ocrx_word' id='word_1_226' title='bbox 217 2972 330 3014; x_wconf 83' lang='lat' dir='ltr'><strong>olim</strong></span> <span class='ocrx_word' id='word_1_227' title='bbox 354 2983 417 3009; x_wconf 87' lang='lat' dir='ltr'><strong>m.</strong></span> <span class='ocrx_word' id='word_1_228' title='bbox 441 2963 638 3006; x_wconf 70' lang='lat' dir='ltr'><strong>consiliis</strong></span> <span class='ocrx_word' id='word_1_229' title='bbox 664 2977 727 3004; x_wconf 87' lang='lat' dir='ltr'><strong>sc.</strong></span> <span class='ocrx_word' id='word_1_230' title='bbox 753 2959 1111 3010; x_wconf 84' lang='lat' dir='ltr'><strong>stimulabantur,</strong></span> 
     </span>
     <span class='ocr_line' id='line_1_40' title="bbox 216 3017 1109 3087; baseline -0.013 -16"><span class='ocrx_word' id='word_1_231' title='bbox 216 3025 339 3087; x_wconf 88' lang='lat' dir='ltr'><strong>quod</strong></span> <span class='ocrx_word' id='word_1_232' title='bbox 362 3020 569 3076; x_wconf 79' lang='lat' dir='ltr'><strong>intelligit</strong></span> <span class='ocrx_word' id='word_1_233' title='bbox 600 3035 622 3060; x_wconf 89' lang='lat' dir='ltr'><strong>e</strong></span> <span class='ocrx_word' id='word_1_234' title='bbox 656 3017 859 3076; x_wconf 81' lang='lat' dir='ltr'><strong>sequenti</strong></span> <span class='ocrx_word' id='word_1_235' title='bbox 888 3019 1109 3059; x_wconf 78' lang='lat' dir='ltr'><strong>stimula-</strong></span> 
     </span>
     <span class='ocr_line' id='line_1_41' title="bbox 217 3073 1108 3132; baseline -0.013 -3"><span class='ocrx_word' id='word_1_236' title='bbox 217 3090 343 3128; x_wconf 80' lang='lat' dir='ltr'><strong>bant.</strong></span> <span class='ocrx_word' id='word_1_237' title='bbox 402 3077 550 3122; x_wconf 72' lang='lat' dir='ltr'><strong>Niulta</strong></span> <span class='ocrx_word' id='word_1_238' title='bbox 581 3075 777 3118; x_wconf 85' lang='lat' dir='ltr'><strong>eiusdem</strong></span> <span class='ocrx_word' id='word_1_239' title='bbox 811 3073 982 3132; x_wconf 78' lang='lat' dir='ltr'><strong>generis</strong></span> <span class='ocrx_word' id='word_1_240' title='bbox 1013 3073 1108 3117; x_wconf 84' lang='lat' dir='ltr'><strong>loca</strong></span> 
     </span>
     <span class='ocr_line' id='line_1_42' title="bbox 214 3131 1110 3193; baseline -0.011 -11"><span class='ocrx_word' id='word_1_241' title='bbox 214 3137 407 3188; x_wconf 74' lang='lat' dir='ltr'><strong>inveniri</strong></span> <span class='ocrx_word' id='word_1_242' title='bbox 431 3134 545 3193; x_wconf 86' lang='lat' dir='ltr'><strong>apud</strong></span> <span class='ocrx_word' id='word_1_243' title='bbox 561 3133 765 3176; x_wconf 82' lang='lat' dir='ltr'><strong>Tacitum</strong></span> <span class='ocrx_word' id='word_1_244' title='bbox 786 3131 967 3179; x_wconf 86' lang='lat' dir='ltr'><strong>scribit,</strong></span> <span class='ocrx_word' id='word_1_245' title='bbox 997 3145 1110 3187; x_wconf 89' lang='lat' dir='ltr'><strong>quae</strong></span> 
     </span>
     <span class='ocr_line' id='line_1_43' title="bbox 216 3187 1108 3244; baseline -0.018 0"><span class='ocrx_word' id='word_1_246' title='bbox 216 3206 469 3244; x_wconf 84' lang='lat' dir='ltr'><strong>memorare</strong></span> <span class='ocrx_word' id='word_1_247' title='bbox 491 3189 556 3233; x_wconf 82' lang='lat' dir='ltr'><strong>nil</strong></span> <span class='ocrx_word' id='word_1_248' title='bbox 576 3190 773 3233; x_wconf 75' lang='lat' dir='ltr'><strong>attineat.</strong></span> <span class='ocrx_word' id='word_1_249' title='bbox 835 3189 895 3231; x_wconf 86' lang='lat' dir='ltr'><strong>At</strong></span> <span class='ocrx_word' id='word_1_250' title='bbox 916 3187 1108 3231; x_wconf 88' lang='lat' dir='ltr'><strong>multum</strong></span> 
     </span>
     <span class='ocr_line' id='line_1_44' title="bbox 220 3244 1110 3300; baseline -0.015 0"><span class='ocrx_word' id='word_1_251' title='bbox 220 3255 459 3300; x_wconf 65' lang='lat' dir='ltr'><strong>attinebat:</strong></span> <span class='ocrx_word' id='word_1_252' title='bbox 520 3255 625 3290; x_wconf 74' lang='lat' dir='ltr'><strong>nam</strong></span> <span class='ocrx_word' id='word_1_253' title='bbox 669 3247 738 3291; x_wconf 82' lang='lat' dir='ltr'><strong>vix</strong></span> <span class='ocrx_word' id='word_1_254' title='bbox 783 3246 920 3289; x_wconf 87' lang='lat' dir='ltr'><strong>credo</strong></span> <span class='ocrx_word' id='word_1_255' title='bbox 965 3244 1110 3288; x_wconf 86' lang='lat' dir='ltr'><strong>simile</strong></span> 
     </span>
     <span class='ocr_line' id='line_1_45' title="bbox 218 3303 1105 3370; baseline -0.017 -12"><span class='ocrx_word' id='word_1_256' title='bbox 218 3308 469 3370; x_wconf 80' lang='lat' dir='ltr'><strong>exemplum</strong></span> <span class='ocrx_word' id='word_1_257' title='bbox 532 3304 649 3362; x_wconf 87' lang='lat' dir='ltr'><strong>apud</strong></span> <span class='ocrx_word' id='word_1_258' title='bbox 710 3303 927 3345; x_wconf 82' lang='lat' dir='ltr'><strong>Nostrum</strong></span> <span class='ocrx_word' id='word_1_259' title='bbox 997 3317 1105 3344; x_wconf 89' lang='lat' dir='ltr'><strong>esse.</strong></span> 
     </span>
     <span class='ocr_line' id='line_1_46' title="bbox 218 3359 1111 3418; baseline -0.013 -5"><span class='ocrx_word' id='word_1_260' title='bbox 218 3372 504 3417; x_wconf 80' lang='lat' dir='ltr'><strong>Gutmanuus</strong></span> <span class='ocrx_word' id='word_1_261' title='bbox 558 3359 690 3403; x_wconf 82' lang='lat' dir='ltr'><strong>etiam</strong></span> <span class='ocrx_word' id='word_1_262' title='bbox 740 3369 842 3418; x_wconf 85' lang='lat' dir='ltr'><strong>post</strong></span> <span class='ocrx_word' id='word_1_263' title='bbox 893 3361 1111 3403; x_wconf 68' lang='lat' dir='ltr'><strong>distulere</strong></span> 
     </span>
     <span class='ocr_line' id='line_1_47' title="bbox 219 3416 1110 3490; baseline -0.015 -17"><span class='ocrx_word' id='word_1_264' title='bbox 219 3431 350 3490; x_wconf 74' lang='lat' dir='ltr'><strong>plene</strong></span> <span class='ocrx_word' id='word_1_265' title='bbox 392 3418 689 3478; x_wconf 68' lang='lat' dir='ltr'><strong>inter-pungit,</strong></span> <span class='ocrx_word' id='word_1_266' title='bbox 747 3418 807 3459; x_wconf 89' lang='lat' dir='ltr'><strong>uti</strong></span> <span class='ocrx_word' id='word_1_267' title='bbox 850 3426 913 3459; x_wconf 82' lang='lat' dir='ltr'><strong>est</strong></span> <span class='ocrx_word' id='word_1_268' title='bbox 950 3418 996 3459; x_wconf 89' lang='lat' dir='ltr'><strong>in</strong></span> <span class='ocrx_word' id='word_1_269' title='bbox 1041 3416 1110 3460; x_wconf 83' lang='lat' dir='ltr'><strong>ed.</strong></span> 
     </span>
     <span class='ocr_line' id='line_1_48' title="bbox 220 3474 1111 3544; baseline -0.017 -14"><span class='ocrx_word' id='word_1_270' title='bbox 220 3487 362 3544; x_wconf 84' lang='lat' dir='ltr'><strong>Spir.:</strong></span> <span class='ocrx_word' id='word_1_271' title='bbox 386 3487 486 3539; x_wconf 86' lang='lat' dir='ltr'><strong>post</strong></span> <span class='ocrx_word' id='word_1_272' title='bbox 507 3476 670 3520; x_wconf 60' lang='lat' dir='ltr'><strong>mixtis</strong></span> <span class='ocrx_word' id='word_1_273' title='bbox 693 3474 892 3517; x_wconf 79' lang='lat' dir='ltr'><strong>lacunam</strong></span> <span class='ocrx_word' id='word_1_274' title='bbox 915 3489 1007 3516; x_wconf 87' lang='lat' dir='ltr'><strong>esse</strong></span> <span class='ocrx_word' id='word_1_275' title='bbox 1027 3481 1111 3516; x_wconf 85' lang='lat' dir='ltr'><strong>sta·</strong></span> 
     </span>
     <span class='ocr_line' id='line_1_49' title="bbox 220 3530 1111 3630; baseline -0.017 -43"><span class='ocrx_word' id='word_1_276' title='bbox 220 3544 319 3587; x_wconf 82' lang='lat' dir='ltr'><strong>tuit.</strong></span> <span class='ocrx_word' id='word_1_277' title='bbox 397 3538 536 3594; x_wconf 82' lang='lat' dir='ltr'><strong>Negat</strong></span> <span class='ocrx_word' id='word_1_278' title='bbox 574 3530 837 3574; x_wconf 76' lang='lat' dir='ltr'><strong>Ricldefsius</strong></span> <span class='ocrx_word' id='word_1_279' title='bbox 880 3538 1111 3630; x_wconf 38' lang='lat' dir='ltr'><strong>mutatqssie</strong></span> 
     </span>
     <span class='ocr_line' id='line_1_50' title="bbox 221 3588 1110 3646; baseline -0.018 0"><span class='ocrx_word' id='word_1_280' title='bbox 221 3600 384 3646; x_wconf 78' lang='lat' dir='ltr'><strong>mixtis</strong></span> <span class='ocrx_word' id='word_1_281' title='bbox 398 3596 444 3639; x_wconf 87' lang='lat' dir='ltr'><strong>in</strong></span> <span class='ocrx_word' id='word_1_282' title='bbox 459 3591 612 3636; x_wconf 51' lang='lat' dir='ltr'><strong>mcxci.</strong></span> <span class='ocrx_word' id='word_1_283' title='bbox 637 3589 822 3631; x_wconf 75' lang='lat' dir='ltr'><strong>Frustra</strong></span> <span class='ocrx_word' id='word_1_284' title='bbox 839 3603 1010 3631; x_wconf 83' lang='lat' dir='ltr'><strong>omnes.</strong></span> <span class='ocrx_word' id='word_1_285' title='bbox 1067 3588 1110 3630; x_wconf 67' lang='lat' dir='ltr'><strong>&#39;it</strong></span> 
     </span>
    </p>
   </div>
   <div class='ocr_carea' id='block_1_10' title="bbox 1179 1753 2079 3646">
    <p class='ocr_par' dir='ltr' id='par_1_10' title="bbox 1183 1753 2079 2372">
     <span class='ocr_line' id='line_1_51' title="bbox 1185 1753 2076 1802; baseline 0.004 -5"><span class='ocrx_word' id='word_1_286' title='bbox 1185 1753 1306 1797; x_wconf 86' lang='lat' dir='ltr'><strong>enim</strong></span> <span class='ocrx_word' id='word_1_287' title='bbox 1333 1755 1405 1800; x_wconf 87' lang='lat' dir='ltr'><strong>hic</strong></span> <span class='ocrx_word' id='word_1_288' title='bbox 1425 1757 1551 1800; x_wconf 86' lang='lat' dir='ltr'><strong>locus</strong></span> <span class='ocrx_word' id='word_1_289' title='bbox 1579 1755 1752 1799; x_wconf 84' lang='lat' dir='ltr'><strong>laborat</strong></span> <span class='ocrx_word' id='word_1_290' title='bbox 1777 1754 1863 1801; x_wconf 84' lang='lat' dir='ltr'><strong>nisi</strong></span> <span class='ocrx_word' id='word_1_291' title='bbox 1895 1757 2076 1802; x_wconf 86' lang='lat' dir='ltr'><strong>dicendi</strong></span> 
     </span>
     <span class='ocr_line' id='line_1_52' title="bbox 1185 1812 2076 1868; baseline 0.006 -15"><span class='ocrx_word' id='word_1_292' title='bbox 1185 1812 1413 1856; x_wconf 82' lang='lat' dir='ltr'><strong>brevitate.</strong></span> <span class='ocrx_word' id='word_1_293' title='bbox 1475 1814 1526 1857; x_wconf 87' lang='lat' dir='ltr'><strong>ln</strong></span> <span class='ocrx_word' id='word_1_294' title='bbox 1555 1813 1729 1859; x_wconf 79' lang='lat' dir='ltr'><strong>verbis:</strong></span> <span class='ocrx_word' id='word_1_295' title='bbox 1766 1816 1908 1868; x_wconf 75' lang='lat' dir='ltr'><strong>igitur</strong></span> <span class='ocrx_word' id='word_1_296' title='bbox 1936 1831 2076 1866; x_wconf 72' lang='lat' dir='ltr'><strong>orma</strong></span> 
     </span>
     <span class='ocr_line' id='line_1_53' title="bbox 1185 1871 2076 1931; baseline 0.004 -21"><span class='ocrx_word' id='word_1_297' title='bbox 1185 1871 1234 1911; x_wconf 83' lang='lat' dir='ltr'><strong>in</strong></span> <span class='ocrx_word' id='word_1_298' title='bbox 1291 1871 1586 1914; x_wconf 80' lang='lat' dir='ltr'><strong>occasionem</strong></span> <span class='ocrx_word' id='word_1_299' title='bbox 1638 1871 1865 1915; x_wconf 68' lang='lat' dir='ltr'><strong>distulere</strong></span> <span class='ocrx_word' id='word_1_300' title='bbox 1918 1872 2076 1931; x_wconf 77' lang='lat' dir='ltr'><strong>duplex</strong></span> 
     </span>
     <span class='ocr_line' id='line_1_54' title="bbox 1184 1928 2079 1986; baseline 0.002 -15"><span class='ocrx_word' id='word_1_301' title='bbox 1184 1928 1286 1971; x_wconf 80' lang='lat' dir='ltr'><strong>latet</strong></span> <span class='ocrx_word' id='word_1_302' title='bbox 1309 1928 1550 1978; x_wconf 85' lang='lat' dir='ltr'><strong>sententia,</strong></span> <span class='ocrx_word' id='word_1_303' title='bbox 1574 1928 1772 1986; x_wconf 88' lang='lat' dir='ltr'><strong>primum</strong></span> <span class='ocrx_word' id='word_1_304' title='bbox 1825 1930 1914 1972; x_wconf 89' lang='lat' dir='ltr'><strong>uod</strong></span> <span class='ocrx_word' id='word_1_305' title='bbox 1936 1943 2079 1973; x_wconf 78' lang='lat' dir='ltr'><strong>arma</strong></span> 
     </span>
     <span class='ocr_line' id='line_1_55' title="bbox 1185 1985 2075 2044; baseline 0.003 -17"><span class='ocrx_word' id='word_1_306' title='bbox 1185 1987 1432 2040; x_wconf 79' lang='lat' dir='ltr'><strong>distulere,</strong></span> <span class='ocrx_word' id='word_1_307' title='bbox 1478 1985 1669 2029; x_wconf 85' lang='lat' dir='ltr'><strong>alterum</strong></span> <span class='ocrx_word' id='word_1_308' title='bbox 1703 2002 1794 2044; x_wconf 91' lang='lat' dir='ltr'><strong>quo</strong></span> <span class='ocrx_word' id='word_1_309' title='bbox 1839 1990 1907 2040; x_wconf 38' lang='lat' dir='ltr'><strong>‚in</strong></span> <span class='ocrx_word' id='word_1_310' title='bbox 1939 2002 2075 2030; x_wconf 80' lang='lat' dir='ltr'><strong>occa—</strong></span> 
     </span>
     <span class='ocr_line' id='line_1_56' title="bbox 1184 2042 2078 2093; baseline 0.006 -9"><span class='ocrx_word' id='word_1_311' title='bbox 1184 2044 1360 2084; x_wconf 82' lang='lat' dir='ltr'><strong>sionem</strong></span> <span class='ocrx_word' id='word_1_312' title='bbox 1375 2060 1389 2088; x_wconf 80' lang='lat'><em>:</em></span> <span class='ocrx_word' id='word_1_313' title='bbox 1421 2042 1464 2086; x_wconf 80' lang='lat' dir='ltr'><strong>h.</strong></span> <span class='ocrx_word' id='word_1_314' title='bbox 1483 2060 1520 2085; x_wconf 90' lang='lat' dir='ltr'><strong>e.</strong></span> <span class='ocrx_word' id='word_1_315' title='bbox 1545 2042 1590 2085; x_wconf 88' lang='lat' dir='ltr'><strong>id</strong></span> <span class='ocrx_word' id='word_1_316' title='bbox 1614 2043 1849 2087; x_wconf 81' lang='lat' dir='ltr'><strong>eonsilium</strong></span> <span class='ocrx_word' id='word_1_317' title='bbox 1868 2043 2078 2093; x_wconf 74' lang='lat' dir='ltr'><strong>inierunt.</strong></span> 
     </span>
     <span class='ocr_line' id='line_1_57' title="bbox 1185 2101 2078 2159; baseline 0.006 -17"><span class='ocrx_word' id='word_1_318' title='bbox 1185 2108 1233 2142; x_wconf 86' lang='lat' dir='ltr'><strong>ut</strong></span> <span class='ocrx_word' id='word_1_319' title='bbox 1273 2115 1395 2141; x_wconf 83' lang='lat' dir='ltr'><strong>arma</strong></span> <span class='ocrx_word' id='word_1_320' title='bbox 1433 2101 1619 2143; x_wconf 82' lang='lat' dir='ltr'><strong>omnino</strong></span> <span class='ocrx_word' id='word_1_321' title='bbox 1653 2110 1960 2159; x_wconf 76' lang='lat' dir='ltr'><strong>capesserent,</strong></span> <span class='ocrx_word' id='word_1_322' title='bbox 1999 2117 2078 2146; x_wconf 83' lang='lat' dir='ltr'><strong>ex-</strong></span> 
     </span>
     <span class='ocr_line' id='line_1_58' title="bbox 1183 2157 2074 2214; baseline 0.004 -16"><span class='ocrx_word' id='word_1_323' title='bbox 1183 2164 1436 2214; x_wconf 68' lang='lat' dir='ltr'><strong>spectarent</strong></span> <span class='ocrx_word' id='word_1_324' title='bbox 1457 2165 1606 2200; x_wconf 82' lang='lat' dir='ltr'><strong>tamen</strong></span> <span class='ocrx_word' id='word_1_325' title='bbox 1627 2157 1923 2201; x_wconf 85' lang='lat' dir='ltr'><strong>occasionem.</strong></span> <span class='ocrx_word' id='word_1_326' title='bbox 1982 2160 2074 2202; x_wconf 85' lang='lat' dir='ltr'><strong>lam</strong></span> 
     </span>
     <span class='ocr_line' id='line_1_59' title="bbox 1183 2213 2074 2270; baseline 0.002 -14"><span class='ocrx_word' id='word_1_327' title='bbox 1183 2213 1412 2270; x_wconf 71' lang='lat' dir='ltr'><strong>sequentia</strong></span> <span class='ocrx_word' id='word_1_328' title='bbox 1438 2215 1656 2257; x_wconf 81' lang='lat' dir='ltr'><strong>rationem</strong></span> <span class='ocrx_word' id='word_1_329' title='bbox 1680 2214 1874 2259; x_wconf 80' lang='lat' dir='ltr'><strong>reddunt</strong></span> <span class='ocrx_word' id='word_1_330' title='bbox 1896 2217 2074 2260; x_wconf 76' lang='lat' dir='ltr'><strong>consilii</strong></span> 
     </span>
     <span class='ocr_line' id='line_1_60' title="bbox 1183 2269 2076 2332; baseline 0.006 -20"><span class='ocrx_word' id='word_1_331' title='bbox 1183 2269 1238 2312; x_wconf 89' lang='lat' dir='ltr'><strong>de</strong></span> <span class='ocrx_word' id='word_1_332' title='bbox 1261 2270 1397 2314; x_wconf 83' lang='lat' dir='ltr'><strong>armis</strong></span> <span class='ocrx_word' id='word_1_333' title='bbox 1434 2270 1673 2314; x_wconf 87' lang='lat' dir='ltr'><strong>occasione</strong></span> <span class='ocrx_word' id='word_1_334' title='bbox 1703 2270 1802 2316; x_wconf 78' lang='lat' dir='ltr'><strong>data</strong></span> <span class='ocrx_word' id='word_1_335' title='bbox 1837 2287 2076 2332; x_wconf 82' lang='lat' dir='ltr'><strong>capessen-</strong></span> 
     </span>
     <span class='ocr_line' id='line_1_61' title="bbox 1184 2326 1688 2372; baseline 0.006 -3"><span class='ocrx_word' id='word_1_336' title='bbox 1184 2326 1250 2370; x_wconf 85' lang='lat' dir='ltr'><strong>dis</strong></span> <span class='ocrx_word' id='word_1_337' title='bbox 1276 2327 1392 2370; x_wconf 83' lang='lat' dir='ltr'><strong>inter</strong></span> <span class='ocrx_word' id='word_1_338' title='bbox 1417 2329 1552 2371; x_wconf 88' lang='lat' dir='ltr'><strong>duces</strong></span> <span class='ocrx_word' id='word_1_339' title='bbox 1574 2328 1688 2372; x_wconf 85' lang='lat' dir='ltr'><strong>initi.</strong></span> 
     </span>
    </p>

    <p class='ocr_par' dir='ltr' id='par_1_11' title="bbox 1181 2382 2079 3131">
     <span class='ocr_line' id='line_1_62' title="bbox 1241 2382 2078 2442; baseline 0.006 -15"><span class='ocrx_word' id='word_1_340' title='bbox 1241 2382 1353 2427; x_wconf 53' lang='lat' dir='ltr'><strong>Cap,</strong></span> <span class='ocrx_word' id='word_1_341' title='bbox 1381 2386 1422 2428; x_wconf 92' lang='lat'><strong>8.</strong></span> <span class='ocrx_word' id='word_1_342' title='bbox 1454 2387 1743 2442; x_wconf 74' lang='lat' dir='ltr'><strong>fingentibus</strong></span> <span class='ocrx_word' id='word_1_343' title='bbox 1763 2389 2078 2432; x_wconf 80' lang='lat' dir='ltr'><strong>credentibus-</strong></span> 
     </span>
     <span class='ocr_line' id='line_1_63' title="bbox 1182 2443 2077 2505; baseline 0.008 -22"><span class='ocrx_word' id='word_1_344' title='bbox 1182 2457 1288 2497; x_wconf 84' lang='lat' dir='ltr'><strong>que.</strong></span> <span class='ocrx_word' id='word_1_345' title='bbox 1351 2443 1452 2490; x_wconf 85' lang='lat' dir='ltr'><strong>MS.</strong></span> <span class='ocrx_word' id='word_1_346' title='bbox 1469 2443 1582 2501; x_wconf 81' lang='lat' dir='ltr'><strong>Agr.</strong></span> <span class='ocrx_word' id='word_1_347' title='bbox 1609 2458 1691 2487; x_wconf 82' lang='lat' dir='ltr'><strong>con</strong></span> <span class='ocrx_word' id='word_1_348' title='bbox 1726 2446 1974 2498; x_wconf 70' lang='lat' dir='ltr'><strong>agentibus</strong></span> <span class='ocrx_word' id='word_1_349' title='bbox 1992 2462 2077 2505; x_wconf 86' lang='lat' dir='ltr'><strong>pro</strong></span> 
     </span>
     <span class='ocr_line' id='line_1_64' title="bbox 1183 2500 2079 2556; baseline 0.006 -15"><span class='ocrx_word' id='word_1_350' title='bbox 1183 2515 1290 2542; x_wconf 87' lang='lat' dir='ltr'><strong>eum</strong></span> <span class='ocrx_word' id='word_1_351' title='bbox 1299 2500 1599 2556; x_wconf 78' lang='lat' dir='ltr'><strong>fingentibus.</strong></span> <span class='ocrx_word' id='word_1_352' title='bbox 1721 2500 1826 2545; x_wconf 83' lang='lat' dir='ltr'><strong>MS.</strong></span> <span class='ocrx_word' id='word_1_353' title='bbox 1849 2501 1933 2547; x_wconf 82' lang='lat' dir='ltr'><strong>les.</strong></span> <span class='ocrx_word' id='word_1_354' title='bbox 1957 2505 2079 2548; x_wconf 80' lang='lat' dir='ltr'><strong>abest</strong></span> 
     </span>
     <span class='ocr_line' id='line_1_65' title="bbox 1182 2557 2076 2617; baseline 0.006 -19"><span class='ocrx_word' id='word_1_355' title='bbox 1182 2572 1295 2612; x_wconf 85' lang='lat' dir='ltr'><strong>que,</strong></span> <span class='ocrx_word' id='word_1_356' title='bbox 1349 2557 1468 2600; x_wconf 88' lang='lat' dir='ltr'><strong>unde</strong></span> <span class='ocrx_word' id='word_1_357' title='bbox 1500 2558 1732 2602; x_wconf 83' lang='lat' dir='ltr'><strong>Broterius</strong></span> <span class='ocrx_word' id='word_1_358' title='bbox 1768 2559 2076 2617; x_wconf 84' lang='lat' dir='ltr'><strong>suspicabatur</strong></span> 
     </span>
     <span class='ocr_line' id='line_1_66' title="bbox 1182 2614 2073 2673; baseline 0.003 -15"><span class='ocrx_word' id='word_1_359' title='bbox 1182 2615 1291 2658; x_wconf 83' lang='lat' dir='ltr'><strong>olim</strong></span> <span class='ocrx_word' id='word_1_360' title='bbox 1313 2615 1529 2673; x_wconf 85' lang='lat' dir='ltr'><strong>scriptum</strong></span> <span class='ocrx_word' id='word_1_361' title='bbox 1553 2614 1688 2658; x_wconf 84' lang='lat' dir='ltr'><strong>fuisse</strong></span> <span class='ocrx_word' id='word_1_362' title='bbox 1713 2618 2073 2673; x_wconf 69' lang='lat' dir='ltr'><strong>credentibus-ve,</strong></span> 
     </span>
     <span class='ocr_line' id='line_1_67' title="bbox 1182 2671 2073 2729; baseline 0.007 -16"><span class='ocrx_word' id='word_1_363' title='bbox 1182 2672 1284 2729; x_wconf 84' lang='lat' dir='ltr'><strong>quia</strong></span> <span class='ocrx_word' id='word_1_364' title='bbox 1315 2673 1478 2714; x_wconf 86' lang='lat' dir='ltr'><strong>durum</strong></span> <span class='ocrx_word' id='word_1_365' title='bbox 1498 2671 1556 2715; x_wconf 86' lang='lat' dir='ltr'><strong>sit</strong></span> <span class='ocrx_word' id='word_1_366' title='bbox 1581 2687 1724 2728; x_wconf 84' lang='lat' dir='ltr'><strong>eoque</strong></span> <span class='ocrx_word' id='word_1_367' title='bbox 1748 2705 1760 2717; x_wconf 89' lang='lat'><strong>.</strong></span> <span class='ocrx_word' id='word_1_368' title='bbox 1775 2705 1788 2718; x_wconf 87' lang='lat'><strong>.</strong></span> <span class='ocrx_word' id='word_1_369' title='bbox 1807 2704 1818 2717; x_wconf 90' lang='lat'><strong>.</strong></span> <span class='ocrx_word' id='word_1_370' title='bbox 1840 2678 2073 2719; x_wconf 76' lang='lat' dir='ltr'><strong>credenti-</strong></span> 
     </span>
     <span class='ocr_line' id='line_1_68' title="bbox 1183 2730 2074 2787; baseline 0.006 -16"><span class='ocrx_word' id='word_1_371' title='bbox 1183 2733 1354 2784; x_wconf 78' lang='lat' dir='ltr'><strong>busque</strong></span> <span class='ocrx_word' id='word_1_372' title='bbox 1379 2760 1416 2773; x_wconf 91' lang='lat'><strong>..</strong></span> <span class='ocrx_word' id='word_1_373' title='bbox 1432 2760 1443 2772; x_wconf 92' lang='lat'><strong>.</strong></span> <span class='ocrx_word' id='word_1_374' title='bbox 1466 2737 1764 2787; x_wconf 77' lang='lat' dir='ltr'><strong>conatusque.</strong></span> <span class='ocrx_word' id='word_1_375' title='bbox 1825 2730 1915 2776; x_wconf 83' lang='lat' dir='ltr'><strong>sed</strong></span> <span class='ocrx_word' id='word_1_376' title='bbox 1937 2747 1992 2776; x_wconf 82' lang='lat' dir='ltr'><strong>ve</strong></span> <span class='ocrx_word' id='word_1_377' title='bbox 2018 2735 2074 2778; x_wconf 76' lang='lat' dir='ltr'><strong>ab</strong></span> 
     </span>
     <span class='ocr_line' id='line_1_69' title="bbox 1182 2785 2074 2840; baseline 0.003 -10"><span class='ocrx_word' id='word_1_378' title='bbox 1182 2786 1269 2830; x_wconf 86' lang='lat' dir='ltr'><strong>hoc</strong></span> <span class='ocrx_word' id='word_1_379' title='bbox 1312 2787 1417 2830; x_wconf 82' lang='lat' dir='ltr'><strong>loco</strong></span> <span class='ocrx_word' id='word_1_380' title='bbox 1458 2785 1654 2829; x_wconf 84' lang='lat' dir='ltr'><strong>alienum</strong></span> <span class='ocrx_word' id='word_1_381' title='bbox 1695 2796 1787 2840; x_wconf 81' lang='lat' dir='ltr'><strong>est,</strong></span> <span class='ocrx_word' id='word_1_382' title='bbox 1837 2804 1923 2834; x_wconf 82' lang='lat' dir='ltr'><strong>nec</strong></span> <span class='ocrx_word' id='word_1_383' title='bbox 1963 2790 2074 2835; x_wconf 78' lang='lat' dir='ltr'><strong>adeo</strong></span> 
     </span>
     <span class='ocr_line' id='line_1_70' title="bbox 1181 2843 2074 2903; baseline 0.003 -17"><span class='ocrx_word' id='word_1_384' title='bbox 1181 2843 1423 2886; x_wconf 73' lang='lat' dir='ltr'><strong>nioiestum</strong></span> <span class='ocrx_word' id='word_1_385' title='bbox 1446 2843 1600 2903; x_wconf 81' lang='lat' dir='ltr'><strong>triplex</strong></span> <span class='ocrx_word' id='word_1_386' title='bbox 1622 2843 1735 2889; x_wconf 82' lang='lat' dir='ltr'><strong>illud</strong></span> <span class='ocrx_word' id='word_1_387' title='bbox 1757 2861 1858 2902; x_wconf 86' lang='lat' dir='ltr'><strong>que.</strong></span> <span class='ocrx_word' id='word_1_388' title='bbox 1910 2845 2074 2891; x_wconf 83' lang='lat' dir='ltr'><strong>Graeci</strong></span> 
     </span>
     <span class='ocr_line' id='line_1_71' title="bbox 1181 2900 2075 2949; baseline 0.006 -5"><span class='ocrx_word' id='word_1_389' title='bbox 1181 2902 1242 2944; x_wconf 80' lang='lat' dir='ltr'><strong>ita</strong></span> <span class='ocrx_word' id='word_1_390' title='bbox 1283 2900 1517 2944; x_wconf 87' lang='lat' dir='ltr'><strong>cumulant</strong></span> <span class='ocrx_word' id='word_1_391' title='bbox 1558 2904 1623 2946; x_wconf 72' lang='grc' dir='ltr'><strong>τέ.</strong></span> <span class='ocrx_word' id='word_1_392' title='bbox 1705 2903 1754 2945; x_wconf 83' lang='lat' dir='ltr'><strong>ln</strong></span> <span class='ocrx_word' id='word_1_393' title='bbox 1790 2903 1889 2948; x_wconf 81' lang='lat' dir='ltr'><strong>MS.</strong></span> <span class='ocrx_word' id='word_1_394' title='bbox 1920 2902 2075 2949; x_wconf 75' lang='lat' dir='ltr'><strong>Guelf-</strong></span> 
     </span>
     <span class='ocr_line' id='line_1_72' title="bbox 1182 2957 2074 3011; baseline 0.007 -12"><span class='ocrx_word' id='word_1_395' title='bbox 1182 2957 1454 3000; x_wconf 81' lang='lat' dir='ltr'><strong>vocabulum</strong></span> <span class='ocrx_word' id='word_1_396' title='bbox 1506 2961 1717 3011; x_wconf 77' lang='lat' dir='ltr'><strong>pluribus</strong></span> <span class='ocrx_word' id='word_1_397' title='bbox 1763 2959 1811 3003; x_wconf 90' lang='lat' dir='ltr'><strong>in</strong></span> <span class='ocrx_word' id='word_1_398' title='bbox 1866 2967 2074 3005; x_wconf 67' lang='lat' dir='ltr'><strong>comeatu</strong></span> 
     </span>
     <span class='ocr_line' id='line_1_73' title="bbox 1182 3016 2075 3077; baseline 0.007 -20"><span class='ocrx_word' id='word_1_399' title='bbox 1182 3016 1397 3058; x_wconf 82' lang='lat' dir='ltr'><strong>omissum</strong></span> <span class='ocrx_word' id='word_1_400' title='bbox 1421 3031 1509 3059; x_wconf 89' lang='lat' dir='ltr'><strong>sec.</strong></span> <span class='ocrx_word' id='word_1_401' title='bbox 1531 3031 1691 3059; x_wconf 84' lang='lat' dir='ltr'><strong>manus</strong></span> <span class='ocrx_word' id='word_1_402' title='bbox 1714 3016 1758 3061; x_wconf 89' lang='lat' dir='ltr'><strong>in</strong></span> <span class='ocrx_word' id='word_1_403' title='bbox 1782 3019 1982 3076; x_wconf 78' lang='lat' dir='ltr'><strong>margine</strong></span> <span class='ocrx_word' id='word_1_404' title='bbox 1996 3018 2075 3077; x_wconf 68' lang='lat' dir='ltr'><strong>&#39;nd-</strong></span> 
     </span>
     <span class='ocr_line' id='line_1_74' title="bbox 1183 3072 1906 3131; baseline 0.007 -17"><span class='ocrx_word' id='word_1_405' title='bbox 1183 3072 1295 3115; x_wconf 80' lang='lat' dir='ltr'><strong>didit</strong></span> <span class='ocrx_word' id='word_1_406' title='bbox 1314 3072 1588 3131; x_wconf 82' lang='lat' dir='ltr'><strong>inseruitque</strong></span> <span class='ocrx_word' id='word_1_407' title='bbox 1615 3083 1714 3131; x_wconf 82' lang='lat' dir='ltr'><strong>post</strong></span> <span class='ocrx_word' id='word_1_408' title='bbox 1736 3076 1906 3120; x_wconf 79' lang='lat' dir='ltr'><strong>vivere.</strong></span> 
     </span>
    </p>

    <p class='ocr_par' dir='ltr' id='par_1_12' title="bbox 1179 3129 2071 3357">
     <span class='ocr_line' id='line_1_75' title="bbox 1238 3129 2071 3191; baseline 0.007 -21"><span class='ocrx_word' id='word_1_409' title='bbox 1238 3139 1514 3174; x_wconf 73' lang='lat' dir='ltr'><strong>ceterorum.</strong></span> <span class='ocrx_word' id='word_1_410' title='bbox 1574 3129 1658 3174; x_wconf 85' lang='lat' dir='ltr'><strong>Ed.</strong></span> <span class='ocrx_word' id='word_1_411' title='bbox 1684 3130 1804 3191; x_wconf 89' lang='lat' dir='ltr'><strong>Spir.</strong></span> <span class='ocrx_word' id='word_1_412' title='bbox 1842 3148 1945 3183; x_wconf 82' lang='lat' dir='ltr'><strong>cum</strong></span> <span class='ocrx_word' id='word_1_413' title='bbox 1968 3132 2071 3176; x_wconf 89' lang='lat' dir='ltr'><strong>MS.</strong></span> 
     </span>
     <span class='ocr_line' id='line_1_76' title="bbox 1183 3182 2071 3250; baseline 0.008 -23"><span class='ocrx_word' id='word_1_414' title='bbox 1183 3182 1337 3230; x_wconf 82' lang='lat' dir='ltr'><strong>Guelf.</strong></span> <span class='ocrx_word' id='word_1_415' title='bbox 1368 3194 1586 3250; x_wconf 66' lang='lat' dir='ltr'><strong>cgterum.</strong></span> <span class='ocrx_word' id='word_1_416' title='bbox 1646 3187 1814 3233; x_wconf 85' lang='lat' dir='ltr'><strong>Eadem</strong></span> <span class='ocrx_word' id='word_1_417' title='bbox 1851 3189 1922 3233; x_wconf 83' lang='lat' dir='ltr'><strong>ed.</strong></span> <span class='ocrx_word' id='word_1_418' title='bbox 1951 3188 2071 3248; x_wconf 81' lang='lat' dir='ltr'><strong>Spir.</strong></span> 
     </span>
     <span class='ocr_line' id='line_1_77' title="bbox 1181 3245 2070 3305; baseline 0.006 -19"><span class='ocrx_word' id='word_1_419' title='bbox 1181 3259 1282 3286; x_wconf 86' lang='lat' dir='ltr'><strong>mox</strong></span> <span class='ocrx_word' id='word_1_420' title='bbox 1333 3245 1627 3287; x_wconf 75' lang='lat' dir='ltr'><strong>tradiderunt</strong></span> <span class='ocrx_word' id='word_1_421' title='bbox 1680 3262 1763 3305; x_wconf 83' lang='lat' dir='ltr'><strong>pro</strong></span> <span class='ocrx_word' id='word_1_422' title='bbox 1813 3247 2070 3291; x_wconf 77' lang='lat' dir='ltr'><strong>tradidere.</strong></span> 
     </span>
     <span class='ocr_line' id='line_1_78' title="bbox 1179 3299 1969 3357; baseline 0.006 -14"><span class='ocrx_word' id='word_1_423' title='bbox 1179 3299 1298 3343; x_wconf 87' lang='lat' dir='ltr'><strong>Dein</strong></span> <span class='ocrx_word' id='word_1_424' title='bbox 1320 3316 1461 3357; x_wconf 79' lang='lat' dir='ltr'><strong>super</strong></span> <span class='ocrx_word' id='word_1_425' title='bbox 1478 3302 1784 3346; x_wconf 72' lang='lat' dir='ltr'><strong>similitudine</strong></span> <span class='ocrx_word' id='word_1_426' title='bbox 1808 3305 1969 3349; x_wconf 72' lang='grc' dir='ltr'><strong>ιηονίε.</strong></span> 
     </span>
    </p>

    <p class='ocr_par' dir='ltr' id='par_1_13' title="bbox 1182 3359 2075 3646">
     <span class='ocr_line' id='line_1_79' title="bbox 1233 3359 2072 3413; baseline 0.008 -14"><span class='ocrx_word' id='word_1_427' title='bbox 1233 3360 1443 3413; x_wconf 80' lang='lat' dir='ltr'><strong>propior.</strong></span> <span class='ocrx_word' id='word_1_428' title='bbox 1488 3360 1582 3403; x_wconf 67' lang='lat' dir='ltr'><strong>sie</strong></span> <span class='ocrx_word' id='word_1_429' title='bbox 1611 3359 1747 3404; x_wconf 85' lang='lat' dir='ltr'><strong>MSS.</strong></span> <span class='ocrx_word' id='word_1_430' title='bbox 1773 3359 1925 3405; x_wconf 83' lang='lat' dir='ltr'><strong>Guelf.</strong></span> <span class='ocrx_word' id='word_1_431' title='bbox 1955 3361 2072 3408; x_wconf 81' lang='lat' dir='ltr'><strong>Bud.</strong></span> 
     </span>
     <span class='ocr_line' id='line_1_80' title="bbox 1182 3415 2073 3474; baseline 0.008 -18"><span class='ocrx_word' id='word_1_432' title='bbox 1182 3415 1282 3458; x_wconf 83' lang='lat' dir='ltr'><strong>edd.</strong></span> <span class='ocrx_word' id='word_1_433' title='bbox 1310 3415 1429 3473; x_wconf 80' lang='lat' dir='ltr'><strong>Spir.</strong></span> <span class='ocrx_word' id='word_1_434' title='bbox 1455 3416 1555 3460; x_wconf 72' lang='lat' dir='ltr'><strong>Put.</strong></span> <span class='ocrx_word' id='word_1_435' title='bbox 1578 3417 1646 3460; x_wconf 87' lang='grc' dir='ltr'><strong>Μ.</strong></span> <span class='ocrx_word' id='word_1_436' title='bbox 1677 3426 1718 3459; x_wconf 86' lang='lat' dir='ltr'><strong>et</strong></span> <span class='ocrx_word' id='word_1_437' title='bbox 1743 3417 1797 3461; x_wconf 90' lang='lat' dir='ltr'><strong>V.</strong></span> <span class='ocrx_word' id='word_1_438' title='bbox 1818 3417 1925 3465; x_wconf 82' lang='lat' dir='ltr'><strong>Ber.</strong></span> <span class='ocrx_word' id='word_1_439' title='bbox 1948 3420 2073 3474; x_wconf 86' lang='lat' dir='ltr'><strong>(cum</strong></span> 
     </span>
     <span class='ocr_line' id='line_1_81' title="bbox 1182 3472 2075 3532; baseline 0.009 -19"><span class='ocrx_word' id='word_1_440' title='bbox 1182 3473 1326 3516; x_wconf 77' lang='lat' dir='ltr'><strong>silent.</strong></span> <span class='ocrx_word' id='word_1_441' title='bbox 1373 3472 1509 3531; x_wconf 84' lang='lat' dir='ltr'><strong>Vict.)</strong></span> <span class='ocrx_word' id='word_1_442' title='bbox 1567 3489 1665 3532; x_wconf 89' lang='lat' dir='ltr'><strong>sqq.</strong></span> <span class='ocrx_word' id='word_1_443' title='bbox 1725 3499 1779 3507; x_wconf 91' lang='lat'>-</span> <span class='ocrx_word' id='word_1_444' title='bbox 1855 3481 2075 3532; x_wconf 81' lang='lat' dir='ltr'><strong>proprior</strong></span> 
     </span>
     <span class='ocr_line' id='line_1_82' title="bbox 1183 3530 2070 3589; baseline 0.009 -18"><span class='ocrx_word' id='word_1_445' title='bbox 1183 3530 1317 3572; x_wconf 71' lang='lat' dir='ltr'><strong>MSS.</strong></span> <span class='ocrx_word' id='word_1_446' title='bbox 1373 3531 1454 3574; x_wconf 78' lang='lat' dir='ltr'><strong>les.</strong></span> <span class='ocrx_word' id='word_1_447' title='bbox 1507 3532 1610 3588; x_wconf 80' lang='lat' dir='ltr'><strong>Agr.</strong></span> <span class='ocrx_word' id='word_1_448' title='bbox 1662 3532 1791 3586; x_wconf 87' lang='lat' dir='ltr'><strong>(teste</strong></span> <span class='ocrx_word' id='word_1_449' title='bbox 1811 3533 2070 3589; x_wconf 54' lang='lat' dir='ltr'><strong>,Bi-otwin).</strong></span> 
     </span>
     <span class='ocr_line' id='line_1_83' title="bbox 1183 3586 2070 3646; baseline 0.009 -18"><span class='ocrx_word' id='word_1_450' title='bbox 1183 3586 1252 3628; x_wconf 87' lang='lat' dir='ltr'><strong>De</strong></span> <span class='ocrx_word' id='word_1_451' title='bbox 1287 3587 1390 3631; x_wconf 89' lang='lat' dir='ltr'><strong>cod.</strong></span> <span class='ocrx_word' id='word_1_452' title='bbox 1421 3590 1530 3646; x_wconf 80' lang='lat' dir='ltr'><strong>Agr.</strong></span> <span class='ocrx_word' id='word_1_453' title='bbox 1567 3589 1748 3634; x_wconf 78' lang='lat' dir='ltr'><strong>dubito:</strong></span> <span class='ocrx_word' id='word_1_454' title='bbox 1787 3606 1890 3635; x_wconf 85' lang='lat' dir='ltr'><strong>nam</strong></span> <span class='ocrx_word' id='word_1_455' title='bbox 1923 3598 2070 3636; x_wconf 81' lang='lat' dir='ltr'><strong>tacent</strong></span> 
     </span>
    </p>
   </div>
  </div>
 </body>
</html>
