2138 4030
215 216 265 256 A.
279 217 332 252 U.
350 214 435 251 823.

218 263 270 296 A.
283 261 329 296 C.
374 261 434 293 70-

669 217 843 278 LIB.
880 217 955 279 11.
1024 215 1216 279 CAP..
1254 217 1350 280 85.
1391 221 1485 281 86.
1849 229 1976 287 233

133 334 488 411 Saturninus
506 346 768 405 Moesiae
792 360 984 406 rector
1007 348 1327 423 pessimum
1348 349 1575 406 facinus
1602 354 1776 412 audet
1800 356 1976 414 misso

132 437 473 495 centurione
517 435 590 510 ad
633 433 1105 489 interficiendum
1145 432 1416 490 Tertium
1458 431 1757 494 Iulianum
1803 441 1981 516 septi..

132 541 264 578 mae
292 519 541 594 legionis
564 518 819 591 legatum
844 519 921 574 ob
949 518 1299 587 simultateS‚
1342 518 1556 594 quibus
1580 542 1811 579 causam
1843 547 1982 600 par-

133 607 284 664 tium
327 598 761 681 praetendebat.
864 600 1133 659 Iulianus
1185 613 1482 677 comperto
1531 605 1870 666 discrimine
1923 623 1980 669 et

134 691 331 765 gnaris
367 691 631 746 locorum
665 687 900 743 adscitis
935 708 1042 761 per
1077 687 1205 743 avia
1232 685 1494 744 Moesiae
1528 691 1684 747 ultra
1722 705 1983 751 montem

133 776 426 833 Haemum
450 772 728 849 profugit.
796 791 905 828 nec
931 772 1144 829 deinde
1167 771 1330 828 civili
1356 773 1514 829 bello
1543 764 1840 853 interfuit,
1880 800 1986 854 per

136 860 326 917 varias
362 877 558 916 moras
598 868 928 932 susceptum
968 859 1042 913 ad
1070 856 1495 932 Vespasianum
1530 858 1642 930 iter
1666 856 1904 918 trahens
1931 876 1988 923 et

135 965 202 1001 ex
226 944 454 1002 nuntiis
479 943 930 1000 cunctabundus
959 953 1060 999 aut
1086 961 1432 1018 properans.
1686 987 1694 994 ,

303 1037 640 1100 LXXXVI.
685 1034 767 1097 At
790 1040 856 1096 in
881 1038 1194 1096 Pannonia
1213 1039 1383 1098 Xlll.
1411 1042 1563 1115 legio
1589 1062 1655 1100 ac
1675 1041 1812 1104 VII.
1840 1042 1989 1102 Gal—

136 1128 314 1187 biana
354 1127 621 1183 dolorem
659 1125 926 1201 iramque
959 1122 1366 1181 Bedriacensis
1403 1146 1633 1201 pugnae
1668 1128 1986 1188 retinentes
2024 1171 2026 1173 μ

137 1211 300 1271 haud
365 1221 705 1269 cunctanter
751 1207 1111 1285 Vespasiano
1166 1229 1482 1281 accessere,
1562 1212 1625 1268 vi
1676 1216 1990 1291 praecipua

137 1297 327 1356 Primi
364 1293 632 1354 Antonii.
719 1294 769 1350 is
813 1295 1041 1368 legibus
1085 1314 1305 1352 nocens
1343 1307 1401 1353 et
1438 1308 1555 1354 tem
1599 1297 1990 1368 Qeronis

140 1384 275 1439 falsi
308 1383 617 1438 damnatus
654 1380 810 1436 inter
842 1380 957 1436 alia
984 1380 1128 1436 belli
1151 1381 1304 1437 mala
1331 1319 1691 1471 senagdium
1722 1405 1791 1441 or
1834 1386 1994 1442 inem

142 1468 583 1542 reciperaverat.
694 1465 1061 1540 praepositus
1110 1486 1144 1522 a
1197 1464 1389 1523 Galba
1442 1468 1720 1542 septimae
1771 1471 1993 1545 lgioni

143 1552 493 1628 scriptitasse
519 1545 769 1619 *Othoni
819 1551 1164 1608 credebatur
1198 1552 1405 1607 ducem
1449 1571 1508 1609 se
1546 1553 1812 1627 partibus
1847 1557 1994 1614 offe-

143 1657 305 1694 rens:
362 1657 396 1693 a
437 1657 553 1712 quo
591 1637 887 1708 neglectus
919 1635 984 1691 in
1010 1636 1175 1692 nullo
1205 1632 1543 1694 Othoniani
1567 1638 1711 1694 belli
1732 1661 1843 1698 usu
1864 1642 1994 1703 fuit.

69 1799 73 1802 η
146 1721 484 1781 labantibus
524 1719 754 1777 Vitellii
804 1721 980 1777 rebus
1019 1720 1448 1796 Vespasianum
1496 1734 1726 1780 secutus
1778 1729 1999 1800 grande

146 1817 514 1864 momentum
541 1805 799 1875 addidit,
832 1817 1105 1862 strenuus
1132 1826 1313 1864 manu
1331 1852 1349 1876 ,
1382 1806 1650 1864 sermone
1673 1808 2002 1887 promptus,

147 1894 426 1949 serendae
451 1891 517 1945 in
542 1891 686 1946 alios
711 1890 970 1946 invidiae
996 1892 1201 1949 artifex
1218 1936 1232 1961 ,
1277 1891 1587 1948 discordiis
1610 1904 1667 1951 et
1691 1896 2002 1958 seditioni-

150 1976 528 2052 bus'potenS,
571 1987 799 2050 raptor,
840 1976 1115 2049 largitor,
1157 1996 1296 2050 pace
1326 1978 1644 2051 pessimus,
1686 1980 1845 2038 bello
1877 2004 2001 2042 non

154 2061 537 2138 spernendus,
624 2059 819 2119 Iuncti
855 2061 995 2117 inde
1025 2060 1277 2117 Moesici
1315 2081 1381 2118 ac
1411 2060 1744 2121 Pannonici
1784 2072 2006 2127 exerci-

151 2159 246 2204 tus
275 2145 671 2217 Dalmaticum
705 2145 956 2215 militem
992 2158 1248 2216 traxere,
1297 2167 1637 2223 quanquam
1674 2142 2004 2212 consulari.

151 2233 263 2290 bus
302 2230 505 2306 legatis
536 2226 693 2286 nihil
731 2232 1127 2292 turbantibus,
1216 2230 1391 2289 Titus
1415 2229 1667 2309 Ampius
1691 2231 2012 2300 Flavianus

214 2448 518 2493 Saturninus.
577 2448 661 2494 Ed.
686 2447 900 2492 Beroald.
925 2451 1050 2505 (cum
1178 2451 1226 2492 in
1256 2451 1406 2491 nullo.
1468 2448 1589 2493 Haec
1619 2451 1734 2494 male
1775 2453 1934 2501 desunt
1964 2462 2011 2506 in

141 2506 303 2550 silent.
335 2506 471 2562 Vict.)
500 2504 764 2549 Saturnius.
835 2506 983 2566 Supra·
1013 2508 1050 2559 1,

157 2564 228 2607 79.
285 2563 349 2606 M.
409 2564 620 2619 Aponius
683 2561 860 2607 dieitur.
941 2563 1048 2608 Vid.

159 2629 253 2667 not.
274 2621 327 2663 ad
349 2620 390 2673 3,
413 2621 452 2664 5.

220 2679 447 2721 Tertium.
523 2676 600 2721 Sic
640 2677 741 2721 edd.
775 2677 894 2736 Spir.
933 2677 1049 2736 Lips.

162 2751 259 2834 1³⁸1·
297 2734 629 2835 isinisssffflffi'f
651 2738 784 2835 ⁶233·
815 2734 1051 2836 pfftf's‘ss'?

165 2809 295 2897 ‹22¹1ss
339 2825 483 2893 snen't.
526 2824 667 2906 viet'.)
713 2826 813 2894 Asc.
854 2825 952 2908 sq'q.
997 2827 1052 2894 ad

163 2906 383 2965 Lipsium.

222 2977 390 3029 gnaris
435 2978 656 3020 locorum.
736 2976 819 3022 Ed.
861 2976 964 3021 Put.
999 2977 1055 3022 V.

168 3033 324 3077 vitiose
348 3035 528 3089 ignaris
550 3037 772 3077 Iocorum.

225 3106 429 3150 adscitis.
471 3103 547 3147 Sic
569 3104 656 3148 hoc
677 3102 778 3149 loeo
793 3105 891 3148 MS.
908 3103 1058 3149 Guelf.

168 3162 270 3205 edd.
298 3169 400 3205 vett.
436 3177 622 3212 omnes,
662 3177 799 3218 quum
831 3161 937 3205 alibi
963 3163 1059 3205 Pu·-

167 3220 400 3266 teolanus,
449 3226 491 3260 et
535 3218 611 3274 qui
654 3235 759 3262 eum
797 3229 1059 3281 sequuntur,

167 3275 422 3335 praeferant
443 3275 634 3318 ascitus.

231 3349 295 3388 ad
328 3345 690 3401 Vespasianum.
760 3345 846 3394 Ed.
880 3345 910 3390 S

176 3401 481 3457 Vespbsismo.

235 3471 347 3514 ΟΜ).
381 3472 449 3516 86.
509 3473 847 3519 Βεάηάοεηειὶς.

179 3537 227 3577 ut
247 3529 289 3580 2,
310 3527 379 3574 23.

1122 2506 1329 2563 ed.Spir.
1380 2506 1488 2549 Mox
1510 2523 1593 2564 pro
1617 2515 1867 2563 serendae,
1896 2532 2011 2574 quae

1122 2563 1419 2621 est›omnium
1441 2563 1664 2608 librorum
1687 2568 1906 2627 scriptura
1921 2607 1934 2626 ,
1963 2576 2012 2622 in

1123 2621 1193 2664 ed.
1216 2619 1458 2662 Weikerti
1484 2620 1669 2677 inrepsit
1682 2624 1927 2678 serendae.

1179 2679 1458 2721 labantibus.
1530 2678 1630 2723 MS..
1666 2680 1819 2728 Guelf.
1852 2689 2015 2734 laben-

1125 2737 1260 2778 tibus.

1186 2792 1317 2835 Titus
1355 2794 1549 2847 Ampius
1591 2794 1866 2846 Flavianus.
1941 2805 2055 2852 Sic.

1126 2850 1228 2894 edd.
1249 2850 1375 2892 Pieh.
1399 2850 1533 2908 Lipsii
1556 2860 1695 2908 poste.
1710 2852 1893 2903 Gruter.
1916 2878 2015 2922 sqq.

1128 2924 1152 2950 e
1186 2907 1287 2950 MS.
1321 2906 1481 2958 Flor„
1521 2908 1569 2950 in
1605 2924 1696 2966 quo
1733 2917 1854 2963 (test.
1877 2916 2020 2984 vict.)

1129 2965 1288 3021 legitur
1332 2965 1466 3006 Titus
1509 2967 1722 3020 Amplius
1761 2970 2017 3022 Fabianus.

1129 3021 1309 3063 Nomen
1343 3022 1607 3066 Flavianus
1636 3022 1810 3084 Lipsius
1856 3047 1880 3075 e
1917 3034 2021 3082 MS.

1131 3079 1313 3121 Fames.
1338 3079 1550 3131 restituit,
1577 3096 1682 3123 cum
1708 3099 1799 3140 quo
1822 3104 2021 3134 consen..

1129 3140 1249 3179 tiunt
1289 3135 1389 3179 MS.
1425 3135 1533 3195 Reg.
1576 3138 1644 3181 ed.
1680 3139 1801 3199 Spir.
1881 3146 2021 3202 Quod

1130 3192 1330 3235 medium
1375 3202 1443 3237 est
1467 3196 1690 3252 AmpiuS,
1746 3204 1880 3246 ceteri
1918 3206 2025 3251 libri

1130 3257 1308 3306 praeter
1338 3250 1442 3294 cod.
1471 3250 1596 3295 Flor.
1634 3269 1726 3297 non
1756 3272 2021 3314 agnoscunt.

1130 3306 1266 3349 MSS.
1303 3305 1426 3350 Harl.
1459 3307 1590 3352 Bodl.
1616 3311 1699 3355 les.
1728 3313 1840 3359 Bud.
1870 3317 2021 3366 Guelf.

916 3346 998 3405 Pir·
1031 3363 1064 3390 α
1134 3363 1233 3406 edd.
1268 3362 1371 3406 Put.
1403 3380 1499 3422 sqq.
1537 3366 1594 3408 ad
1625 3366 1824 3425 Lipsium
1858 3373 2024 3422 habent

925 3474 1066 3527 Libri,

1136 3421 1263 3463 Titus
1288 3421 1541 3465 Fabianus.
1601 3424 1869 3486 Ed‹1.1.‚ipsii
1892 3435 2021 3490 prio-

1135 3492 1205 3519 res
1232 3478 1363 3520 Titus
1385 3479 1665 3526 Flavianus.
1727 3484 1937 3535 Ceterum
1963 3492 2025 3541 cf.

1139 3543 1230 3579 not.
1254 3535 1307 3581 ad
1331 3535 1372 3590 3,
1397 3536 1439 3581 4.
1466 3546 1508 3582 et
1534 3538 1601 3584 10.
