2138 4030
194 282 302 321 A.U.
331 281 415 327 823.

194 329 245 364 A.
271 326 318 363 C.
358 326 417 360 70.

613 280 787 343 LIB.
819 278 926 343 ΠΙ.
992 281 1191 344 CAP.
1220 281 1321 343 73.
1355 284 1455 344 74.
1837 284 1962 346 345

110 437 301 494 neque
319 411 532 472 ‘alienis
559 412 818 470 consiliis
840 412 964 484 regi
984 431 1175 488 neque
1200 430 1303 467 sua
1330 413 1629 486 expedire,
1673 408 1790 471 huc
1822 414 1965 472 illuc

110 502 463 561 clamoribus
521 494 784 570 hostium
832 496 1180 569 circumagi,
1235 515 1391 571 ‘quae
1425 497 1690 556 *iusserat
1748 491 1966 569 vetare,

111 607 261 665 quae
294 596 561 642 vetuerat
592 583 814 638 iubere.
899 601 1064 650 mOX‚
1108 582 1272 656 quod
1306 580 1370 636 in
1394 582 1641 655 perditis
1666 585 1841 641 rebus
1869 606 1966 641 ac-

111 673 287 741 cidit,
331 689 535 727 omnes
567 668 929 743 praecipere,
973 685 1146 721 nemo
1187 666 1440 741 exsequi.
1525 678 1821 740 postremo
1860 670 1967 725 ab-

112 758 275 814 iectis
318 754 496 812 armis
538 754 738 825 fugam
781 761 841 806 et
884 751 1131 806 fallendi
1183 761 1335 805 artes
1391 750 1966 826 circumspectabant.
2037 766 2041 768 *

112 842 472 915 Inrumpunt
495 835 803 894 Vitelliani
827 847 883 891 et
907 847 1112 891 cuncta
1138 835 1447 907 sanguine,
1488 835 1646 891 ferro
1683 837 1968 893 flammis-

114 947 226 1004 que
274 926 539 981 miscent.
651 921 825 996 pauci
866 920 1216 976 militarium
1262 920 1556 989 virorum,
1618 921 1774 977 inter
1822 943 1969 998 quos

111 1011 363 1068 maxime
405 1008 663 1079 insignes
699 1005 1012 1062 Cornelius
1051 1003 1380 1073 Martialis,
1422 1000 1714 1061 Aemilius
1747 1004 1971 1062 Pacen-

114 1097 220 1166 sis,
262 1092 573 1169 Casperius
607 1091 821 1164 Niger,
861 1091 1076 1151 Didius
1113 1088 1363 1158 Scaeva,
1404 1109 1665 1164 pugnam
1702 1091 1829 1147 ausi
1861 1093 1971 1148 ob-

114 1191 483 1238 truncantur.
583 1175 857 1233 Flavium
896 1174 1187 1232 Sabinum
1223 1173 1509 1229 inermem
1549 1195 1740 1253 neque
1771 1178 1971 1250 fugam

115 1275 479 1340 coeptantem
516 1261 960 1318 circumsistunt
1001 1272 1058 1316 et
1093 1256 1411 1328 Quintium
1446 1255 1710 1316 Atticum
1761 1281 1974 1318 consu-

116 1353 232 1408 lem
278 1350 490 1406 umbra
537 1345 784 1403 honoris
836 1355 892 1401 et
951 1355 1178 1400 suamet
1245 1344 1502 1400 vanitate
1563 1352 1972 1416 monstratum,

117 1436 276 1513 quod
299 1434 486 1490 edicta
511 1431 577 1486 in
609 1431 897 1505 populum
927 1450 1034 1504 pro
1065 1428 1425 1503 Vespasiano
1457 1431 1790 1502 magnifica,
1832 1452 1974 1507 pro-
2012 1491 2020 1496 ,

113 1522 288 1578 brosa
324 1520 601 1574 adversus
623 1514 934 1570 Vitellium
970 1514 1198 1571 iecerat.
1287 1514 1464 1570 ceteri
1501 1534 1607 1588 per
1645 1516 1839 1571 varios
1879 1537 1976 1574 ca-

117 1625 213 1662 sus
259 1603 474 1678 elapsi,
539 1601 782 1678 quidam
822 1599 1021 1655 servili
1067 1596 1307 1667 habitu,
1375 1599 1478 1655 alii
1514 1600 1628 1655 fide
1671 1601 2009 1657 clientium'
2059 1638 2066 1642 x

117 1688 366 1746 contecti
403 1699 459 1744 et
496 1687 650 1742 inter
689 1685 944 1741 sarcinas
980 1685 1183 1742 abditi.
1270 1685 1435 1739 fuere
1470 1685 1574 1760 qui
1605 1697 1840 1760 excepto
1865 1684 1977 1743 Vi·-

118 1775 497 1831 tellianorum
538 1771 703 1843 signo
747 1791 863 1846 quo
902 1770 1057 1826 inter
1095 1789 1155 1825 se
1194 1770 1618 1839 noscebantur,
1677 1771 1833 1827 ultro
1876 1791 1977 1828 ro·-

120 1861 366 1932 gitantes
410 1856 899 1931 respondentesve
964 1854 1271 1911 audaciam
1338 1875 1446 1930 pro
1505 1855 1729 1911 latebra
1793 1851 1978 1913 habe-

116 1956 270 2004 rent.
376 1999 379 2003 ,
1916 1985 1917 1991 ,

286 2023 561 2085 LXXIV.
645 2022 1021 2081 Domitianus
1043 2023 1237 2099 prima
1263 2023 1610 2100 inruptione
1633 2025 1790 2099 apud
1817 2026 1980 2082 aedi-
2035 2010 2038 2015 Χ

119 2126 287 2171 tuum
316 2111 638 2168 occultatus
663 2109 923 2165 sollertia
951 2109 1151 2164 liberti
1185 2109 1349 2165 lineo
1385 2109 1614 2167 amictu
1643 2110 1850 2166 turbae
1886 2131 1979 2167 sa-

121 2198 469 2262 cricolarum
508 2194 805 2251 immixtus
848 2194 1265 2270 ignoratusque
1292 2195 1450 2270 apud
1474 2193 1822 2265 Cornelium
1843 2194 1978 2253 Pri·

1166 2339 1170 2344 ’
1195 2356 1226 2414 12

179 2471 322 2513 neque
339 2469 446 2499 sna.
506 2452 606 2497 MS.
635 2452 782 2496 Guelf.
806 2467 888 2494 nec
911 2466 1012 2495 sua.

182 2516 229 2557 in
262 2514 463 2568 perdicis
498 2513 647 2554 rebus.
724 2510 826 2553 MS.
857 2508 1010 2551 Gueif.

124 2573 175 2615 ιή
191 2572 443 2627 praedictis
471 2571 622 2611 rebus.

182 2629 457 2672 rm'Iitar-ium
494 2628 722 2667 virorum.
781 2623 863 2667 Ed.
894 2622 1014 2681 Spir.

126 2686 308 2744 negligit
328 2683 593 2728 vocabulum
622 2685 848 2724 virorum.

181 2745 394 2798 insignes.
455 2739 557 2784 MS.
585 2740 710 2782 Flor.
743 2740 859 2794 (test.
877 2737 1015 2795 Vict.)

127 2802 259 2850 etped.
281 2801 399 2857 Spir.
425 2796 626 2852 ιἠειζςνηιὶς.

184 2858 367 2902 Didius.
429 2856 532 2899 MS.
556 2853 671 2897 Bud.
695 2854 744 2896 V
741 2854 878 2898 idias.

185 2917 379 2961 Scaeva.
479 2911 582 2955 MS.
641 2910 795 2955 Guelf.
854 2925 1016 2953 socna.

127 2973 211 3017 Ed.
233 2972 349 3030 Spir.
374 2985 534 3014 soeua.

185 3032 536 3072 obtruncantur.

131 3089 483 3129 truncabantur.

190 3143 444 3203 Quintium.
522 3140 600 3185 Sic
637 3140 742 3183 MS.
776 3139 930 3183 Guelf.
962 3163 1020 3172 -

135 3202 358 3258 Quintum
392 3198 496 3242 edd.
530 3199 646 3256 Spir.
678 3197 780 3241 Put.
812 3197 1020 3240 Beroald-

130 3253 251 3314 (cnm
277 3257 343 3310 sii.
368 3255 503 3310 vict.)
527 3272 627 3314 sqq.
651 3283 710 3291 --
750 3254 1022 3314 Quinctium

81 3316 90 3321 ‘⁷
132 3316 233 3359 edd.
257 3313 376 3371 Lips.
399 3329 494 3369 sqq.

120 3379 144 3386 “
188 3378 373 3414 suamet
402 3370 628 3413 vanitate.
687 3368 768 3413 Ed.
789 3367 908 3426 Spir.
934 3382 1022 3411 sua

134 3432 324 3472 unitate.

193 3487 355 3529 edicta.
418 3484 517 3526 MS.
544 3482 693 3525 Guels.
721 3483 861 3536 edita.

191 3546 429 3585 adversus.
525 3540 608 3583 Ed.
642 3536 757 3598 Spiiz
798 3546 861 3581 ad
918 3554 1020 3582 ver—

136 3615 252 3643 sum.

610 3024 710 3069 MS.
745 3025 898 3071 Guelf.
935 3028 1016 3068 ob-

1143 2454 1331 2497 iecerat.
1403 2452 1458 2496 H.
1491 2469 1530 2497 e.
1562 2469 1654 2497 non
1690 2453 1837 2512 palam
1863 2472 1975 2513 pro-

1085 2519 1293 2566 posuerat
1317 2511 1583 2569 fixeratque,
1613 2513 1691 2554 sed
1717 2514 1830 2556 ciam
1861 2513 1980 2557 exire

1085 2569 1286 2610 iusserat..
1348 2568 1408 2611 cf.
1443 2579 1536 2612 not.
1567 2569 1620 2611 ad
1646 2570 1730 2612 An.
1764 2573 1829 2622 11,
1848 2571 1891 2615 9.
1925 2595 1979 2604 ·—

1086 2623 1321 2668 Acidalius
1342 2625 1506 2668 frustra
1531 2626 1937 2683 coniecitsecerat.

1139 2709 1231 2749 pro
1261 2697 1461 2739 latebra.
1518 2695 1604 2739 Ed.
1637 2697 1754 2755 Spir.
1783 2712 1874 2753 per
1903 2704 1992 2743 la-.

1087 2756 1262 2795 tebras.
1503 2775 1512 2778 ⁴

1147 2835 1259 2881 CAP.
1300 2836 1373 2879 74.
1441 2837 1565 2878 lineo
1602 2838 1781 2882 amictu
1813 2845 1984 2886 turbae

1089 2895 1427 2956 sacricolarum
1451 2901 1533 2937 ete.
1604 2894 1661 2939 ef.
1682 2894 1898 2955 Bottiger.
1934 2899 1982 2944 in

1090 2949 1269 2994 Sabina
1304 2952 1356 3002 Η,
1391 2952 1488 2995 162.

1147 3023 1501 3078 ignoratusque·
1582 3021 1661 3066 Sic
1690 3022 1826 3069 MSS.
1858 3025 1985 3071 Flor-

1095 3080 1212 3132 (test.
1239 3079 1384 3134 Pich.)
1415 3077 1565 3122 Guelf.
1591 3079 1716 3124 Harl.
1740 3081 1873 3125 Bodl.
1900 3084 1985 3127 les.

1093 3136 1232 3181 Corb.
1257 3136 1366 3194 Agr.
1391 3136 1496 3180 edd.
1525 3136 1623 3180 Put.
1645 3137 1712 3180 M.
1748 3148 1791 3182 et
1811 3139 1867 3182 V.
1894 3141 1983 3183 Be-

1091 3194 1235 3237 roald.
1267 3196 1390 3246 (cum
1414 3191 1483 3235 sil.
1511 3194 1646 3251 Vici.)
1679 3194 1780 3240 Ale.
1808 3197 1986 3256 Mieyss.

1094 3259 1136 3293 et
1162 3250 1320 3292 deinde
1343 3249 1529 3293 Pichen.
1556 3251 1773 3307 Bernegg.
1799 3270 1898 3311 sqq.
1930 3275 1987 3288 -—

1092 3310 1338 3360 ignoratus
1371 3308 1482 3362 (sine
1519 3301 1834 3367 copulasMS.
1869 3310 1985 3355 Bud.

1093 3365 1195 3407 edd.
1225 3364 1429 3408 Rhenan.
1455 3365 1561 3408 ΑΜ.
1591 3395 1649 3405 —-
1695 3368 1987 3423 ,ignarusque

1093 3421 1230 3464 MSS.
1258 3421 1401 3465 Vatic.
1434 3422 1544 3479 Reg.
1580 3423 1677 3466 edd.
1716 3422 1832 3480 Spir.
1864 3423 1987 3482 Lips-

1094 3480 1229 3522 Grut.
1289 3477 1350 3522 cf.
1374 3478 1555 3522 Sallust.
1580 3479 1674 3536 lug.
1705 3480 1830 3522 e.93‚
1855 3497 1987 3524 more

1094 3540 1333 3579 humanae
1354 3537 1579 3590 cupidinis
1602 3538 1771 3589 ignara
1795 3540 1988 3582 visumst.

1100 3593 1201 3638 vid.
1235 3603 1329 3639 not.
1360 3595 1415 3637 ad
1443 3594 1533 3637 Au.
1561 3594 1602 3644 3,
1622 3594 1665 3635 6.
1735 3593 1823 3636 Sed
1854 3594 1988 3655 supra
