2138 4030
182 245 232 286 A.
253 248 290 284 U
321 247 407 284 823.

182 291 295 328 ..a
346 292 405 326 ⁷0.
531 297 539 307 χ
601 243 772 309 Lm.
813 248 889 310 Π.
959 245 1437 311 CAP.11.-12.
1819 252 1939 326 147

16 403 20 406 ·
95 382 419 460 praetoriae
485 374 753 436 cohortes
812 390 869 437 et
929 378 1194 456 equitum
1250 377 1463 434 vexilla
1520 399 1653 435 cum
1707 379 1938 456 legione

91 469 311 544 prima,
354 487 419 524 ac
444 465 703 522 deforme
733 463 974 538 insuper
999 461 1314 542 auxilium,
1358 464 1476 518 duo
1501 463 1689 520 millia
1713 468 1938 539 gladia-—

91 565 319 622 torum,
361 551 462 608 sed
485 569 591 625 per
615 548 809 604 civilia
840 569 1002 605 arma
1029 549 1203 605 etiam
1229 547 1450 603 severis*
1481 548 1728 605 ducibus
1759 572 1935 610 usur-

58 664 60 666 ’
91 649 310 714 patum.
406 634 518 692 His
555 633 738 709 copiis
776 644 970 690 rector
1010 634 1243 690 additus
1273 628 1511 689 Annius
1546 631 1757 690 Gallus
1798 658 1932 694 cum

91 722 376 781 Vestricio
412 719 713 795 Spurinna
757 719 830 774 ad
871 719 1238 794 occupandas
1267 715 1419 773 Padi
1453 717 1612 793 ripas
1646 722 1931 793 praemis-

87 827 208 878 suS‚
234 806 516 884 quoniam
537 803 728 879 prima
751 803 1136 870 consiliorum
1153 804 1369 860 frustra
1390 803 1720 859 ceciderant
1739 814 1932 861 trans-

72 912 280 967 ‘gresso
305 893 424 948 iam
447 885 630 964 Alpes
651 886 932 958 Caecina,
974 908 1150 965 quem
1175 886 1303 944 sisti
1327 886 1483 944 intra
1508 885 1736 945 Gallias
1758 909 1931 964 posse

88 987 435 1054 speraverat.
535 972 736 1049 Ipsum
779 970 1085 1030 Othonem
1129 973 1563 1030 comitabantur
1603 975 1932 1048 speculato-

86 1083 219 1120 rum
247 1063 392 1119 lecta
424 1080 669 1134 corpora
693 1079 827 1117 cum
853 1058 1057 1115 ceteris
1079 1057 1388 1133 praetoriis
1414 1054 1786 1130 cohortibus,
1828 1081 1932 1117 ve-

85 1149 276 1205 terani
321 1167 352 1203 e
393 1144 720 1222 praetorio,
780 1140 1155 1199 classicorum
1193 1143 1400 1216 ingens
1434 1163 1737 1204 numerus,
1823 1166 1932 1203 nec

86 1233 177 1289 illi
203 1251 374 1306 segne
401 1241 502 1287 aut
522 1240 862 1303 corruptum
889 1229 1031 1284 luxu
1055 1228 1193 1297 iter,
1244 1228 1345 1287 sed
1370 1228 1553 1286 lorica
1575 1230 1763 1287 ferrea
1786 1250 1928 1291 usus

85 1330 170 1375 est
193 1330 250 1374 et
272 1328 404 1373 ante
428 1316 592 1388 signa
613 1314 905 1388 pedester,
947 1308 1255 1382 horriduS‚
1299 1313 1664 1390 incomptuS‚
1706 1316 1927 1385 famae<

83 1423 197 1480 que
230 1400 549 1460 dissimilis.

250 1522 390 1584 XII.
466 1521 896 1580 Blandiebatur
948 1524 1166 1599 coeptis
1218 1524 1457 1582 fortuna
1506 1545 1767 1600 possessa
1822 1547 1928 1604 per

81 1631 240 1668 mare
269 1621 326 1666 et
351 1615 528 1664 nav'es
550 1609 772 1663 maiore
796 1606 1001 1664 Italiae
1025 1622 1190 1684 parte
1217 1610 1450 1685 penitus
1480 1630 1666 1688 usque
1699 1613 1774 1669 ad
1808 1613 1926 1669 ini-

80 1698 230 1754 tium
279 1693 708 1750 maritimarum
755 1688 1018 1767 Alpium.
1118 1695 1334 1771 quibus
1379 1697 1673 1753 tentandis
1720 1699 1927 1772 adgre-

82 1782 445 1855 diendaeque
475 1778 813 1853 provinciae
837 1777 1211 1836 Narbonensi
1232 1778 1517 1837 Suedium
1545 1779 1928 1864 Clementem,

137 2022 183 2057 et
223 2015 423 2068 equitum
468 2013 660 2054 vexilla.
752 2011 826 2055 Sic
866 2011 969 2055 MS.
1097 2015 1452 2067 speculatorum.
1544 2014 1619 2059 Sic
1661 2015 1766 2062 MS.
1804 2018 1926 2066 Flor.

81 2069 228 2115 Guelf.
265 2070 362 2113 edd.
395 2069 495 2112 Put.
524 2069 625 2111 Ber.
669 2071 791 2122 (cum
823 2068 969 2112 silent.
1039 2069 1154 2124 (test.
1177 2069 1314 2125 Vict.)
1344 2072 1443 2115 edd.
1466 2072 1584 2130 Spir.
1608 2073 1727 2132 Lips.
1747 2093 1842 2134 sqq.
1869 2102 1926 2114 ..-

78 2129 217 2184 Viet.)
241 2140 338 2184 sqq.
371 2152 423 2161 -
488 2134 531 2169 et
560 2130 642 2182 qui
665 2134 767 2168 tum
789 2127 969 2168 vexilla
1036 2127 1374 2181 spiculator-um
1397 2130 1493 2174 MS.
1515 2129 1663 2174 Guelf.
1694 2133 1796 2177 edd.
1821 2136 1924 2180 Put.

77 2187 145 2228 ed.
169 2185 286 2242 Spin.
317 2212 375 2220 —
433 2191 477 2226 et
503 2183 757 2242 Quiritium
788 2185 967 2226 veaez'lla
1037 2199 1135 2241 sqq.
1196 2184 1300 2227 Vid.
1326 2195 1420 2228 not.
1444 2187 1495 2228 ad
1525 2190 1561 2236 1,
1583 2189 1641 2231 24
1665 2198 1706 2231 et
1725 2191 1796 2234 25.

77 2243 176 2285 MS.
210 2243 317 2299 Agr.
1094 2255 1202 2284 usus
1233 2250 1314 2284 est.
1382 2242 1459 2286 Sic
1488 2245 1622 2288 MSS.
1653 2246 1775 2291 Flor.
1807 2252 1924 2306 (test.

58 2323 62 2325 -
125 2315 215 2354 per
240 2300 387 2342 civilia
411 2313 565 2342 orma.
625 2298 707 2341 Ed.
733 2299 849 2357 Spir.
876 2314 965 2352 per

76 2358 231 2399 civilia
253 2358 372 2399 bella
395 2369 535 2400 arma
550 2390 562 2412 ‚
606 2372 712 2402 vera
744 2357 963 2415 scriptura

75 2414 205 2456 simul
231 2428 334 2455 cum
359 2415 634 2470 glossemate.

132 2478 423 2524 usurpatum.
480 2470 564 2515 Ed.
584 2471 698 2528 Spir.
724 2477 965 2525 usurpata.

74 2529 238 2572 Eadem
281 2543 382 2570 mox
424 2528 602 2571 Gallius
644 2543 727 2585 pro
773 2527 966 2578 Gallus,-

74 2586 174 2628 ‹lein
225 2600 327 2627 cum
374 2587 564 2628 vestrt'co
603 2585 824 2639 Spurina.
909 2585 962 2627 In

11 2674 15 2679 -
74 2642 336 2698 scripturam
362 2643 570 2697 Spartan
598 2659 701 2686 cnm
735 2643 805 2684 illa
843 2658 950 2685 con·

73 2700 267 2742 sentiunt
292 2699 389 2743 edd.
414 2699 512 2742 Put.
542 2699 596 2742 V.
619 2701 720 2741 Ber.
746 2705 867 2752 (eum
895 2700 959 2743 si-

74 2757 178 2800 lent.
194 2755 327 2812 Viet.)
353 2756 454 2800 Alc.
477 2756 618 2800 Rben.
634 2756 738 2799 Ald.
754 2756 962 2815 Micylf.;

74 2815 306 2869 Spurinna
329 2814 428 2857 MS.
451 2813 600 2857 Guelf.
639 2814 743 2857 edd.
767 2814 870 2858 Put.
889 2813 958 2859 Μ.

72 2872 185 2928 Lips.
210 2886 305 2927 sqq.

132 2927 340 2970 Caecina.
400 2927 475 2970 Sic
499 2927 598 2970 edd.
615 2927 718 2971 Ber.
742 2929 868 2983 (cum
890 2930 960 2973 sil.

74 2984 208 3040 Vict.)
232 2984 329 3028 Alc.
355 2984 492 3027 Rhen.
508 2985 682 3043 Micyll.
698 2985 814 3043 Lips.
837 3002 932 3045 sqq.
961 3004 972 3040 3

74 3043 234 3083 (If-cina
265 3041 364 3084 MS.
387 3041 537 3085 Guelf.
573 3043 672 3086 edd.
703 3042 819 3100 Spir.
854 3045 956 3087 Put.

71 3100 139 3141 M.
165 3108 202 3141 et
222 3099 299 3146 V.‚
329 3097 393 3140 uti
415 3098 573 3147 solent.
605 3122 663 3134 --
726 3100 957 3144 Caecinna

71 3156 138 3199 ed.
161 3154 262 3198 Ald.
282 3189 292 3205 ‚
322 3156 385 3197 uti
408 3155 534 3200 solet.

125 3214 253 3256 intra
288 3211 483 3255 Gallias.
554 3212 629 3257 Sic
663 3213 798 3257 MSS.
833 3215 956 3272 Fl-or.

73 3271 188 3322 (test.
206 3269 353 3319 Pieh.)
379 3269 490 3311 Bud.
508 3267 658 3312 Gnelf.
678 3271 802 3314 Harl.
820 3271 952 3316 Bodl.

71 3327 150 3369 les.
203 3326 305 3369 edd.
350 3325 449 3370 Put.
494 3326 593 3369 Ber.
644 3330 764 3383 (cum
806 3329 952 3373 silent.

72 3382 207 3439 Vict.)
244 3383 346 3427 Alc.
379 3391 421 3425 et
462 3383 621 3434 deinde
658 3386 779 3427 Pieh.
821 3387 951 3444 Lipsii

70 3449 208 3536 ᾔτην.
234 3439 364 3484 Grut.
390 3457 487 3499 sqq.
522 3465 574 3472 —
633 3443 757 3484 inter·
772 3443 955 3487 Gallias

126 3495 202 3539 SS.
232 3497 340 3556 Reg.
373 3497 509 3541 Con-b.
541 3498 643 3541 edd.
666 3500 782 3557 Spir.
810 3500 952 3546 Rhen.

72 3567 168 3609 sqq.

1034 2298 1176 2355 Pieh.)
1190 2299 1295 2355 Reg.
1320 2299 1646 2359 edd.Spir.Put
1678 2304 1779 2350 Ber.
1806 2309 1929 2361 (cum

1036 2358 1180 2399 silent.
1214 2357 1354 2412 Vict.)
1393 2358 1491 2402 Ale.
1530 2369 1571 2403 et
1606 2361 1765 2405 deinde
1797 2365 1926 2411 Pich.

1035 2413 1252 2471 Bernegg.
1296 2429 1394 2471 sqq.
1442 2439 1501 2448 —
1569 2432 1707 2470 usus,
1758 2424 1926 2467 omisso

1037 2480 1131 2522 est,
1166 2471 1299 2513 MSS.
1335 2471 1484 2517 Guelf.
1516 2473 1637 2518 Harl.
1671 2476 1803 2521 Bodl.
1840 2481 1924 2525 les.

1034 2527 1149 2570 Bud.
1175 2528 1276 2570 edd.
1300 2527 1443 2572 Rhen.
1467 2547 1566 2590 sqq.
1592 2533 1645 2575 ad
1667 2534 1792 2579 Pich.

1091 2586 1202 2630 CAP.
1246 2584 1312 2628 12.
1375 2601 1463 2640 per
1502 2603 1640 2632 mare
1682 2600 1728 2634 et
1763 2608 1923 2639 naves,

1032 2642 1091 2686 cf.
1120 2642 1253 2685 Roth.
1278 2658 1322 2699 p.
1346 2641 1416 2688 52.
1923 2644 1925 2649 ’

1088 2701 1269 2742 maiore
1292 2700 1468 2743 Italiae
1492 2710 1650 2756 parte.
1712 2705 1789 2752 Sic
1817 2708 1920 2751 edd.

1030 2757 1135 2801 Ber.
1163 2759 1286 2810 (cum
1311 2758 1380 2800 sil.
1405 2757 1546 2811 Wct.)
1569 2760 1711 2806 Rhen.
1734 2779 1832 2822 sqq.
1862 2791 1921 2802 -ι

1030 2823 1075 2856 et
1116 2816 1294 2856 maiore
1326 2822 1408 2859 etc.
1444 2816 1581 2861 MSS.
1611 2817 1727 2864 Bud.
1768 2820 1918 2866 Guelf.

1033 2872 1134 2915 edd.
1154 2872 1271 2929 Spir.
1292 2871 1394 2915 Put.
1417 2873 1482 2918 M.
1508 2883 1552 2918 et
1570 2874 1625 2919 V.
1649 2876 1753 2922 Alc.
1813 2881 1922 2922 Mox
1967 2889 1971 2892 ”

1034 2929 1261 2972 Victorius
1302 2928 1517 2987 syllabam
1560 2945 1617 2975 us
1650 2934 1695 2976 in
1733 2939 1923 2990 penitus

1031 2986 1279 3044 subscripta
1302 2986 1465 3031 lineola
1486 2991 1679 3043 notavit,
1708 3000 1921 3051 tanquam

1029 3043 1077 3087 iu
1130 3042 1230 3090 MS.
1283 3043 1406 3089 Flor.
1459 3061 1552 3089 non
1615 3059 1919 3107 apparentem.

1030 3099 1173 3142 Causa
1194 3102 1239 3144 in
1263 3109 1416 3158 aperto
1441 3111 1520 3146 est.
1754 3147 1758 3151 .

1086 3159 1337 3201 tentandis.
1396 3160 1496 3204 MS.
1523 3160 1675 3206 Guelf.
1705 3165 1914 3208 tentatis.

1083 3217 1530 3274 adgrediendaeque.
1637 3221 1711 3265 Sic
1778 3222 1914 3266 MSS.

1027 3271 1149 3319 Flor.
1199 3274 1315 3328 (test.
1360 3272 1499 3331 vict.)
1547 3276 1728 3321 Farnes.
1775 3279 1917 3322 Corb.

1026 3329 1128 3372 edd.
1146 3329 1191 3371 Li
1227 3347 1260 3374 s.
1285 3345 1335 3386 sq
1371 3361 1384 3374 .
1404 3359 1462 3367 -—
1503 3337 1917 3390 aggrediemln‘sque

1026 3386 1158 3430 MSS.
1186 3345 1295 3445 lgeg.
1323 3345 1473 3431 guelf,
1511 3391 1634 3435 Harl.
1668 3392 1797 3443 Bodl.
1830 3393 1915 3437 les.
1952 3398 1961 3408 ²

1026 3444 1138 3486 Bud.
1154 3445 1251 3487 edd.
1265 3445 1382 3503 Spir.
1396 3445 1500 3489 Put.
1515 3464 1610 3506 sqq.
1627 3449 1681 3492 ad
1696 3448 1912 3506 Lipsium.

1077 3502 1350 3555 provinciae
1412 3503 1723 3548 Narbonensi.
1814 3507 1912 3547 MS.

1029 3559 1140 3603 Bud.
1175 3559 1244 3603 ed.
1279 3561 1392 3617 Spir.
1429 3563 1697 3614 provinciae
1733 3563 1913 3605 Narbo-

1273 3622 1408 3678 KQ
