2138 4030
578 187 751 251 Lm.
784 178 888 250 w.
963 180 1165 251 (ΜΡ.
1206 191 1308 251 82.
1353 143 1450 252 83ss
1820 191 1944 253 477

91 323 209 380 eefi
227 320 454 397 templo
479 312 722 377 cunctos
759 319 939 380 iubet.
1027 327 1207 398 atque
1238 319 1531 394 ingressus
1567 323 1944 402 intentusque

84 407 356 477 numini,
415 403 669 480 respexit
699 424 858 480 pone
891 416 1121 478 tergum
1155 406 1586 480 e‘primoribus
1622 407 1945 488 Aegyptio-

87 512 223 550 rum
262 492 508 549 nomine
541 488 893 559 Basilidem‚
947 509 1129 567 quem·
1158 491 1368 566 procul
1407 486 1768 550 Alexandria
1807 496 1946 570 plu-

88 577 248 634 rium
273 578 510 633 dierum
530 575 740 631 itinere
760 583 815 631 et
841 594 1013 648 aegro
1039 591 1282 650 corpore
1305 576 1557 633 detineri
1582 574 1743 635 haud
1770 580 1943 653 igno-

86 663 274 719 rabat.
356 671 774 737 percunctatur
808 663 1164 730 sacerdoteS‚
1205 677 1351 718 num
1390 660 1497 717 illo
1539 663 1633 718 die
1656 661 1816 720 Basil
1843 666 1944 720 des

90 746 376 823 templum
415 745 660 802 inisset?
738 756 1154 820 percunctatur
1196 746 1437 816 obvim,
1498 759 1647 803 num
1692 749 1756 804 in
1867 751 1941 806 be

88 833 249 889 visus
274 831 392 888 sit?
446 831 701 906 denique
725 830 920 885 missis
945 831 1242 907 equitibus
1268 832 1531 906 explorat
1569 832 1674 888 illo
1714 844 1942 911 tempo-

87 918 170 973 ris
190 927 490 973 momento
516 915 808 988 octoginta
835 908 1102 972 millibus
1131 936 1410 990 passuum
1443 916 1715 975 abfuisse.
1800 929 1943 976 tunc

31 990 34 992 ¹
88 1001 352 1059 divinam
379 1001 629 1076 speciem
655 1011 711 1057 et
738 1001 863 1056 vim
887 1001 1155 1076 responsi
1179 1021 1246 1056 ex
1270 1001 1511 1058 nomine
1535 999 1815 1059 Basilidis
1849 1004 1945 1059 in-

90 1098 442 1163 terpretatus
471 1098 573 1145 est.

255 1190 595 1251 LXXXIII.
683 1187 872 1265 Origo
912 1190 1009 1247 dei
1046 1188 1317 1248 nondum
1351 1193 1568 1250 nostris
1604 1194 1942 1252 auctoribus

89 1279 403 1339 celebrata:
463 1273 892 1354 Aegyptiorum
939 1277 1225 1334 antistites
1263 1278 1345 1334 sic
1385 1289 1742 1348 memorant:
1797 1278 1942 1337 Pto-

90 1365 314 1420 lemaeo
350 1361 500 1436 regi,
552 1363 657 1438 qui
683 1361 1082 1418 Macedonum
1115 1363 1350 1438 primus>
1377 1359 1634 1441 Aegypti
1667 1383 1806 1441 opes
1841 1366 1944 1437 fir-

88 1449 301 1517 mavit,
342 1467 475 1504 cum
496 1445 893 1503 Alexandriae
918 1454 1119 1503 recens
1145 1448 1415 1504 conditae
1433 1449 1669 1505 moenia
1695 1450 1942 1526 templa-

87 1554 201 1610 que
235 1545 290 1591 et
322 1532 636 1605 religiones
674 1533 949 1600 adderet,
1000 1533 1265 1589 oblatum
1296 1553 1403 1609 per
1435 1533 1690 1610 quietem
1731 1535 1940 1593 decore
1963 1547 1979 1565 ²
2025 1529 2029 1542 ⁴

87 1619 299 1674 eximio
342 1629 399 1673 et
433 1618 656 1672 maiore
700 1637 879 1693 quam
927 1613 1187 1674 humana
1224 1619 1413 1693 specie
1463 1619 1770 1689 iuvenem,
1838 1621 1941 1696 qui

85 1712 382 1772 moneret,
424 1713 490 1758 ut
518 1700 814 1778 fidissimis
838 1702 1162 1759 amicorum
1200 1704 1264 1759 in
1289 1702 1549 1760 Pontum
1583 1705 1778 1762 missis
1818 1707 1944 1761 effi-

86 1788 239 1861 giem
267 1808 432 1844 suam
461 1787 696 1844 acciret:
742 1788 962 1843 laetum
998 1788 1060 1843 id
1095 1807 1277 1862 regno
1318 1795 1711 1866 magnamque
1748 1801 1805 1847 et
1843 1791 1941 1847 in·-

86 1873 525 1930 clutamfsedem
550 1874 674 1928 fore
695 1918 711 1940 ‚
755 1893 905 1948 quae
934 1874 1266 1948 excepisset.
1351 1874 1530 1932 simul
1560 1875 1755 1932 visum
1792 1895 1940 1932 eun>—

86 1960 219 2014 dem
260 1958 536 2014 iuvenem
578 1959 642 2011 in
683 1958 915 2014 coelum
955 1958 1088 2030 igne
1125 1959 1381 2034 plurimo
1422 1959 1631 2019 attolli.
1739 1959 1942 2017 Ptole-

83 2060 285 2100 maeus
311 2042 509 2098 omine
539 2053 596 2099 et
618 2042 903 2099 miraculo
941 2044 1159 2100 excitus
1191 2045 1592 2102 sacerdotibus
1618 2042 1941 2126 Aegyptio-

83 2148 247 2196 rum,
312 2127 527 2204 quibus
590 2147 719 2182 mos
773 2127 912 2183 talia
970 2128 1326 2201 intelligere,
1400 2140 1724 2187 nocturnos
1778 2131 1941 2187 visus

84 2213 289 2288 aperit.
392 2222 568 2287 atque
607 2211 726 2267 illis
763 2209 946 2269 Ponti
981 2224 1036 2269 et
1077 2226 1453 2294 externorum
1492 2235 1702 2290 parum
1743 2216 1939 2290 gnaris

175 180 298 227 Rau
316 159 406 224 su.

177 230 208 265 Α
219 254 230 266 .
250 229 309 273 Θέᾴ
343 231 402 266 71.

1107 2468 1383 2513 ptolemaeo.
1431 2469 1531 2515 MS.
1546 2468 1703 2519 Guel‘f.
1722 2471 1822 2516 edd.
1835 2471 1938 2516 Put.

335 2520 512 2564 nemine
565 2522 879 2579 adplaudente.
915 2548 971 2559 --
1051 2527 1306 2570 Ptolomeu-
1366 2527 1477 2570 Mox
1507 2529 1792 2572 Ptolomeus.

83 2462 218 2510 terius
264 2479 312 2506 ex
355 2463 424 2506 ed.
463 2462 582 2520 Spir.
621 2464 743 2507 dedit
784 2480 972 2509 sacram

81 2526 270 2572 aedem,

81 2579 247 2622 Eadem
281 2577 349 2621 ed.
381 2578 499 2635 Spir.
535 2578 637 2621 dein
671 2596 755 2636 pro
791 2588 973 2625 cunctos

81 2635 251 2679 exhibet
271 2643 450 2677 cuncta.

134 2709 158 2735 e
165 2694 391 2746 primori&
396 2693 494 2736 usA
496 2693 800 2747 egyptiorum.
833 2694 934 2752 Apu
942 2695 967 2738 d

80 2751 265 2794 Sueton.
290 2748 474 2808 Vespas.
512 2767 545 2793 c*
571 2751 611 2793 7.
643 2758 707 2793 est
730 2753 970 2795 Basilides

77 2809 290 2849 libertus:
342 2808 506 2865 quippe
551 2806 764 2864 frequens
815 2818 879 2852 est
918 2810 967 2852 in

79 2862 298 2907 eiusmodi
320 2863 563 2907 historiolis
589 2866 798 2908 narrandi
826 2867 965 2910 varie-

77 2930 157 2966 tas.
219 2919 280 2964 cf.
305 2930 398 2963 not.
429 2922 482 2963 ad
507 2921 598 2965 An.
628 2925 664 2971 1,
689 2923 732 2966 6.
753 2951 813 2959 -
855 2924 965 2966 Mox

78 2977 392 3035 utroqueloco'
414 2978 517 3021 MS.
549 2978 702 3024 Guelf.
734 2996 818 3036 pro
850 2997 964 3023 num

79 3034 207 3078 habet
226 3035 313 3083 ἤό,
345 3043 393 3077 ut
417 3051 562 3095 saepe.
623 3036 845 3097 Ed.spir.
874 3054 965 3080 un-

16 3133 17 3136 ,
77 3096 133 3134 de
157 3093 208 3135 in
237 3087 364 3135 ui-be.

661 3149 800 3195 MSS.
851 3151 965 3210 Reg.

76 3204 215 3251 Corb-
242 3206 351 3264 Agr.
391 3207 458 3249 ed.
492 3209 609 3264 Spir.
647 3209 806 3251 missis
840 3211 964 3252 mili-

75 3265 206 3306 tibus.
239 3287 293 3295 ·—
354 3263 461 3305 Mox
498 3265 565 3306 ed.
591 3265 710 3320 Spir.
737 3266 858 3309 Tum
889 3268 963 3308 di-

73 3321 248 3362 vinam.
307 3318 417 3363 Post
438 3323 781 3376 interpretatus
807 3325 961 3368 eadem

75 3378 240 3420 omittit
263 3385 344 3422 est.
723 3411 725 3414 -

131 3432 246 3478 CAP.
272 3433 343 3479 83».
402 3436 649 3479 antistites.
709 3435 820 3481 Edd.
854 3437 961 3482 Pm‘.

72 3489 138 3533 M.
163 3491 282 3536 ειν.
304 3494 530 3543 antistes.
566 3494 735 3536 vitiose.

133 3149 285 3191 missis
337 3150 579 3205 equitibus.

1102 2612 1342 2653 inclutam.
1404 2611 1463 2655 cf.
1493 2619 1586 2655 not.
1615 2612 1668 2654 ad
1692 2613 1782 2657 An.
1806 2613 1850 2663 6,
1866 2613 1938 2659 37.

1042 2667 1128 2711 Hie
1151 2666 1253 2711 MS.
1280 2667 1433 2712 Guelf.
1464 2670 1566 2713 edd.
1593 2670 1698 2713 Put.
1721 2671 1936 2719 Beroald-

1042 2731 1163 2780 (curn
1189 2725 1258 2767 sil.
1282 2726 1420 2782 Vict.)
1445 2743 1544 2785 sqq.
1575 2728 1828 2783 ιἠσζγιιιηις
1861 2730 1933 2773 ed.

1041 2783 1161 2840 Spir.
1187 2785 1412 2838 inclitam.
1906 2804 1936 2827 ¹.

1097 2855 1310 2895 iuvenem
1358 2856 1407 2896 ιή
1451 2857 1630 2897 coelum
1670 2865 1758 2902 etc.
1840 2857 1934 2902 Ed.

1039 2911 1158 2967 Spir.
1183 2912 1396 2954 iuuenem
1416 2914 1680 2966 plurimum
1704 2916 1756 2958 in
1783 2918 1934 2980 eglum

1040 2969 1209 3010 attolli.

1097 3039 1259 3094 quibus
1292 3053 1411 3096 mos.
1481 3038 1688 3085 Heinsius
1721 3042 1933 3086 conficie-

1039 3095 1111 3137 bat
1137 3096 1300 3150 quibus
1326 3099 1426 3139 clos.
1483 3097 1683 3142 Frustra.
1745 3100 1930 3142 Brevius

1039 3153 1203 3196 Noster
1244 3153 1447 3211 loquitur
1485 3153 1668 3212 vultque
1705 3156 1788 3200 sibi
1822 3158 1931 3200 hoc:

1036 3210 1292 3253 sacerdotes
1325 3210 1426 3254 illos
1460 3210 1514 3255 d‘e
1553 3229 1680 3267 more
1716 3214 1852 3266 adiri,
1882 3222 1932 3256 ut

1038 3266 1145 3309 talia
1162 3266 1513 3326 interpretentur
1536 3275 1747 3328 tanquam
1772 3272 1929 3315 talium

1036 3338 1189 3367 rerum
1226 3326 1379 3383 gum-ij
1433 3334 1528 3372 tum
1563 3343 1673 3371 vero
1705 3327 1813 3371 nihil
1849 3329 1928 3372 in·-

1036 3380 1272 3426 tell'exisse.
1340 3375 1479 3442 Igitur
1510 3383 1595 3428 suit
1618 3385 1707 3428 illis
1733 3399 1834 3428 mos
1854 3396 1927 3430 ta·

1037 3439 1090 3481 lia
1115 3439 1377 3496 intelligere,
1405 3457 1552 3502 neque
1577 3451 1727 3486 tamen
1749 3458 1926 3503 semper

1033 3499 1137 3538 das.-
