2138 4030
226 246 452 328 2352332
674 227 863 311 Lm.
908 248 1015 312 111.
1094 248 1288 341 GAP.
1330 253 1427 313 31.
1580 213 1583 217 ⁵
1855 225 1982 315 293

236 397 248 408 “
307 375 532 438 ΧΧΧΙ.
576 376 712 435 Ιεπῐιχ
735 376 997 450 legiones,
1023 378 1090 434 in
1121 379 1475 436 testudinem
1502 381 1977 453 glomerabantur

135 477 191 522 et
218 465 321 522 alii
350 465 464 521 tela
491 483 740 539 saxaque
764 462 1156 540 incutiebant,
1197 484 1332 520 cum
1365 465 1734 537 languescere
1770 469 1976 542 paula-

134 551 238 607 tim
266 548 727 605 Vitellianorum
747 546 951 606 animi.
1038 559 1104 604 ut
1138 547 1269 623 quis
1301 549 1510 604 ordine
1547 553 1836 621 anteibat,
1878 570 1972 608 ce-

131 636 270 692 dere
291 635 589 701 fortunae,
629 651 702 687 ne
717 629 1008 688 Cremona
1037 653 1271 708 quoque
1297 633 1482 689 excisa
1506 635 1669 690 nulla
1696 637 1847 692 ultra
1871 658 1972 692 ve-

133 721 228 776 nia
269 719 578 793 omnisque
612 717 698 772 ira
734 716 974 772 victoris
1008 737 1130 772 non
1170 717 1232 772 in
1271 718 1483 790 vulgus
1518 719 1721 794 inopS,
1774 723 1869 776 sed
1908 722 1971 777 in

130 806 399 861 tribunos
436 802 954 876 centurionesque,
1011 802 1119 858 ubi
1159 802 1414 877 pretium
1445 804 1637 861 caedis
1674 816 1822 873 erat,
1875 826 1970 861 re·
2021 870 2023 873 ¹

129 900 467 945 verteretur.
553 886 849 959 gregarius
886 885 1052 941 miles
1082 887 1268 944 futuri
1299 907 1495 944 socors
1523 900 1579 944 et
1604 889 1969 961 ignobilitate

125 975 309 1032 tutior
344 972 657 1048 perstabat.
739 970 873 1044 vagi
910 990 1013 1044 per
1048 971 1203 1040 viaS‚
1259 971 1323 1027 in
1353 973 1626 1030 domibus
1653 974 1841 1031 abditi
1866 995 1971 1048 pa-

125 1079 249 1115 cem
296 1079 371 1114 ne
408 1070 534 1115 tum
573 1056 811 1132 quidem
851 1055 1132 1125 orabant,
1193 1077 1327 1112 cum
1361 1058 1584 1114 bellum
1621 1059 1967 1132 posuissent.

123 1145 411 1219 primores
440 1154 762 1198 castrorum
789 1160 1009 1196 nomen
1035 1153 1208 1221 atque
1235 1140 1518 1215 imagines
1542 1139 1773 1199 Vitellii
1805 1164 1969 1200 amo-

125 1230 372 1287 liuntur.
456 1239 686 1284 catenas
709 1223 991 1282 Caecinae
1020 1221 1185 1302 (nam
1212 1225 1386 1283 etiam
1416 1238 1543 1283 tum
1564 1228 1796 1284 vinctus
1818 1228 1966 1306 erat)

125 1315 434 1371 exsolvunt
466 1323 783 1386 orantque,
835 1321 902 1365 ut
930 1330 1132 1366 causae
1167 1330 1305 1379 suae
1338 1311 1677 1386 deprecator
1713 1314 1966 1372 adsistat.

123 1398 528 1474 aspernantem
563 1406 1000 1470 tumentemque
1030 1395 1288 1450 lacrimis
1320 1397 1593 1471 fatigant,
1646 1395 1964 1454 extremum

122 1483 446 1551 malorum,
485 1479 900 1538 totfortissimi
924 1479 1040 1536 viri
1062 1480 1384 1555 proditoris
1416 1501 1588 1557 opem
1612 1482 1967 1540 invocante&

123 1588 260 1625 mox
301 1567 632 1624 velamenta
679 1576 737 1621 et
786 1563 1004 1620 infulas
1048 1585 1156 1640 pro
1206 1559 1394 1621 muris
1435 1578 1746 1627 ostentant.
1832 1589 1966 1624 cum

123 1650 420 1710 Antonius
455 1646 714 1709 inhiberi
738 1650 852 1706 tela
876 1649 1167 1720 iussisset,
1220 1651 1383 1724 signa
1421 1652 1760 1730 aquilasque
1799 1656 1965 1709 extu—

176 1847 287 1888 (ἶΑΡ.
325 1844 397 1888 31.
455 1843 859 1897 glomerabantur.
931 1840 1006 1884 Sic
1073 1841 1211 1884 terius
1234 1842 1288 1885 de
1305 1840 1579 1900 ed.Spir.-·
1598 1843 1706 1887 Mox
1719 1842 1915 1901 Ryckius
1940 1857 1964 1885 e

117 1903 250 1946 MSS.
274 1903 398 1945 Flor.
431 1905 550 1957 (test.
572 1897 690 1942 Viet.
722 1915 825 1942 cum
855 1897 1004 1951 Pich.)
1074 1899 1174 1942 MS.
1198 1900 1233 1942 F
1236 1900 1320 1943 lor.
1344 1900 1485 1943 adfert
1504 1903 1743 1944 anteibant
1763 1916 1846 1960 pro
1870 1914 1967 1942 an-

117 1959 272 2003 Guelf.
299 1956 421 2002 Harl,
450 1956 582 1999 Bodl.
607 1956 721 1998 Bud.
753 1956 852 1999 edd.
877 1954 1002 1998 Pieh.
1075 1959 1231 2001 teibat.
1291 1956 1543 2013 Victorius,
1585 1954 1779 2003 Pichena
1805 1966 1849 1999 et
1873 1959 1961 2002 lac.

117 2017 256 2061 Grut..
283 2032 380 2074 sqq.
432 2039 486 2049 -—
545 2015 872 2068 glomerantur
901 2010 1004 2056 MS.
1074 2011 1336 2058 Gronovius
1360 2014 1414 2056 de
1437 2013 1526 2057 hoe
1550 2016 1692 2059 verbo
1717 2021 1882 2069 tacent.

121 2079 132 2117 t
159 2091 225 2130 eg.
247 2075 346 2116 edd.
373 2073 490 2130 Spir.
516 2070 620 2113 Put.
642 2086 739 2127 sqq.
767 2069 821 2113 ad
844 2068 972 2112 Pich.
1131 2075 1310 2116 cedere.
1369 2071 1446 2114 Sic
1463 2072 1566 2116 edd.
1579 2072 1698 2130 Spir.
1710 2069 1962 2123 Alc.Rhen.

172 2134 267 2173 tela
288 2145 518 2186 saxaque.
582 2127 658 2170 Sic
684 2127 786 2170 edd.
810 2126 914 2168 Put.
934 2127 1004 2171 M.
1072 2142 1171 2184 sqq·
1202 2156 1260 2165 --
1319 2128 1420 2175 MS.
1444 2127 1593 2172 Guelf.
1627 2130 1728 2173 edd.
1759 2126 1863 2172 Put.
1894 2129 1962 2171 M.

115 2198 158 2232 et
189 2187 243 2234 V.
275 2186 479 2230 Beroazd.
526 2189 653 2239 (cum
687 2184 832 2226 silent.
865 2182 1001 2237 Vict.)
1072 2194 1116 2227 et
1139 2185 1195 2228 V.
1215 2185 1318 2228 Ber.
1356 2186 1477 2240 (cum
1508 2187 1653 2230 silent.
1679 2185 1818 2242 Vict.)
1854 2196 1958 2228 caea

112 2263 210 2304 sqq.
248 2269 283 2276 -—
342 2259 468 2286 saxa
491 2244 673 2297 telaque
693 2240 833 2284 MSS.
849 2239 1000 2283 Guelf.
1071 2246 1204 2291 dere,
1228 2242 1394 2299 vulgari
1419 2242 1705 2287 confusione.

110 2307 193 2348 les.
236 2301 358 2357 Harl.
401 2300 540 2346 Corb.
591 2298 664 2342 ed.
707 2298 826 2357 Spir.
906 2297 999 2341 Pa-
1126 2316 1186 2342 ne
1228 2299 1473 2342 Cremona.
1539 2301 1643 2344 MS.
1679 2299 1830 2344 Guelf.
1873 2315 1959 2342 nec

106 2378 206 2404 rum
236 2359 384 2403 refert.
1071 2358 1342 2407 Cremonia,
1381 2357 1506 2401 cuius
1534 2357 1632 2404 vitii
1654 2357 1871 2415 originem
1894 2359 1958 2399 sa·

165 2421 477 2472 languescere.
581 2412 656 2456 Sic
711 2413 816 2457 MS.
866 2412 994 2456 Flor.
1067 2414 1151 2458 cile
1173 2413 1402 2471 intelligis.

110 2479 232 2530 (test.
262 2473 377 2516 Vict.
413 2487 515 2515 cum
550 2470 695 2524 Pich.)
734 2470 835 2512 edd.
870 2470 994 2513 Pieh.
1123 2480 1450 2516 reverteretur.
1531 2472 1768 2520 Muretus,
1819 2470 1958 2515 Ursi-

55 2566 59 2575 .
108 2534 325 2587 Bernegg.
361 2545 460 2588 sqq.
513 2553 568 2575 -,-
637 2531 995 2581 languescerent
1066 2545 1175 2580 nus,
1207 2527 1436 2572 Acidalius
1456 2528 1664 2578 volabant
1685 2535 1955 2572 uerteretur.

108 2588 241 2634 MSS.
254 2590 361 2644 Reg.
377 2587 514 2631 Corb.
541 2585 755 2641 ed.Spi1·.‚
777 2600 826 2626 ex
849 2589 998 2626 emend
1066 2585 1153 2629 Sed
1189 2591 1514 2628 reverteretur.
1531 2586 1699 2631 indicat
1727 2587 1954 2633 diversum

107 2646 242 2691 dandi
262 2644 423 2688 studio.
468 2642 604 2686 Male.
653 2643 755 2684 Non
777 2640 896 2683 enim
922 2641 998 2683 in-
1066 2641 1268 2685 vertendi
1317 2642 1542 2695 modum,
1597 2643 1643 2686 h.
1689 2659 1726 2686 e.
1771 2659 1862 2686 non
1907 2643 1954 2686 iu

110 2713 174 2748 cst
197 2703 309 2747 ratio
337 2699 720 2759 praecedentium,
770 2698 844 2743 sed
879 2714 994 2740 con—
1066 2699 1252 2756 vulgus,
1293 2699 1370 2745 sed
1403 2699 1449 2742 in
1486 2700 1730 2757 primores,
1768 2700 1904 2758 igitur
1930 2717 1953 2744 a

110 2762 296 2804 secutio.
333 2787 390 2794 -
447 2760 671 2810 languere
693 2754 991 2800 MSS.Guelf.
1067 2758 1204 2814 vulgo
1254 2772 1407 2799 rursus
1451 2757 1498 2799 in
1543 2755 1781 2814 primores·
1870 2757 1951 2802 Ed.

105 2818 227 2860 Harl.
251 2816 380 2858 Bodl.
409 2813 490 2857 les.
515 2814 627 2856 Bud.
651 2814 752 2857 edd.
774 2813 876 2857 Put.
896 2829 997 2871 sqq.
1068 2814 1187 2875 Spir.
1228 2817 1562 2857 reum-tabacum
1643 2814 1807 2858 Eadem
1851 2821 1953 2856 erat

37 2869 41 2875 Α
104 2875 156 2919 ad
183 2873 438 2917 Piehenam.
1064 2872 1193 2931 ponit
1215 2879 1316 2912 ante
1341 2871 1513 2914 caedis.

163 2940 214 2973 ut
254 2932 370 2987 qul's.
439 2928 517 2971 Sic,
546 2926 682 2971 MSS.
717 2927 838 2971 Flor.
875 2928 993 2982 (test.
1119 2929 1379 2981 perstabat.
1448 2929 1550 2972 MS.
1583 2926 1735 2971 Guelf.
1758 2936 1952 2984 presta—-
1997 2940 2000 2941 ’

108 2988 249 3038 ltxck.
295 2996 338 3030 et
381 2987 465 3030 lac.
501 2984 668 3040 Gron.)
711 2985 829 3029 Bud.
874 2989 993 3039 (test.
1064 2988 1158 3028 bat.

106 3039 278 3099 O'berl.)
307 3045 446 3088 Corb-
480 3041 580 3085 edd.
609 3041 726 3098 Spir.
754 3043 840 3085 lac.
867 3042 992 3085 Gro-
1118 3043 1396 3097 posuissent.
1441 3041 1652 3099 Ed.Spi1·,
1667 3044 1947 3098 potuissent.

109 3119 216 3147 nov.
260 3101 359 3158 ssip.
400 3099 559 3142 Oberl.
594 3115 694 3156 sqq.
764 3099 993 3143 Victorius
1064 3100 1229 3156 Eadem
1255 3115 1354 3141 mox
1379 3100 1704 3142 emolliuntur.

107 3162 319 3227 intactam
354 3155 534 3213 reliquit
567 3157 832 3221 scripturam
864 3164 910 3223 et
942 3164 994 3199 ut
1121 3158 1262 3199 etiam
1310 3164 1436 3201 tum:
1514 3156 1598 3200 Ed.
1637 3157 1756 3217 Spir.
1808 3158 1949 3200 etiam

104 3211 993 3328 2³³ss¹35{'‘15;.3³.⁰33.31'‘333¹1‚¹53⁸{fiff15¹23¹ss
1063 3221 1192 3311 ‘'¹22⁶AE
1222 3270 1487 3325 som-...ma
1575 3270 1651 3314 sn:
1697 3270 1799 3314 ms.
1848 3271 1942 3314 va.

103 3332 155 3375 ad
186 3329 431 3389 Ryckiu1u‚
471 3326 546 3384 qui
580 3328 784 3384 expunxit
816 3336 885 3382 et,
939 3337 988 3371 ut
1058 3329 1172 3382 (test.
1199 3327 1331 3384 Lips.)
1355 3328 1454 3371 edd.
1474 3327 1595 3384 Spir.
1620 3327 1721 3370 Put.
1745 3329 1813 3371 M.
1835 3336 1873 3369 et
1894 3329 1945 3370 V.

104 3389 324 3446 legeretur
355 3395 406 3427 ut
440 3385 631 3440 quisque·
660 3400 683 3426 e
711 3384 847 3428 MSS.
877 3385 987 3442 Agr.
1061 3385 1266 3427 Rex-oald.
1304 3389 1428 3438 (cum
1466 3385 1642 3428 silentio
1662 3386 1815 3445 vict.)
1848 3386 1945 3430 Alc.

105 3453 148 3487 et
213 3445 296 3487 les.
385 3439 606 3499 Ryckium
670 3440 865 3485 imitatus
925 3451 990 3485 est
1061 3451 1104 3485 et
1145 3440 1303 3484 deinde
1332 3442 1452 3500 Lips.
1478 3441 1640 3496 (1607.)
1666 3442 1787 3483 pith.
1815 3442 1943 3490 (ir-ut,

106 3501 349 3544 Ernestius.
421 3499 631 3540 Ceterum
667 3498 896 3542 Ernestius
935 3499 990 3542 ad
1062 3515 1096 3543 s(
1148 3529 1159 3541 .
1200 3522 1256 3531 —
1312 3495 1367 3542 ἀο-
1418 3500 1647 3542 artissimi
1676 3498 1773 3543 MS.
1797 3498 1945 3545 Guelf,

106 3559 205 3603 h.1.
234 3557 366 3600 falsus
397 3564 459 3600 cst
488 3556 541 3598 dc
575 3554 678 3600 eod.
704 3555 842 3613 Agr„
882 3556 990 3600 Bro-
1063 3514 1165 3600 effi.
1201 3555 1343 3602 Rhea.
1397 3556 1581 3623 fortasse
1618 3570 1641 3596 e
1676 3556 1778 3600 cod.
1816 3556 1943 3610 liud.)
