2118 3978
245 768 1707 875 .C.CORNEL11TAC1T1

205 935 1891 1047 HISTORIARUM

129 1071 131 1073 ’
397 1076 439 1104 '³
698 1099 956 1166 Lissssss
1048 1095 1385 1153 PRIMUS.

242 1256 248 1259 s
480 1257 486 1264 ,
633 1259 637 1263 ,
646 1256 1959 1269 .—.—-*.m-aeo—-*m—m0———-——v-—————-

571 1370 1168 1429 BREVIARIUM
1240 1373 1514 1418 LtBRI.

287 1472 399 1516 CAP.
429 1475 470 1516 1.
528 1471 810 1514 Praesamen.
873 1471 1070 1513 auctoris
1094 1470 1309 1528 dignitas,
1349 1479 1492 1523 aetas,
1533 1471 1799 1517 institutum.
1860 1475 1902 1517 2.
1929 1474 1973 1519 3.

115 1529 364 1574 Praesentis
382 1529 592 1573 historiae
618 1534 792 1572 summa
817 1528 977 1586 capita.
1036 1529 1080 1573 4.
1108 1530 1152 1570 5.
1184 1527 1333 1571 Status
1355 1527 1505 1579 urbis,
1534 1545 1659 1572 mens
1676 1530 1974 1584 exercituum,

117 1588 293 1632 habitus
323 1587 665 1645 provinciarum
702 1586 854 1629 occiso
882 1585 1079 1628 Nerone.
1141 1582 1439 1644 Nymphidius
1477 1586 1715 1644 imperium
1747 1588 1975 1632 adfectans

117 1662 374 1705 oppressus.
431 1646 475 1687 6.
500 1645 543 1687 7.
580 1643 770 1685 Galbam
806 1642 1044 1686 crudelitas
1075 1659 1176 1694 sua,
1222 1651 1361 1693 aetas,
1390 1644 1608 1702 ¹corporis
1629 1643 1776 1688 forma
1797 1655 1840 1689 et
1864 1647 1974 1689 ami-

116 1702 407 1751 corum-vitia
430 1701 625 1745 reddunt
648 1701 857 1744 invisum.
920 1701 960 1742 8.
984 1701 1025 1743 9.
1058 1701 1210 1743 Status
1237 1699 1498 1755 Hispaniae,
1541 1700 1735 1754 Galliae,
1777 1701 1976 1747 Germa-

116 1759 326 1804 nieorum
362 1761 660 1806 exercituum,
704 1758 983 1808 Britanniae,
1027 1758 1214 1815 lllyrici.
1281 1759 1347 1800 10.
1384 1757 1436 1799 ln
1460 1759 1588 1825 Syria
1608 1759 1810 1803 Muciani
1834 1761 1976 1807 virtu-

114 1827 180 1861 tes
203 1828 256 1861 -et
290 1817 414 1864 vitia.
475 1816 544 1859 Fl.
567 1815 824 1871 Vespasiani
860 1814 1092 1857 Iudaicum
1127 1814 1297 1857 bellum
1331 1815 1683 1860 administrantis
1713 1817 1892 1861 animus
1926 1819 1977 1863 in

117 1875 326 1918 Galbam.
389 1876 461 1916 11.
501 1872 720 1930 Aegypti,
759 1872 964 1919 Africae,
1006 1871 1338 1922 Mauretaniae,
1379 1872 1585 1925 Raetiae,
1614 1874 1797 1928 Norici,
1831 1875 1974 1920 Thra-

117 1934 234 1981 ciae,
258 1930 420 1975 'ltaliae
443 1937 581 1974 status
608 1928 774 1972 COSS.
798 1929 944 1972 Galba
967 1927 1181 1971 etVinio.

291 1989 360 2031 12.
403 1987 655 2030 Deficiente
689 1986 930 2042 superioris
961 1984 1232 2028 Germaniae
1267 1987 1408 2030 milite
1440 1986 1583 2030 Galba
1621 1988 1676 2031 de
1709 1989 1973 2048 adoptando

117 2046 306 2090 Caesare
342 2046 523 2103 cogitat.
584 2042 652 2086 13.
686 2042 846 2085 Vinius
871 2041 1043 2085 Othoni
1078 2042 1214 2094 favet,
1252 2060 1346 2086 non
1382 2045 1440 2088 ita
1461 2043 1579 2089 Laco
1611 2055 1654 2089 et
1675 2045 1836 2092 Icelus.
1901 2050 1973 2093 14.

115 2103 259 2146 Galba
281 2102 514 2146 transactis
536 2101 596 2143 im
661 2100 713 2157 rii
737 2099 933 2143 comitiis
958 2099 1166 2142 Pisonem
1191 2100 1337 2159 eligit,
1379 2101 1607 2145 hominem
1637 2105 1807 2161 antiqui
1831 2108 1975 2150 moris

118 2169 160 2204 et
179 2175 387 2204 severum
405 2192 418 2211 ,
447 2159 518 2203 cui
547 2161 570 2202 1
605 2190 615 2201 .
643 2157 707 2200 16.
735 2156 990 2215 adoptionis
1013 2172 1165 2199 causas
1192 2166 1234 2201 et
1258 2159 1803 2216 imperiissadministrandi
1827 2165 1974 2207 consi-

119 2220 231 2262 lium
263 2218 419 2274 aperit.
483 2217 552 2260 17.
586 2215 765 2258 Pisonis
798 2215 916 2258 inter
950 2214 1060 2257 haec
1092 2216 1359 2259 moderatio.
1424 2217 1491 2261 18.
1523 2218 1720 2276 Adoptio
1744 2219 1791 2261 in
1816 2221 1974 2265 castris

116 2284 398 2332 nuncupata,
451 2274 518 2317 19.
550 2282 647 2316 tum
678 2273 725 2314 in
751 2280 932 2315 senatu.
993 2271 1144 2330 Legati
1172 2273 1226 2316 ad
1250 2273 1500 2318 defectores
1524 2275 1667 2318 missi.
1726 2278 1799 2320 20.
1831 2278 1974 2322 Nero·

116 2334 187 2378 nis
213 2332 435 2391 prodigae,
452 2331 719 2374 donationes
741 2329 971 2372 rescissae.

286 2390 360 2433 21.
398 2388 571 2432 Othoni
602 2403 679 2444 spe
714 2386 838 2444 lapso
869 2385 1108 2430 consilium
1139 2387 1186 2429 in
1216 2388 1427 2439 turbido,
1473 2389 1545 2431 22.
1576 2389 1891 2449 instigantibus
1923 2393 1974 2437 li-

115 2446 279 2497 bertis,
305 2445 470 2497 serviS,
500 2444 848 2494 mathematicis,
893 2442 962 2487 23.
975 2444 1045 2487 24.
1075 2444 1239 2501 paratis
1260 2446 1346 2488 iam
1369 2454 1469 2490 ante
1493 2446 1689 2491 rnilitum
1711 2450 1869 2494 studiis
1895 2466 1974 2510 per

116 2505 351 2549 blanditias
372 2511 414 2547 et
442 2502 723 2561 largitiones,
759 2501 974 2545 oscitante
996 2501 1052 2544 ad
1077 2503 1123 2544 id
1148 2504 1392 2559 praefecto.
1451 2504 1524 2547 25.
1546 2505 1617 2549 26.
1650 2505 1771 2564 Ergo
1799 2507 1887 2551 iam
1914 2508 1974 2552 le·

118 2564 271 2622 giones
291 2571 334 2605 et
355 2561 514 2605 auxilia
534 2575 618 2618 pro
633 2557 831 2602 Othone.
890 2559 961 2602 27.
997 2557 1107 2602 Mox
1131 2558 1436 2604 consalutatus
1458 2561 1702 2620 imperator
1721 2564 1794 2608 28.
1817 2567 1975 2610 castris

117 2620 415 2678 praetorianis
436 2617 644 2660 infertur.
1696 2658 1700 2665 ἶ

289 2677 363 2719 29.
385 2675 455 2719 30.
486 2674 591 2717 Piso
615 2673 845 2718 cohortem
860 2707 873 2726 ,
904 2689 1016 2730 quae
1037 2674 1082 2716 in
1107 2674 1270 2731 palatio
1293 2674 1530 2719 stationem
1551 2676 1664 2735 agit,
1690 2670 1975 2724 hortatur-ad

118 2737 270 2780 Iidem.
331 2733 400 2776 31.
438 2732 518 2774 Illa
545 2741 672 2789 parat
694 2731 841 2787 signa,
865 2732 1050 2789 reliquis
1073 2732 1214 2788 copiis
1238 2732 1561 2777 deficientibus.
1619 2734 1691 2779 32.
1718 2735 1789 2778 33.
1824 2737 1974 2780 Plebis

118 2792 316 2835 adulatio
349 2800 391 2834 et
421 2790 582 2834 levitas.
644 2789 851 2839 Fluctuat
872 2789 1013 2832 Galba
1039 2805 1144 2831 cum
1168 2789 1350 2840 amicis,
1389 2807 1446 2834 an
1475 2792 1842 2837 occurrendum?
1901 2795 1974 2839 34.

119 2849 428 2893 Praemittitur
457 2847 502 2889 in
537 2854 679 2889 rastra
702 2845 823 2888 Piso.
884 2847 1036 2890 Falsus
1067 2846 1122 2887 de
1155 2845 1308 2889 occiso
1335 2846 1517 2891 Othone
1549 2865 1724 2892 rumor.
1782 2851 1855 2895 35.
1886 2853 1973 2895 Po-

120 2906 254 2966 pulus
278 2914 321 2949 et
342 2913 520 2949 senatus
542 2903 734 2953 Galbae,
777 2902 849 2947 36.
882 2913 1024 2948 castra
1048 2902 1221 2947 Othoni
1247 2903 1415 2949 favent.
1474 2905 1545 2948 37.
1566 2906 1636 2951 38.
1668 2906 1755 2950 Hic
1778 2909 1971 2952 militum

119 2965 291 3007 animos
311 2963 519 3006 oratione
539 2959 623 3004 sibi
650 2959 887 3015 conciliat,
926 2959 1098 3004 Galbae
1129 2969 1170 3003 et
1194 2960 1362 3004 Pisoni
1380 2961 1529 3005 reddit
1551 2963 1768 3007 infensos.
1831 2968 1971 3009 Arma

119 3021 251 3064 militi
294 3018 473 3063 dividit.
545 3018 617 3061 39.
667 3017 815 3074 Agitat
842 3018 964 3061 Laco
1000 3017 1055 3060 de
1083 3017 1218 3061 caede
1252 3016 1389 3061 Vinii.
1462 3020 1535 3063 40.
1580 3020 1723 3064 Galba
1764 3022 1970 3068 fluctuat.
2048 3067 2052 3072 ,

121 3078 254 3121 Plebs
286 3085 431 3119 nutat.
494 3075 742 3118 Othoniani
772 3074 924 3117 forum
957 3075 1239 3132 inrumpunt.
1300 3075 1372 3118 41.
1415 3076 1558 3121 Galba
1593 3079 1814 3133 desertus,
1854 3082 1975 3124 oeci³

120 3150 217 3178 sus:
274 3134 347 3178 42.
380 3131 445 3176 sic
483 3141 527 3176 et
559 3131 733 3174 Vinius.
802 3131 874 3174 43.
915 3132 1174 3190 Sempronii
1210 3131 1349 3176 Densi
1383 3133 1506 3176 fides.
1576 3135 1681 3178 Piso
1711 3151 1865 3180 caesus
1897 3139 1971 3184 44.

120 3208 279 3251 magna
303 3187 500 3233 Othonis
531 3188 708 3231 laetitia.
767 3187 982 3232 Caedium
1008 3189 1203 3246 praemia
1226 3201 1459 3247 poscentes
1483 3192 1604 3235 iussu
1626 3191 1792 3235 Vitellii
1817 3203 1971 3252 postea
1991 3191 1993 3194 ’

119 3247 359 3293 interfecti.
426 3247 497 3288 45.
538 3245 795 3290 Adulantur
829 3254 1008 3289 senatus
1040 3255 1082 3289 et
1122 3246 1314 3304 populus
1343 3248 1558 3291 victorem
1591 3248 1849 3300 Othonem,
1894 3251 1972 3305 qui

120 3305 373 3350 coercendo
410 3303 603 3346 militum
642 3302 785 3346 furori
819 3303 978 3360 impar.
1032 3304 1105 3346 46.
1144 3303 1191 3346 hi
1215 3305 1474 3347 vacationes
1501 3305 1585 3349 sibi
1611 3307 1774 3349 remitti
1799 3318 1970 3366 petunt.

119 3364 238 3407 Laco
262 3370 305 3404 et
327 3361 471 3404 Icelus
495 3359 624 3403 caesi.
683 3360 754 3401 47.
787 3359 966 3404 Pisonis
990 3369 1032 3404 et
1045 3360 1101 3404 T.
1121 3360 1238 3403 Vinii
1259 3362 1488 3419 sepultura
1505 3394 1516 3411 ,
1547 3364 1620 3406 48.
1647 3362 1815 3421 elogia,
1842 3375 1971 3410 testa.

120 3428 284 3464 menta.
340 3419 411 3462 49.
441 3417 611 3461 Galbae
630 3417 884 3473 sepultura,
914 3425 1052 3470 aetas,
1082 3417 1315 3468 nobilitas,
1350 3435 1526 3469 mores,
1557 3421 1766 3465 honores.

291 3476 361 3519 50.
400 3475 488 3518 Tre
521 3474 641 3517 idam
675 3475 828 3517 urbem
857 3490 998 3518 novus
1025 3475 1079 3517 de
1103 3473 1287 3518 Vitellio
1312 3476 1496 3523 nuntius
1527 3486 1734 3522 exterret.
1798 3479 1970 3540 Vespa-

120 3534 294 3579 sianum
328 3490 538 3582 nonnulli
576 3539 864 3588 augurantur.
928 3532 997 3574 51.
1028 3530 1159 3576 Initia
1183 3529 1407 3576 Vitelliani
1443 3543 1593 3579 motus
1629 3550 1677 3576 ex
1713 3536 1833 3581 bello
1868 3537 1990 3581 tulii-f

1243 3591 1378 3650 Ae
