2138 4030
7 2327 17 2354 '⁸
80 2323 258 2366 cneius,

0 2442 13 2466 >⁴
81 2438 331 2480 dolobella.

0 2683 1 2686 ¹
80 2675 239 2713 tatem,
271 2680 383 2721 quae
408 2665 537 2720 vulgo
560 2665 749 2713 dicitur,
773 2664 964 2708 Galbam

1798 266 1914 325 127
1940 319 1946 329 ,

74 421 240 459 mum
291 400 449 456 factu
493 406 604 465 est,
663 413 880 471 pravus
922 404 979 450 et
1012 392 1258 450 callidus
1306 393 1496 449 bonos
1530 405 1585 449 et
1623 396 1916 453 modestos

74 485 350 545 anteibat.
402 514 407 519 ·
1412 535 1417 544 .,
1544 500 1546 502 ’
1871 475 1875 481 ’

240 574 639 640 LXXXVIII.
721 574 1025 650 Sepositus
1054 594 1161 649 per
1187 593 1284 630 eos
1311 573 1436 629 dies
1460 571 1770 630 Cornelius
1791 574 1918 632 Do·-

76 667 288 725 labella
320 662 386 720 in
414 662 709 720 coloniam
740 656 1102 735 Aquinatem
1133 679 1324 735 neque
1358 670 1483 716 arta
1517 660 1780 716 custodia
1810 681 1917 717 ne-
1982 685 1990 693 ’

76 773 188 829 que
212 752 491 818 obscura,
533 746 769 803 nullum
799 746 876 801 ob
908 745 1159 813 crimen,
1202 745 1304 800 sed
1324 755 1552 801 vetusto
1582 745 1823 800 nomine
1863 757 1918 800 et

74 834 512 913 propinquitate
540 830 766 888 Galbae
792 841 1167 888 monstratuS.
1253 827 1480 885 Multos
1507 849 1537 884 e
1564 829 1919 902 magistrati-

72 924 215 991 huS‚
256 938 531 993 magnam
565 915 964 973 consularium
994 925 1221 990 partem
1253 909 1418 970 Otho
1453 934 1577 971 non
1609 913 1922 989 participes

73 1018 174 1075 aut
215 1005 517 1061 ministros
554 1001 743 1070 bello,
799 1002 900 1056 sed
933 999 1214 1056 comitum
1262 998 1449 1074 specie
1501 1019 1698 1056 secum
1748 1019 1921 1073 expe-

75 1092 201 1151 dire
237 1091 432 1161 iubet,
486 1088 550 1143 in
588 1086 718 1162 quis
759 1095 815 1141 et
849 1082 920 1145 L.
948 1083 1273 1141 Vitellium*
1298 1085 1504 1140 eodem
1537 1105 1655 1160 quo
1701 1083 1920 1140 ceteros

76 1177 267 1244 cultu,
308 1194 416 1230 nec
443 1184 511 1229 ut
534 1169 905 1246 imperatoris
927 1170 1170 1226 fratrem
1198 1188 1307 1225 nec
1342 1181 1410 1227 ut
1438 1165 1644 1229 hostis,
1731 1166 1920 1242 Igitur

76 1271 268 1317 motae
298 1258 466 1316 urbis
503 1276 708 1325 curae,
770 1255 971 1311 nullus
1004 1255 1151 1310 ordo
1186 1265 1348 1311 metu
1383 1266 1485 1311 aut
1519 1254 1782 1329 periculo
1814 1274 1920 1310 va-

77 1365 238 1405 cuus,
342 1343 630 1418 primores
678 1350 912 1395 senatus
956 1350 1141 1396 aetate
1185 1339 1437 1395 invalidi
1479 1350 1535 1396 et
1570 1340 1748 1412 longa
1781 1358 1923 1414 pace

76 1430 331 1497 desideS‚
373 1427 564 1500 segnis
590 1437 647 1482 et
669 1424 852 1480 oblita
872 1425 1167 1480 bellorum
1192 1424 1500 1494 nobilitaS‚
1540 1424 1779 1498 ignarus
1807 1423 1926 1479 mi-

77 1515 237 1571 litiae
270 1532 470 1590 eques:
515 1522 734 1587 quanto
767 1509 950 1584 magis
977 1509 1267 1566 occultare
1302 1520 1358 1566 et
1393 1510 1608 1565 abdere
1643 1529 1923 1584 pavorem

76 1600 443 1667 nitebantur,
496 1593 859 1652 manifestius
895 1594 1113 1669 pavidi.
1198 1614 1305 1650 nec
1345 1596 1587 1651 deerant
1625 1614 1655 1650 e
1692 1590 1926 1650 contra*-

74 1685 165 1741 rio
231 1683 336 1760 qui
396 1681 717 1739 ambitione
774 1680 986 1736 stolida
1044 1679 1357 1754 conspicua
1412 1699 1604 1748 arma,
1667 1678 1931 1752 insignes

75 1789 288 1846 equoe,
329 1768 571 1844 quidam
604 1764 936 1821 luxuriosos
965 1776 1275 1839 apparatus
1300 1764 1710 1821 conviviorum
1743 1775 1800 1821 et
1830 1764 1927 1820 in-

75 1855 386 1911 ritamenta
431 1850 752 1908 libidinum
798 1859 864 1907 ut
909 1849 1299 1907 instrumenta
1333 1849 1477 1907 belli
1500 1856 1926 1922 mercarentur.

162 263 383 344 nme&
477 302 480 305 .
582 226 767 324 ΠΒ.
805 261 874 323 1.
927 262 1123 323 CAP.
1159 254 1393 323 8288.

162 307 280 348 A.C.
326 319 336 340 ι

121 2094 262 2150 factu
283 2100 370 2136 est.
431 2092 532 2136 MS.
556 2089 858 2147 Guelf.factf2
878 2099 967 2136 est.
1037 2108 1142 2135 nam
1178 2099 1324 2149 potest
1355 2091 1491 2135 intelli
1526 2093 1539 2135 i
1563 2092 1710 2147 Sorge
1727 2093 1820 2148 fiir
1849 2094 1922 2134 die

134 2151 246 2195 CAP.
277 2150 350 2194 88.
425 2149 667 2192 Cornelius
698 2149 962 2193 Dolabella.
1034 2150 1198 2200 Stmlt,
1236 2109 1524 2207 Besorgmyff
1547 2166 1626 2192 um
1658 2151 1731 2192 die
1767 2148 1921 2198 Stadt,

79 2209 148 2252 De
171 2204 263 2266 quo
287 2207 348 2250 cf.
369 2206 595 2250 Plutarch.
623 2207 669 2249 in
684 2205 816 2251 Galb.
842 2204 965 2251 c.23.
1036 2215 1079 2250 et
1098 2207 1279 2250 Tacitus
1313 2207 1407 2251 fere
1435 2224 1613 2266 semper
1638 2207 1703 2251 sic
1726 2205 1805 2250 illo
1837 2222 1923 2252 vo-

79 2267 267 2310 sueton.
301 2264 434 2307 Galb.
474 2279 516 2308 c.
550 2265 644 2314 12„
689 2264 760 2306 cui
802 2263 966 2308 dicitur
1037 2263 1198 2308 cabulo
1247 2263 1404 2308 utitur.
1495 2265 1556 2308 At
1608 2263 1923 2322 intelligendae

318 2322 359 2365 A
378 2321 558 2363 Vitellio
582 2320 840 2365 interfectus
860 2320 964 2364 infr.
1035 2329 1139 2365 sunt
1169 2336 1307 2364 curae
1339 2320 1460 2364 u'rbis
1496 2321 1538 2366 h.
1573 2338 1613 2365 e.
1635 2324 1817 2376 Sor-gen
1841 2326 1926 2363 der

294 2379 397 2422 MS.
434 2378 587 2423 Guelf.
632 2378 734 2423 edd.
765 2379 869 2423 Put.
905 2379 961 2422 V.
1034 2381 1449 2425 Stadtbewohner.
1493 2395 1654 2437 nempe
1689 2395 1764 2423 eac
1805 2377 1926 2435 ipsae

940 2478 945 2481 ,
1036 2452 1192 2488 curae,
1218 2453 1330 2494 quae
1357 2453 1395 2480 c.
1412 2437 1484 2482 89.
1506 2436 1689 2479 nornine
1713 2451 1922 2478 commu-

538 2492 641 2537 MS.
688 2491 842 2538 Guelf.
884 2508 966 2536 nec
1034 2495 1164 2536 nium
1199 2507 1423 2536 curarum
1459 2494 1662 2538 veniunt.
1731 2492 1793 2536 cf.
1831 2495 1920 2536 An.

1036 2553 1078 2602 2,
1109 2550 1177 2594 33.
1214 2552 1535 2594 delenimentis
1577 2565 1798 2592 curarum
1813 2567 1829 2600 ;
1884 2553 1922 2601 1,

1041 2610 1107 2652 11.
1142 2609 1190 2650 in
1223 2615 1411 2662 partem
1453 2622 1688 2651 curarum.
1766 2606 1842 2651 Sic.
1882 2617 1926 2651 et

1036 2666 1151 2710 llist.
1173 2667 1213 2717 4,
1233 2664 1305 2707 26.

77 2381 121 2428 2,
144 2379 218 2424 63.

135 2508 282 2551 neque
325 2499 452 2537 arta.

79 2559 230 2595 arcta.

131 2609 496 2664 propinquitate.
558 2606 677 2663 Quia
702 2606 968 2665 propinqui·

79 2731 122 2767 et
143 2721 430 2766 Dolabellam
462 2721 761 2766 intercessisse
786 2720 966 2765 aliunde

80 2796 172 2824 non
198 2779 408 2827 innotuit,
433 2778 702 2822 Ricklefsius
722 2779 885 2837 cogitat
909 2779 965 2821 de

79 2836 386 2881 familiaritate.
453 2835 541 2879 Sed
577 2845 784 2880 constans
817 2835 965 2880 Taciti

80 2911 185 2938 usus
223 2893 340 2936 hanc
377 2893 587 2940 vocabuli
631 2894 962 2952 interpretatio-

82 2967 185 2994 nem
209 2949 396 3008 respuit.

138 3013 294 3050 motae
334 3009 456 3051 urbis
489 3023 646 3051 curae.
722 3009 796 3052 Sic
827 3009 963 3052 MSS.

83 3063 332 3123 Reg.Corb.
346 3066 450 3122 Agr.
466 3064 565 3108 edd.
578 3065 695 3124 Spir.
712 3065 827 3124 Lips.
839 3065 964 3110 Pieh.

82 3119 514 3175 Grut.,Lalle1nand.
539 3123 664 3166 Brot.
696 3151 754 3159 —-
807 3130 964 3165 motae

82 3180 207 3221 urbis
241 3192 354 3220 cura
384 3179 488 3221 MS.
524 3179 640 3223 Bud.
681 3180 781 3222 edd.
817 3179 964 3225 Rhen.

79 3235 184 3279 Ald.
204 3250 301 3292 sqq.
323 3235 377 3277 ad
402 3235 616 3292 Lipsium.
638 3261 690 3270 -
728 3244 860 3279 mota
883 3252 964 3279 ur-

80 3295 146 3336 bis
185 3306 297 3334 cura
339 3292 476 3335 MSS.
508 3293 638 3337 Bodl.
677 3293 827 3337 Guelf.
863 3294 964 3337 edd.

80 3349 184 3392 Put.
197 3349 263 3391 M.
281 3357 324 3392 et
333 3348 390 3392 V.
402 3349 718 3394 Beroald.Alc.
741 3360 783 3394 et
800 3351 963 3395 deinde

80 3406 298 3463 Bernegg.
334 3408 542 3460 (auctore
576 3409 804 3464 Freinsh.)
843 3407 961 3450 Gro-

82 3478 190 3506 nov.
223 3478 316 3520 sqq.
401 3463 493 3505 Alii
534 3464 790 3522 intelligunt
830 3467 963 3507 motti

83 3524 213 3570 cura,
243 3521 315 3563 alii
350 3519 675 3565 nominativum
703 3522 960 3565 admittunt.

26 3634 31 3640 .
82 3577 171 3619 Sed
223 3592 338 3620 cura
389 3580 514 3622 urbis
562 3579 818 3636 ambiguum
875 3584 990 3630 est3'

1093 2730 1224 2766 metu
1248 2730 1332 2765 aut
1346 2723 1562 2776 periculo.
1622 2720 1671 2764 ἓν
1690 2720 1769 2764 διὰ
1789 2722 1923 2766 δυοῖν

1037 2782 1284 2825 secundum
1309 2779 1441 2823 Roth.
1464 2796 1506 2836 p.
1530 2778 1627 2828 36„
1664 2779 1741 2836 qui
1773 2781 1922 2824 obser·

1034 2846 1111 2882 vat
1132 2837 1290 2881 Tacito
1317 2836 1576 2894 particulam
1606 2836 1919 2881 disiunctivarn

1035 2894 1210 2951 saepius
1244 2895 1350 2952 poni
1384 2909 1469 2952 pro
1502 2893 1682 2951 copula,
1723 2903 1772 2937 ut
1806 2895 1919 2938 Hist.

1037 2955 1076 3005 1,
1108 2950 1179 2995 63.
1216 2954 1269 2993 ob
1302 2955 1535 3006 praedam
1573 2957 1658 2993 aut
1689 2950 1926 3006 spoliandi

1037 3012 1259 3064 cupidine.
1336 3009 1422 3051 Sed
1467 3007 1562 3053 vid.
1609 3016 1701 3052 not.
1735 3010 1789 3051 ad
1825 3009 1917 3052 An.

1038 3069 1076 3119 1,
1098 3068 1141 3110 8.

1093 3131 1250 3167 aetate
1265 3124 1481 3171 invalidi.
1520 3123 1620 3168 MS.
1634 3122 1742 3180 Agr.
1763 3131 1921 3165 aetate

1036 3182 1242 3224 invalida
1251 3213 1262 3224 .

1094 3241 1321 3281 occultare
1342 3245 1388 3281 et
1409 3239 1594 3281 abdere.
1639 3239 1797 3294 Synon
1834 3251 1919 3283 ma.

1036 3296 1095 3340 cf.
1122 3295 1255 3337 Roth.
1288 3310 1331 3352 p.
1355 3295 1422 3337 17.
1493 3295 1608 3338 Edd.
1640 3295 1758 3352 Lips.
1832 3294 1917 3337 ich.

1033 3354 1167 3396 Grut.
1192 3367 1288 3409 sqq.
1317 3353 1371 3396 ad
1393 3352 1645 3396 Ernestium
1668 3368 1723 3394 ac
1748 3353 1917 3393 abdere

1032 3414 1144 3465 (non
1171 3412 1387 3466 addere).
1459 3410 1577 3452 vett.
1605 3408 1707 3452 libri
1735 3416 1916 3451 tuentur

1032 3475 1076 3509 et
1092 3501 1101 3515 ‚
1133 3466 1253 3524 quod
1275 3466 1503 3510 Ernestius
1528 3465 1733 3508 restituit.

1089 3533 1136 3566 ιιι
1159 3525 1480 3566 instrumenta.
1541 3523 1642 3566 MS.
1671 3520 1820 3564 Guell.
1844 3522 1911 3564 ed.

1032 3580 1144 3639 Spir.
1170 3589 1214 3624 et
1239 3582 1569 3625 instrumenta.
