2138 4030
1742 276 1803 315 A:
1813 278 1867 315 U.
1882 278 1966 318 822⁸.

1746 324 1798 358 A.
1816 321 1863 360 C.
1906 324 1963 357 ¹3⁴).

198 284 322 342 292
765 240 1472 342 HrsromARUM

203 425 300 470 tur
337 411 571 479 cuneiS‚
624 411 910 468 tertianus
948 409 1252 483 securibus
1288 411 1615 489 gladiisque
1646 406 1879 487 portam
1913 433 2050 489 per-

202 497 393 571 fregit.
479 494 746 552 Primum
787 495 1078 570 inrupisse
1115 493 1181 554 C.
1207 494 1528 572 Volusium
1555 497 1760 555 tertiae
1797 497 2048 572 legionis

203 584 451 639 militem
498 581 652 637 inter
695 600 898 636 omnes
941 590 1207 636 auctores
1261 592 1505 638 constat.
1608 581 1660 638 is
1713 582 1778 638 in
1822 583 2046 640 vallum

203 687 493 743 egressus,
554 665 878 723 deturbatis
917 664 1019 740 qui
1061 665 1422 735 restiterant,
1473 666 1824 742 conspicuus
1864 687 2047 724 manu

201 775 265 810 ac
290 773 430 809 voce
457 762 620 825 capta
648 749 1259 808 castra-conclamavit.
1326 751 1503 808 ceteri
1528 752 1771 827 trepidis
1796 751 1912 809 iam
1935 751 2048 807 Vi-

198 837 454 895 tellianis
481 855 655 912 seque
681 855 711 889 e
731 834 887 890 vallo
919 829 1443 909 praecipitantibus
1467 856 1798 912 perrupere.
1884 857 2046 893 com-

194 925 389 998 pletur
411 922 584 990 caede
609 930 897 995 quantum
919 919 1076 975 inter
1102 931 1285 976 castra
1305 939 1628 998 ‘murosque
1653 921 1824 979 vacui
1849 922 1980 982 fuit.

357 1004 549 1064 XXX.
593 1002 681 1060 Ac
709 1023 912 1060 rursus
938 1014 1090 1059 nova
1118 1005 1391 1060 laborum
1414 1007 1617 1062 facies:
1662 1008 1846 1063 ardua
1875 1007 2043 1064 urbis

192 1092 459 1158 moenia,
502 1108 701 1145 saxeae
729 1100 945 1157 turreS‚
988 1090 1190 1145 ferrati
1211 1102 1513 1164 portarum
1537 1091 1758 1162 obiceS,
1798 1091 2042 1148 vibrans

192 1179 305 1235 tela
353 1175 556 1243 mileS‚
616 1175 893 1250 frequens
937 1174 1363 1252 obstrictusque
1394 1174 1733 1254 Vitellianis
1774 1178 2041 1252 partibus

190 1259 608 1319 Cremonensis
640 1260 927 1338 populus,
979 1279 1187 1333 magna
1223 1279 1357 1336 pars
1393 1258 1597 1333 Italiae
1629 1262 1778 1318 sta'to
1811 1261 1877 1318 in
1911 1281 2041 1319 eos-

191 1350 325 1404 dem
359 1345 482 1400 dies
516 1342 777 1401 mercatu
812 1357 1182 1418 congregata:
1238 1346 1398 1421 quod
1433 1346 1840 1403 defensoribus
1873 1346 2041 1404 auxi-

188 1425 338 1488 lium
362 1431 439 1486 ob
464 1428 939 1498 multitudinem,
982 1431 1464 1505 oppugnantibus
1485 1424 1933 1490 incitamentum
1957 1433 2037 1488 ob

186 1518 466 1592 praedam
508 1525 651 1570 erat.
732 1513 892 1589 Rapi
927 1515 1090 1587 ignes
1127 1512 1427 1573 Antonius
1461 1516 1788 1593 inferrique
1837 1538 2037 1574 amoe-

187 1601 447 1658 nissimis
483 1611 641 1655 extra
680 1601 892 1656 urbem
933 1600 1214 1656 aedificiis
1249 1601 1440 1671 iubet,
1496 1601 1549 1657 si
1584 1603 1802 1659 damno
1836 1623 2037 1659 rerum

187 1707 424 1744 suarum
463 1682 888 1742 Cremonenses
927 1687 1000 1740 ad
1038 1687 1383 1742 mutandam
1419 1686 1593 1743 fidem
1642 1683 2034 1761 traherentur.

182 1772 515 1848 propinqua
561 1771 748 1827 muris
781 1782 930 1828 tecta
971 1781 1028 1827 et
1064 1770 1435 1827 altitudinem
1474 1772 1776 1835 moenium
1812 1791 2037 1847 egressa

182 1856 499 1915 fortissimo
528 1876 762 1932 quoque
781 1856 1037 1911 militum
1066 1856 1343 1931 complet:
1387 1855 1478 1912 illi
1503 1857 1772 1914 trabibus
1796 1838 2035 1933 tegulis-

183 1963 297 2021 que
321 1953 375 1998 et
399 1941 624 1998 facibus
654 1953 1117 2017 propugnatores
1141 1943 1475 2001 deturbant.

1147 2160 1211 2209 14,
1261 2162 1334 2204 64.
1383 2177 1438 2204 ac
1484 2164 1646 2215 puella
1698 2169 1784 2207 ele.
1867 2163 2031 2208 :Ges-m.

1142 2235 1182 2261 c.
1207 2219 1277 2263 35.
1299 2235 1355 2266 ac
1372 2220 1529 2272 primo
1551 2227 1636 2262 etc.

1199 2278 1357 2319 obices.
1417 2275 1492 2319 Sic
1504 2275 1744 2320 MS.F10r.
1766 2277 1884 2332 (test.
1900 2278 2034 2337 Vici.)

1141 2333 1243 2377 edd.
1267 2334 1381 2390 Spir.
1410 2332 1532 2376 Pich.
1558 2333 1694 2377 Grut.
1717 2349 1818 2392 sqq.
1847 2363 1909 2372 —
1950 2340 2032 2380 ob·-

1140 2391 1246 2434 iices
1271 2390 1371 2433 Ms.
1395 2388 1549 2434 Guelf.
1565 2390 1680 2435 edd.
1704 2390 1808 2435 Put.
1835 2392 1905 2435 Μ.
1926 2394 2030 2439 Alc.

235 2162 508 2218 gladiisque.
572 2159 758 2204 Amicus
780 2157 940 2218 Ryckii
964 2175 1071 2203 con·

177 2221 357 2266 iiciebat
407 2219 726 2272 dolabrisque,
787 2217 889 2316 quia
937 2218 1071 2273 gladii

147 2285 151 2292 ’
176 2279 327 2322 minus
351 2294 372 2320 a
408 2276 440 2320 ti
462 2276 689 2333 adportas
714 2290 792 2332 per
815 2275 1069 2331 ringendas.

178 2336 267 2380 Sed
288 2335 384 2393 Ryc
418 2334 635 2393 iusvrecte
659 2332 975 2376 animadvertit
1000 2348 1069 2374 ca·

178 2403 374 2439 stu-orum
399 2397 550 2448 portas
581 2389 795 2446 intelligi,
821 2405 947 2455 ‘quae
981 2389 1070 2431 sor·

177 2452 290 2496 sitan
323 2448 491 2506 gladios
516 2463 607 2490 non
632 2454 901 2504 spreverint.
960 2447 1070 2488 Mox

176 2509 249 2552 ed.
267 2508 385 2565 Spir.
412 2506 460 2545 V
457 2506 668 2547 elusium.

231 2567 321 2622 qui
336 2563 630 2607 restiterant.
687 2559 763 2607 Sic
785 2560 922 2604 MSS.
946 2559 1070 2604 Harl.

174 2623 311 2667 Bodl.
341 2621 483 2664 Corb.
519 2627 560 2662 et
592 2619 691 2661 edd.
731 2627 831 2662 ante
868 2617 1071 2661 Rhenau.

177 2690 220 2725 et
273 2678 436 2721 deinde
500 2676 603 2720 edd.
663 2676 788 2720 Pich.
846 2676 1067 2732 Bernegg.

177 2754 271 2797 sqq.
301 2764 359 2772 --
417 2735 519 2777 MS.
538 2734 660 2778 Flor.
687 2739 806 2786 (test.
820 2733 939 2776 Viet.
964 2749 1070 2776 curn

177 2794 326 2848 Pich.)
374 2793 682 2834 resisterunt..
764 2791 873 2834 lnde
917 2800 1068 2832 ortum

176 2860 242 2895 est
271 2851 570 2900 resisterent,
603 2848 726 2906 quod
755 2848 910 2891 serunt
932 2847 1069 2890 MSS.

174 2907 328 2953 Guelf.
372 2907 454 2950 les.
493 2905 609 2949 Bud.
654 2905 755 2950 edd.
787 2904 930 2949 Rheu.
965 2905 1068 2947 Ald.

174 2966 296 3024 Lips.
318 2962 456 3007 Grut.

232 3022 370 3066 vacui
396 3020 512 3078 fuit.

197 3082 278 3124 uit.

162 3082 205 3139 f
230 3136 344 3181 CAP.
369 3134 442 3177 80.
500 3135 569 3176 Ac
593 3147 768 3176 rursus.
828 3134 904 3177 Sic
932 3133 1065 3177 MSS.

174 3203 217 3238 et
240 3202 347 3238 vett.
371 3189 497 3241 edd„
529 3189 610 3233 nisi
635 3191 756 3248 quod
777 3191 1065 3235 eMS.Corb.

173 3250 403 3296 Broterius
470 3248 622 3290 rotulit
644 3256 695 3289 αι
718 3262 902 3299 rursus,
943 3249 1064 3307 quod

173 3309 409 3354 ediderunt
478 3314 613 3347 rnest.
647 3304 772 3348 Brot.
808 3321 906 3363 sqq.
974 3304 1064 3347 Sed

172 3367 241 3411 vis
271 3362 536 3409 adversativa
563 3360 677 3403 inest
710 3363 841 3404 etiam
876 3363 1068 3419 particu-

172 3425 239 3468 lae
267 3438 347 3470 ae,
384 3434 498 3479 quae
526 3418 658 3461 simul
693 3419 925 3476 coniungit
957 3420 1063 3463 haee

173 3490 214 3523 et
247 3476 564 3539 praecedentia.
625 3474 936 3518 Necessitatem
974 3477 1059 3519 sal-

169 3547 260 3582 ten·
283 3533 483 3580 mutandi
503 3547 596 3575 uon
620 3532 760 3575 video.
820 3533 977 3577 cf.Au.
996 3537 1060 3583 11,

170 3599 241 3640 ⁹29.
271 3612 324 3636 uc
357 3596 508 3647 primo
535 3589 750 3632 Callistus
791 3599 905 3641 etc..;
961 3590 1052 3634 An.

581 3018 666 3063 Ed.
700 3018 816 3077 Spir.
868 3033 1068 3061 vacuum

1143 2447 1287 2491 Rhen.
1311 2446 1416 2490 Ald.
1441 2447 1561 2505 Lips.
1601 2475 1660 2485 --
1715 2450 1899 2495 obiicies
1932 2453 2032 2496 edd.

1142 2505 1244 2550 Put.
1270 2505 1329 2547 V.
1353 2505 1559 2549 Beroald.

1199 2570 1435 2605 mercatu:
1507 2562 1591 2606 Ed.
1622 2563 1740 2622 Spir.
1782 2572 2034 2614 mercatus.

1127 2612 1253 2662 ⁴Mox
1278 2621 1333 2662 de
1349 2635 1432 2662 usu
1454 2619 1696 2678 particulae
1718 2621 1839 2666 sies.
1860 2633 1956 2667 not.
1976 2626 2031 2667 ad

1143 2677 1233 2721 An.
1262 2681 1299 2725 1,
1318 2677 1389 2719 48.

1198 2739 1263 2777 od
1286 2737 1568 2776 mutandam
1579 2735 1748 2791 fidem.
1804 2731 1890 2781 Ed.
1910 2737 2027 2796 Spir.

1138 2796 1203 2833 od
1227 2794 1518 2839 natandum,
1555 2793 1719 2836 omissa
1743 2793 1878 2837 altera
1903 2811 2030 2841 voce.

1139 2848 1307 2891 Eadem
1329 2865 1430 2890 mox
1452 2851 1598 2892 milite
1620 2866 1702 2908 pro
1726 2853 1948 2897 militum.
2075 2848 2084 2851 γ’

1197 2907 1271 2948 illi
1298 2907 1522 2950 trabibus.
1588 2907 1822 2952 Ernestius
1849 2920 1934 2968 pro
1959 2911 2035 2954 illi

1139 2963 1239 3008 vult
1272 2964 1398 3005 illinc
1432 2963 1500 3006 vel
1531 2966 1657 3009 hinc.
1735 2965 1823 3008 sed
1862 2966 1902 3011 si
1945 2969 2029 3019 im,

1139 3019 1302 3078 quibus
1324 3022 1628 3078 compleverat
1651 3023 1902 3082 propinqua
1927 3041 2023 3068 nau-

1140 3082 1200 3120 ris
1224 3085 1337 3119 tecta
1352 3109 1365 3127 ‚
1405 3079 1723 3131 deturbarunt,
1762 3090 1858 3124 tum
1880 3097 1959 3140 per
1979 3097 2029 3126 se

1138 3133 1402 3189 intelligitur
1445 3136 1570 3177 illim:
1621 3152 1697 3179 eos
1752 3136 2025 3183 deturbasse.

1138 3194 1228 3234 Pro
1253 3193 1463 3234 trabibus
1489 3193 1694 3237 Heinsius
1725 3196 1915 3238 malebat
1948 3199 2024 3239 lu·

1135 3251 1337 3296 teribus.
1367 3248 1598 3296 Ernestius
1622 3251 1882 3309 lapidibus,
1922 3253 2024 3310 quia

1134 3309 1278 3349 trabes
1300 3308 1529 3361 quomodo
1555 3316 1640 3349 tam
1667 3311 1799 3367 longe
1820 3325 1843 3351 a
1866 3311 2026 3354 mititi-

1137 3366 1216 3406 bus
1241 3364 1417 3405 iactatae
1438 3364 1641 3407 sintvnou
1662 3366 1883 3409 videbant.
1932 3368 2022 3412 Sed

1133 3420 1329 3476 intellige
1350 3422 1494 3463 trabes
1515 3422 1618 3478 ipsis
1639 3422 1767 3464 tectis
1791 3423 1958 3467 avulsas
1979 3434 2022 3468 et

1131 3479 1176 3520 in
1211 3476 1486 3536 propinquos
1519 3478 1841 3537 interioresque
1865 3496 2022 3527 muros

1132 3534 1336 3578 deiectas.

1171 3591 1379 3647 facibus.
1438 3590 1522 3634 Ed.
1544 3591 1903 3650 Spinfaucibus.
