2138 4030
143 233 196 267 A.
216 229 268 265 U.
287 227 375 263 824.

144 276 198 310 Δ.
217 271 262 308 C.
313 274 370 307 ’11,

557 229 730 305 [ΑΒ.
780 229 854 290 v,
932 223 1130 288 CAR
1171 227 1266 323 {¹-
1298 230 1407 289 12.
1791 202 1915 288 '50⁵

63 365 130 421 in
155 362 452 435 sexaginta
477 360 686 435 pedeS,
739 357 896 429 inter
920 358 1139 414 devexa
1165 355 1231 411 in
1262 366 1537 433 centenos
1564 355 1920 434 vicenosque

66 449 518 506 attollebantur:
570 443 719 499 mira
746 442 936 517 specie
951 489 967 512 ‚
1022 462 1087 498 ac
1107 441 1318 517 procul
1343 440 1711 498 intuentibus
1733 460 1921 517 pareS.
1946 509 1964 517 -

63 534 182 591 alia
229 532 391 590 intus
446 529 684 585 moenia
746 527 938 600 regiae
997 526 1387 584 circumiecta.
1484 526 1921 604 'conspicuoque

62 617 295 692 fastigio
332 614 512 673 turris
538 609 804 670 Antonia
845 612 910 667 in
949 607 1239 668 honorem
1269 608 1358 669 M.
1386 604 1639 666 Antonii
1679 613 1754 669 ab
1794 611 1922 669 He-

64 705 211 761 rode
239 701 548 777 appellata.
1489 749 1494 754 .

233 784 372 845 XII.
429 784 745 858 Templum
784 782 848 837 in
890 783 1136 837 modum
1174 781 1323 836 arcis
1363 779 1707 855 propriique
1745 782 1921 852 muri,

67 874 270 930 labore
299 883 356 927 et
383 889 558 945 opere
590 879 725 924 ante
751 868 915 926 alios.
999 867 1157 940 ipsae
1189 865 1450 940 porticus
1475 865 1608 941 quis
1635 867 1920 941 templum

67 957 436 1017 ambiebatur
485 953 781 1027 egregium
835 952 1364 1027 propugnaculum.
1460 950 1596 1006 fons
1643 953 1921 1024 perennis

40 1126 41 1129 Ἴ
66 1062 282 1120 aquae,
318 1040 505 1096 cavati
530 1040 639 1095 sub
669 1049 824 1094 terra
849 1049 1107 1093 montes:
1155 1048 1211 1092 et
1237 1035 1496 1111 piscinae
1522 1035 1921 1114 cisternaeque

68 1126 370 1184 servandis
399 1125 708 1181 imbribus.
793 1118 1210 1197 praeviderant
1245 1120 1579 1176 conditores
1617 1140 1684 1176 ex
1725 1122 1921 1178 diver-

67 1214 235 1271 sitate
259 1231 495 1267 morum
523 1210 724 1265 crebra
755 1208 929 1263 bella.
1013 1207 1153 1261 inde
1181 1217 1387 1262 cuncta
1413 1206 1683 1281 quamvis
1711 1208 1922 1264 adver-

71 1318 167 1356 sus
206 1299 452 1370 longum
491 1294 819 1350 obsidium:
879 1303 935 1348 et
971 1312 1000 1346 a
1030 1289 1314 1366 Pompeio
1355 1291 1698 1365 expugnatis
1733 1303 1924 1350 metus

65 1395 240 1459 atque
268 1401 409 1439 usus
444 1381 723 1455 pleraque
750 1388 1167 1433 monstravere.
1260 1372 1458 1451 Atque
1482 1396 1589 1450 per
1614 1358 1921 1450 avaritiam

67 1467 534 1526 Claudianorum
560 1476 897 1537 temporum
925 1473 1120 1535 empto
1150 1461 1277 1517 iure
1304 1461 1618 1516 muniendi
1653 1473 1921 1531 struxere

67 1571 269 1610 muros
294 1551 359 1606 in
386 1569 526 1625 pace
558 1559 857 1623 tamquam
888 1548 962 1602 ad
990 1546 1239 1602 bellum:
1298 1564 1508 1619 magna
1550 1547 1820 1604 conluvie
1868 1561 1926 1606 et
1998 1612 2003 1616 Κ
2051 1529 2057 1535 .

68 1649 392 1695 ceterarum
443 1634 684 1691 urbium
738 1633 902 1688 clade
957 1631 1129 1688 aucti.
1230 1651 1370 1685 nam
1421 1632 1925 1705 pervicacissimus

68 1723 315 1800 quisque
339 1720 482 1776 illuc
508 1719 874 1794 perfugerat,
915 1736 1101 1792 eoque
1126 1716 1462 1773 seditiosius
1490 1718 1757 1789 agebant.
1808 1730 1927 1776 tres

123 1889 171 1929 in
196 1893 408 1930 centenos
431 1884 722 1938 vicenosque.
767 1881 844 1924 Sic
857 1879 958 1925 MS.
1031 1880 1119 1924 Iac.
1139 1879 1301 1934 Gron.)
1328 1880 1613 1929 ambibatur‚
1668 1880 1746 1926 Sic
1767 1886 1927 1927 antibo

66 1943 175 2000 Reg.
194 1940 646 2000 edd.Spir.Beroald.
670 1941 791 1995 (cum
815 1939 960 1981 silent.
1035 1939 1119 1983 Au.
1142 1939 1180 1988 5,
1199 1938 1241 1980 6.
1302 1937 1532 1980 Victorius
1565 1940 1780 1983 intactum
1815 1941 1928 1986 reli-

68 2002 211 2057 Viet.)
233 2000 332 2043 Alc.
356 1999 499 2042 Rhen.
523 2013 621 2055 sqq.
666 2022 721 2031 -
781 1997 827 2038 in
852 2011 955 2039 cen·
1035 1997 1130 2052 quit
1151 1995 1469 2050 ambiebatur,
1504 1995 1626 2052 quod
1649 1997 1799 2042 serunt
1823 1998 1928 2044 MS.

69 2068 204 2102 tenos
245 2071 422 2114 quoque
462 2056 620 2111 (altero
654 2070 847 2096 numero
879 2069 963 2095 ne-
1034 2052 1186 2096 Guelf.
1211 2052 1311 2094 edd.
1340 2051 1459 2109 Spir.
1485 2052 1588 2096 Put.
1614 2070 1716 2112 sqq.

67 2115 391 2216 ffec10)MSS.
406 2112 559 2156 Guelf.
577 2113 619 2167 (a
642 2112 784 2169 prima
807 2113 963 2166 manu)
1087 2110 1324 2165 perennis.
1387 2109 1486 2153 MS.
1499 2109 1655 2154 Guelf.
1676 2116 1927 2165 peremnis.

111 2174 190 2216 arl.
213 2173 348 2216 Bodl.
375 2172 458 2214 les.
486 2169 590 2212 edd.
613 2168 806 2213 PunM.
837 2177 881 2210 et
907 2168 959 2209 V.
1032 2167 1116 2210 Ed.
1142 2166 1258 2224 Spir.
1286 2169 1570 2220 perhemnt's.
1627 2169 1795 2213 Eadem
1826 2189 1932 2217 mox

65 2229 272 2274 Secunda
294 2244 454 2271 manus
476 2227 523 2270 in
543 2242 682 2284 marg.
708 2224 864 2269 Guelf.
884 2223 962 2267 ad-

67 2288 180 2331 didit
202 2289 408 2330 vicenos.
469 2284 568 2327 MS.
594 2283 711 2330 Bud.
739 2285 787 2325 in
806 2290 963 2325 cente·-

67 2359 243 2401 nosque
290 2343 479 2400 (omisso
527 2339 672 2383 altero
726 2341 959 2391 numero).

66 2401 167 2446 MS.
193 2401 334 2446 Corb.
353 2402 403 2443 in
425 2407 643 2442 centenas
667 2397 961 2451 vicenosque.

122 2459 431 2501 circumiecta.
493 2455 577 2497 Ed.
605 2454 725 2515 Spir.
757 2455 960 2497 circum-

67 2524 213 2559 vecta.
283 2515 393 2557 Mox
427 2514 532 2556 MS.
568 2511 718 2554 Gu‘elf.
760 2511 959 2563 comspz'-

68 2589 257 2630 cunque.
319 2569 494 2631 Copula
528 2585 614 2626 que
649 2571 774 2612 abest
807 2584 833 2610 a
865 2568 964 2611 MS.

67 2631 193 2676 Harl.

122 2690 170 2732 in
199 2692 442 2732 honorem.
499 2683 635 2728 MSS.
659 2682 810 2726 Guelf.
833 2679 958 2725 Harl.

66 2748 200 2791 Bodl.
224 2745 434 2790 les.Bud.
457 2745 507 2787 in
531 2745 726 2784 honore.
791 2742 839 2783 ln
857 2739 958 2781 MS.

66 2805 188 2848 Harl.
210 2802 407 2847 secunda
429 2817 590 2844 manus
622 2797 880 2842 emendavit
913 2798 960 2839 in

65 2865 306 2906 honorem.

126 2919 241 2963 CAP.
275 2918 342 2960 12.
402 2917 564 2958 labore
597 2920 644 2956 et
676 2926 828 2966 opere.
889 2910 965 2954 Sic

67 2977 171 3021 MS.
198 2975 316 3019 Bud.
350 2982 393 3016 et
426 2971 542 3015 inde·
564 2970 663 3014 edd.
690 2969 831 3012 Rhen.
856 2968 964 3010 Ald.

68 3050 190 3135 {5³2}-
203 3057 319 3147 (ζεῖ,
329 3034 522 3132 Ῑιζὲἵζιῗο
528 3035 787 3138 negvglgggl'
794 3026 961 3125 filgffrbl:

70 3148 203 3192 Bodl.
229 3148 305 3190 les.
327 3145 439 3203 Reg.
470 3145 581 3200 Agr.
607 3142 841 3198 edd.Spir,
858 3140 960 3182 Pul.

70 3208 138 3250 M.
164 3215 207 3249 et
218 3202 501 3259 V-Bneroald.
522 3203 644 3256 (cum
669 3199 815 3242 silent.
826 3197 962 3254 Vici.)

71 3274 114 3308 et
137 3261 314 3306 Aleiati.
371 3259 509 3302 Male.

128 3328 242 3363 (mee
284 3319 428 3362 alios.
508 3314 606 3359 MS.
652 3311 808 3356 Guelf.
854 3319 965 3355 ante

67 3382 204 3422 alias.

127 3437 258 3491 ipsae
288 3433 509 3488 porticus.
585 3428 669 3472 Ed.
701 3428 820 3485 Spir.
862 3431 963 3482 ipsa

65 3493 282 3550 porticus.
320 3490 400 3533 'At
421 3504 523 3531 mox
548 3488 662 3542 quis.

127 3549 436 3593 ambiebatur.
528 3545 633 3590 MS.
676 3545 801 3590 Flor.
847 3552 962 3601 (test.

1034 2241 1139 2268 cum
1175 2223 1311 2267 MSS.
1345 2224 1455 2282 Reg.
1492 2225 1630 2269 Corb.
1667 2227 1776 2284 Agr.
1814 2229 1930 2274 Bud.

1034 2282 1134 2325 edd.
1180 2281 1322 2325 Rhen.
1365 2282 1470 2325 Ald.
1513 2291 1558 2325 et
1600 2283 1736 2341 Lipsii
1783 2287 1928 2342 prima

1029 2342 1341 2394 providerant
1425 2356 1508 2394 pro
1577 2345 1929 2397 praeviderant,

1033 2397 1154 2454 quod
1183 2406 1320 2440 exstat
1345 2397 1391 2439 in
1414 2395 1684 2442 MS.Gue1f.
1708 2400 1808 2444 edd.
1825 2402 1927 2448 Put.

1033 2454 1101 2496 Μ.
1117 2462 1160 2518 et
1174 2453 1228 2495 V.
1247 2454 1455 2498 Beroald.
1482 2456 1604 2509 (cum
1628 2455 1927 2522 sileanviet.)

1036 2511 1200 2555 Alciat.
1235 2520 1277 2552 et
1300 2511 1438 2569 Lipsii
1468 2513 1794 2570 posterioribus
1825 2514 1927 2578 sqq.

1034 2569 1190 2611 Recte.
1253 2567 1312 2612 cf.
1344 2577 1442 2613 not.
1463 2570 1521 2612 ad
1547 2572 1636 2614 An.
1662 2573 1727 2621 11,
1754 2575 1798 2616 7.
1830 2583 1832 2586 ’

1088 2633 1244 2667 metus
1282 2633 1422 2681 atque
1461 2641 1588 2670 usus.
1659 2628 1779 2684 Quia
1822 2648 1929 2676 mox

1031 2683 1194 2726 iterum
1244 2684 1444 2740 sequitur
1500 2691 1664 2740 atque,
1721 2687 1927 2734 Heinsius

1031 2741 1214 2808 volebat
1241 2749 1399 2783 metas
1421 2757 1567 2797 aeque
1590 2759 1646 2784 ac
1665 2760 1795 2790 usus.

1031 2813 1141 2898 MS}
1165 2813 1366 2913 epdagiiir.
1391 2798 1693 2912 ἲιξὲιὶιιὲνιιιιεέἓ
1711 2819 1928 2907 ὀιζῗίΐνιιῗ.

1093 2920 1358 2956 ceterarum
1401 2916 1605 2958 urbium.
1675 2916 1751 2961 Sic
1793 2920 1930 2966 MSS.

1037 2969 1190 3012 Guelf.
1226 2969 1343 3013 Harl.
1376 2971 1506 3014 Bodl.
1541 2972 1625 3016 les.
1663 2974 1779 3018 Bud.
1823 2978 1928 3021 edd.

1035 3027 1138 3070 Put.
1184 3031 1304 3084 sqq.(
1347 3031 1468 3083 (cum
1515 3030 1692 3075 silentio
1727 3033 1933 3088 Victorii,

1036 3085 1281 3132 Pichenae,
1311 3084 1399 3128 lae.
1425 3085 1683 3145 Gronovii).
1722 3118 1783 3128 --
1839 3107 1930 3135 ex..

1035 3150 1246 3184 terarum
1284 3145 1638 3189 urbium-MSS.
1673 3147 1784 3206 Reg.
1817 3149 1932 3208 Agr.

1035 3198 1104 3241 ed.
1139 3199 1258 3257 Spir.
1307 3223 1363 3233 —
1430 3210 1708 3247 cunctarum
1745 3209 1933 3251 urbium

1034 3256 1137 3300 MS.
1164 3258 1304 3303 corb.

1079 3314 1501 3382 ‚perut‘cact'ssimum
1570 3316 1654 3361 Ed.
1689 3317 1805 3377 Spir.
1827 3335 1936 3372 per·-

1037 3385 1327 3415 vtcassamus.
1694 3393 1701 3398 ¹

1098 3432 1319 3483 agebant.
1379 3429 1483 3474 MS.
1501 3429 1656 3476 Guelf.
1683 3437 1934 3487 augebant.

1034 3485 1126 3588 ἐξὲξ
1153 3501 1184 3528 u
1207 3485 1354 3532 littera
1381 3497 1550 3551 puncto
1582 3493 1816 3551 supposito
1849 3510 1933 3540 no·-

1049 3571 1051 3574 ·
1131 3559 1170 3589 r.
