2138 4030
91 270 253 332 -74

1713 275 1743 309 Α
1779 273 1830 310 U.
1848 273 1932 310 82³.

1713 319 1764 354 A.
1782 317 1830 353 C.
1873 318 1934 355 70.

737 273 1441 336 HISTORIARUM

169 421 538 479 suppressu8‚
589 414 656 462 ut
691 416 922 478 tantum
958 404 1276 480 superioris
1313 403 1668 463 Germaniae
1705 409 2018 467 exercitum

169 488 484 555 descivisse
534 490 886 550 crederetur.
994 500 1123 546 tum
1160 491 1310 546 duos
1357 491 1626 547 omnium
1677 494 2018 551 mortalium

169 573 568 650 impudicitia,
617 575 885 648 ignavia,
930 573 1165 630 luxuria
1202 576 1547 632 deterrimos
1580 577 1744 634 velut
1776 579 1852 635 ad
1884 598 2019 653 per-

170 659 432 718 dendum
455 660 771 734 imperium
795 659 1051 716 fataliter
1077 659 1288 716 electos
1322 680 1447 717 non
1486 673 1721 720 senatus
1752 663 1932 720 modo
1963 674 2022 720 et

170 764 376 823 equeS,
418 745 551 822 quis
576 745 771 821 aliqua
796 765 937 819 pars„
959 755 1016 801 et
1050 763 1188 801 cura
1211 746 1299 802 rei
1331 746 1631 822 publicae,
1674 747 1774 803 sed
1808 748 2022 821 vulgus
2096 814 2102 834 θ

169 850 406 908 quoque
438 830 634 906 palam
669 839 972 901 maerere„
1035 849 1144 885 nec
1181 829 1296 886 iam
1331 831 1587 888 recentia
1622 851 1826 888 saevae
1862 833 2021 908 pacis

169 915 451 990 exempla,
484 915 585 971 sed
606 917 852 989 repetita
875 914 1170 972 bellorum
1194 915 1457 973 civilium
1485 917 1769 973 memoria
1795 927 2023 992 captam

169 1003 385 1060 totiens
419 1000 539 1057 suis
571 1000 920 1057 exercitibus
957 1001 1195 1067 urbem,
1235 1002 1563 1058 vastitatem
1594 1000 1824 1072 Italiae,
1864 1003 2023 1059 dire-

167 1087 402 1163 ptiones
435 1085 907 1160 provinciarum,
948 1081 1348 1155 Pharsaliam,
1387 1082 1700 1162 Philippos
1745 1098 1802 1143 et
1834 1085 2023 1144 Peru—

170 1173 317 1229 siam
353 1191 419 1227 ac
454 1169 786 1240 Mutinam,
849 1181 991 1227 nota
1037 1170 1410 1244 publicarum
1455 1171 1712 1227 cladium
1761 1172 2024 1242 nomina,

86 1316 94 1327 ,
168 1256 584 1334 loquebantur.
703 1276 888 1331 prope
931 1275 1197 1312 eversum
1242 1256 1476 1324 orbem,
1543 1257 1721 1313 etiam
1771 1277 1904 1313 cum
1948 1258 2023 1313 de

167 1341 505 1419 principatu
527 1340 682 1397 inter
703 1342 894 1402 bonos
920 1351 1257 1400 certaretur.
1340 1342 1442 1397 sed
1465 1342 1747 1398 mansisse
1769 1339 1837 1402 C.
1851 1340 2025 1412 Iulio,

171 1427 454 1484 mansisse
477 1423 724 1482 Caesare
749 1426 1016 1499 Augusto
1039 1426 1263 1482 victore
1299 1426 1638 1501 imperium:
1683 1446 2023 1484 mansuram

166 1513 349 1571 fuisse
377 1511 485 1568 sub
508 1510 792 1587 Pompeio
818 1510 1124 1588 Brutoque
1156 1531 1281 1567 rem
1314 1511 1632 1586 publicam.
1717 1532 1878 1569 nunc
1912 1532 2023 1587 pro

168 1594 417 1655 Othone
445 1617 522 1657 an
545 1617 654 1672 pro
678 1595 920 1654 Vitellio
959 1598 1025 1653 in
1059 1598 1276 1672 templa
1310 1597 1538 1653 ituros?
1600 1608 1877 1674 utrasque
1912 1597 2027 1652 im-

169 1684 298 1758 pias
317 1702 545 1757 preceS,
584 1693 833 1759 utraque
856 1684 1195 1739 detestanda
1220 1694 1355 1740 vota
1379 1683 1535 1737 inter
1557 1683 1735 1751 duoS,
1771 1703 2026 1759 quorum

171 1770 331 1825 bello
388 1769 580 1824 solum
635 1767 698 1823 id
752 1768 958 1838 scires,
1029 1769 1379 1824 deteriorem
1432 1768 1559 1823 fore
1613 1768 1718 1844 qui
1773 1767 2024 1827 vicisset.

170 1851 363 1912 Erant
391 1854 496 1930 qui
521 1851 950 1928 Vespasianum
985 1864 1041 1909 et
1078 1873 1239 1914 arma
1278 1849 1548 1910 Orientis
1579 1864 2026 1926 augurarentur.

174 1951 231 1996 et
256 1951 323 1997 ut
346 1940 542 2015 potior
569 1949 819 2015 utroque
843 1937 1268 2014 VespasianuS‚
1308 1938 1390 1995 ita
1415 1938 1640 1994 bellum
1666 1937 1829 1995 aliud
1854 1948 2027 2014 atque

234 2183 348 2228 CAP.
374 2183 444 2226 50.
480 2188 532 2225 ut
557 2189 759 2226 tantum.
787 2178 1068 2249 ¹MS.Guelf.

175 2250 226 2286 ut
249 2250 421 2285 tamen.

231 2316 297 2357 ad
335 2313 647 2368 perdendum.
729 2309 830 2353 MS.
863 2309 979 2353 Bud.
1025 2318 1068 2354 et

1138 2179 1240 2225 Put.
1264 2180 1332 2224 M.
1354 2187 1398 2223 et
1421 2179 1479 2223 V.
1503 2178 1714 2224 Beroald.
1737 2178 2026 2235 (cum'silent.

1140 2238 1283 2295 Vict.)
1307 2237 1409 2281 Alc.
1443 2245 1486 2280 et
1514 2237 1675 2280 deinde
1698 2237 1827 2280 Picb.
1849 2252 1945 2296 sqq.
1970 2265 2029 2274 --

1137 2296 1235 2339 suis
1256 2296 1428 2337 civibus
1450 2294 1552 2338 MS.
1575 2295 1690 2338 ssud.
1725 2301 1770 2337 et
1794 2295 1901 2338 inde
1924 2294 2027 2338 edd.

174 2371 283 2414 iude
316 2370 419 2414 edd.
453 2367 594 2411 Rhen.
619 2366 725 2410 Ald.
757 2370 822 2409 od
847 2368 1066 2420 partien-

175 2434 306 2473 dum.
383 2427 560 2485 Lipsius
595 2426 829 2468 revocavit
861 2428 927 2467 ad
953 2439 1065 2480 per-

175 2489 395 2537 dendum,
423 2483 545 2542 quod
569 2484 728 2526 ceteris
754 2482 880 2526 libris
901 2483 1032 2526 inest.

236 2559 420 2600 electos.
499 2553 705 2611 Intellige
740 2571 764 2596 a
802 2553 897 2596 fato
940 2562 982 2596 et
1019 2570 1067 2596 ex

179 2615 392 2656 omnibus
438 2611 722 2655 mortalibus,
822 2611 1067 2670 Perperam

178 2671 409 2714 Heinsius:
449 2677 652 2721 evectos,
694 2668 798 2726 quia
821 2670 947 2714 electi
973 2684 1066 2711 non

177 2729 267 2772 sint
293 2745 316 2771 a
339 2737 495 2770 senatu
513 2726 792 2786 populoque.

234 2812 354 2854 pars
378 2804 422 2839 et
446 2813 575 2840 cura.
634 2797 770 2841 Roth.
796 2813 842 2856 p.
866 2795 937 2840 86.
962 2796 1072 2839 haec

176 2857 313 2900 habet
352 2853 470 2897 inter
515 2854 634 2898 dicta
676 2872 756 2913 per
799 2852 995 2914 figuram*
1022 2853 1072 2896 ἓν

179 2912 446 2958 ὃιᾶὃυοῖν.
539 2911 639 2953 Non
683 2912 787 2956 satis
828 2921 975 2960 recte,
1025 2920 1075 2953 ut

178 2971 293 3015 mihi
334 2969 525 3012 videtur.
615 2969 734 3013 Pars
769 2970 834 3015 rei
868 2969 1071 3027 publicae

183 3038 249 3072 est
293 3027 377 3080 eis,
433 3026 481 3070 in
530 3041 722 3081 quorum
779 3044 915 3071 manu
971 3033 1072 3069 sunt

183 3084 422 3146 potestates
447 3083 511 3126 rei
537 3084 765 3139 publicae3
798 3100 912 3127 eura
939 3085 1002 3126 rei
1031 3099 1075 3140 p.

185 3153 252 3187 est
283 3143 346 3194 ei,
377 3142 448 3184 cui
483 3141 688 3193 interest,
719 3151 767 3184 ut
798 3160 868 3186 res
893 3141 1071 3200 publica

185 3201 303 3245 salva
336 3199 407 3244 sit.
482 3197 744 3253 Utrumque
779 3201 1072 3242 coniunctum

162 3259 282 3302 'esse
323 3256 453 3300 solet.
534 3254 616 3297 Ed.
649 3256 767 3309 Spir.
813 3266 855 3298 et·
889 3258 964 3298 rei
992 3271 1072 3309 pu.

182 3329 316 3359 cura.
377 3312 544 3355 Eadem
575 3327 679 3354 cum
712 3314 816 3355 edd.
838 3314 941 3357 Put.
973 3328 1074 3356 me-

184 3387 293 3416 rere
318 3386 403 3430 pro
426 3383 651 3411 maerere.

247 3437 438 3485 coptam
472 3428 652 3469 totiens.
711 3427 811 3470 MS.
844 3427 958 3470 Bud.
995 3443 1074 3469 ca-

186 3496 324 3544 ptam
347 3484 577 3542 quotiens.

247 3545 342 3588 suis
362 3542 657 3586 exet-cuibus.
701 3539 777 3584 Sic
798 3540 1078 3585 c0dd.MSS.

192 3603 320 3648 Flor.
344 3602 459 3656 (test.
475 3598 616 3657 Pich.)
637 3599 814 3655 aliique,
845 3598 1078 3656 cdd.Spir.

1139 2353 1343 2396 Rhenan.
1377 2368 1477 2410 sqq.
1517 2352 1572 2395 ad
1606 2351 1874 2413 Pichenam,
1925 2359 2027 2395 ante

1138 2426 1274 2469 quem
1335 2410 1426 2453 iam
1481 2410 1531 2454 Li
1567 2409 1657 2452 sius
1713 2408 2030 2454 animadvertit

1141 2469 1422 2511 exercitibus
1469 2483 1492 2509 e
1618 2466 1666 2511 S.
1704 2466 2030 2510 restituendum

1140 2543 1251 2570 esse.
1331 2525 1435 2569 MS.
1475 2523 1631 2568 Guelf.
1660 2540 1743 2583 pro
1773 2525 1869 2568 suis
1897 2523 2031 2567 habet

1139 2599 1258 2627 swe-

1196 2642 1445 2694 imperium
1462 2655 1477 2682 .·
1533 2653 1816 2682 mansuram
1859 2635 2031 2695 suls-se.

1137 2699 1220 2744 Ed.
1241 2697 1359 2796 δὲἰτ.
1383 2698 1632 2752 imperium
1654 2696 2028 2753 'nansuri'isua's-

1139 2770 1202 2799 se.
1309 2755 1434 2812 adem
1458 2757 1504 2796 in
1527 2756 1699 2809 templo
1726 2769 1809 2813 pro
1835 2754 1884 2796 in
1908 2761 2027 2797 tem-

1136 2816 1222 2869 pla
1235 2831 1250 2864 ,·
1277 2814 1554 2854 obtestando
1578 2828 1660 2871 pro
1682 2815 1975 2855 detestanda.

1153 2876 1155 2879 ”
1200 2873 1352 2912 solum
1375 2872 1423 2911 id
1446 2869 1603 2912 scires.
1662 2868 1739 2913 Sic
1758 2867 1866 2912 infr.
1893 2886 1935 2913 c.
1959 2868 2029 2913 57.

1145 2928 1299 2971 Scires
1323 2928 1459 2968 illum
1481 2959 1493 2971 .
1510 2959 1522 2970 .
1536 2957 1547 2968 .
1556 2926 1726 2982 fuisse.

1203 3000 1545 3053 Vespasianum
1581 3004 1626 3039 et
1654 3012 1793 3040 arma
1824 2995 1908 3039 052
1970 2997 2031 3041 cf.

1141 3056 1275 3100 Roth.
1307 3072 1351 3114 p.
1371 3056 1444 3098 46.

1200 3133 1572 3180 augurarentur.

1143 3190 1409 3240 guerentur.

1203 3262 1248 3298 et
1271 3263 1320 3296 ut
1340 3255 1511 3309 potior.
1571 3250 1784 3296 Ricldefs.
1816 3260 1958 3296 mutat
1987 3261 2032 3295 et

1145 3313 1191 3356 in
1216 3316 1314 3356 sed.
1360 3311 1508 3355 Male.v
1548 3311 1662 3353 Nam
1689 3309 1798 3353 nibil
1820 3310 1891 3353 hic
1912 3326 2035 3371 prae-

1147 3369 1409 3414 cedentibus
1448 3369 1708 3427 opponitur.
1767 3367 1838 3411 De
1874 3369 2034 3426 copula

1146 3435 1193 3468 et
1229 3427 1294 3469 sic
1324 3426 1464 3485 posita
1496 3427 1666 3468 dietum
1701 3433 1766 3467 est
1797 3424 1853 3467 ad
1877 3427 1966 3471 An.
1995 3431 2035 3479 1,

1153 3488 1217 3527 11.
1243 3508 1298 3516 —
1344 3485 1453 3527 Mox
1474 3483 1543 3526 ed.
1565 3481 1688 3540 Spir.
1713 3482 1849 3527 verba
1871 3482 1973 3539 legit
1993 3492 2038 3525 et

1148 3541 1382 3597 coniungit
1411 3541 1501 3586 sic:
1549 3542 1721 3582 clades.
1765 3539 2034 3582 Horrebam

1150 3607 1194 3643 et
1237 3601 1456 3655 ambigua
1502 3601 1559 3643 de
1593 3598 1641 3639 V
1635 3597 1881 3654 espa-nmis
1888 3599 2037 3654 filma

1631 3125 1734 3169 MS.
1761 3123 1916 3168 Guelf.
1948 3140 2032 3167 ar—
