2138 4030
169 167 286 204 AJJ.
301 165 387 201 824.

169 211 219 249 A.
239 210 287 248 C.
327 212 388 248 71·

558 166 738 230 LIB.
779 166 884 229 lv,
969 163 1167 228 CAP.
1203 167 1306 230 83.
1345 166 1446 230 84.
1806 147 1959 228 479‘

83 302 210 359 Illis
239 296 400 358 mare
421 299 788 367 secundum,
822 315 949 372 sors
981 295 1205 353 oraculi
1240 290 1401 352 haud
1436 296 1735 370 ambigua:
1780 298 1936 361 irent

84 386 580 460 simulacrumque
613 382 797 457 patris
829 381 922 439 sui
957 376 1336 451 reveherent,
1381 382 1598 440 sororis
1635 381 1935 460 relinque-

81 483 279 538 rent..
1660 464 1664 467 ”

252 549 586 612 LXXXIV.
673 547 754 607 Ut
791 548 1056 624 Sinopen
1096 569 1339 618 venere,
1391 563 1668 620 munera,
1718 573 1935 628 preceS,

82 641 360 699 mandata
392 636 543 709 regis
579 634 671 690 sui
699 631 1176 711 Scydrothemidi
1217 635 1505 708 adlegant.
1593 637 1696 712 qui
1731 658 1934 695 versus

83 725 296 794 animi,
338 724 517 778 modo
554 739 778 775 numen
811 740 1144 794 pavescere,
1182 722 1360 776 modo
1396 719 1577 776 minis
1615 723 1933 780 adversan-

82 813 156 870 tis
192 807 401 885 populi
436 805 672 873 terreri,
739 824 906 879 saepe
942 805 1114 861 donis
1150 805 1568 881 promissisque
1608 805 1934 878 legatorum

82 896 439 953 flectebatur.
524 886 722 966 Atque
754 890 992 945 interim
1034 890 1294 947 triennio
1333 902 1528 947 exacto
1558 888 1933 950 Ptolemaeus

83 1001 207 1038 non
234 978 528 1045 studium,
565 995 690 1030 non
723 994 922 1049 preces
958 976 1245 1034 omittere.
1333 975 1679 1049 dignitatem
1717 977 1946 1050 legato-'

82 1086 246 1135 rum,
309 1081 625 1119 numerum
670 1061 941 1128 navium,
1000 1061 1131 1116 auri
1164 1061 1399 1135 pondus
1432 1061 1696 1134 augebat.
1803 1074 1933 1120 tum

81 1147 280 1207 minax
327 1147 500 1204 facies
540 1141 1019 1222 Scydrothemidi
1059 1145 1330 1215 offertur,
1385 1165 1460 1201 ne
1500 1146 1787 1206 destinata
1822 1148 1933 1204 deo

80 1237 236 1294 ultra
260 1243 606 1288 moraretur.
693 1228 1083 1286 Cunctantem
1105 1230 1267 1286 varia
1293 1231 1582 1305 pernicies
1621 1231 1934 1308 morbique

84 1334 140 1379 et
165 1319 469 1377 manifesta
499 1315 836 1371 coelestium
869 1315 954 1370 ira
993 1315 1341 1392 graviorque
1376 1315 1441 1370 in
1478 1317 1601 1372 dies
1637 1316 1935 1390 fatigabat.

83 1409 358 1464 advocata
387 1402 667 1458 concione
694 1401 847 1456 iussa
877 1400 1169 1469 numiniS,
1212 1420 1347 1457 suos
1370 1398 1811 1478 Ptolemaeique
1842 1403 1938 1460 vi-

83 1511 210 1560 sus,
247 1486 582 1561 ingruentia
612 1486 766 1540 mala
805 1485 1060 1559 exponit.
1141 1486 1352 1559 vulgus
1390 1487 1688 1543 adversari
1720 1507 1934 1562 regem,

82 1576 347 1635 invidere
360 1567 525 1647 Aegy
530 1582 650 1646 pt0,
677 1570 792 1626 sibi
806 1581 1065 1627 metuere
1080 1571 1481 1648 templumque
1498 1572 1938 1632 circumsedere.

83 1820 220 1864 tionis
266 1818 556 1860 vehementer
597 1818 839 1866 simulent,
900 1831 973 1858 ce-

83 1888 204 1921 teros
247 1879 442 1925 adeant,
506 1876 617 1916 bene
657 1876 975 1928 polliceantur

82 1946 166 1979 etc.
235 1933 331 1990 lug.
358 1932 424 1980 28,
453 1937 494 1974 1.
522 1934 787 1985 praecepit,
815 1931 974 1974 omnis

81 2021 142 2029 --
171 1991 528 2045 adgrediuntur.
612 1988 765 2044 Quare
810 1988 971 2031 merito

84 2065 254 2093 revoco
272 2048 611 2102 praecepitque.
668 2046 756 2087 Per
777 2046 970 2087 sormam

81 2111 260 2150 adeant
297 2121 368 2147 res
407 2105 602 2147 iubetur.
691 2103 749 2146 cf.
783 2110 878 2145 not.
916 2103 970 2145 ad

86 2162 372 2276 Afflylt’hifhz.
442 2218 516 2261 sic
547 2218 646 2261 ms.
687 2215 835 2259 Guelf.
872 2215 971 2259 edd.

81 2276 259 2321 Puteol.
294 2292 391 2334 sqq.
429 2300 487 2307 —
555 2276 795 2330 Pythicum
832 2273 970 2316 MSS.

83 2337 202 2380 Flor.
239 2335 353 2389 (test.
384 2333 497 2375 Vict.
534 2348 639 2374 cum
670 2333 756 2373 lac.
784 2330 971 2374 Grono-

82 2394 177 2448 vio)
213 2392 320 2449 Agr.
355 2389 493 2434 Corb.
529 2390 669 2440 Eud„
712 2389 831 2445 quod
878 2404 972 2430 non

6 2479 9 2482 ⁴
81 2450 260 2494 videtur
295 2447 539 2491 absurdum
573 2463 683 2490 esse.
711 2470 767 2479 --
827 2446 971 2487 Pluti-

82 2523 187 2552 cum
214 2504 285 2550 ed.
305 2503 422 2562 Spir.

133 2565 417 2608 reveherent.
484 2560 707 2604 Edsput.
738 2559 795 2603 V.
833 2573 969 2602 reue-

78 2630 197 2666 rent.

138 2679 250 2724 CAP.
280 2679 353 2722 84.
430 2677 802 2733 Scydrothetm'di
835 2677 971 2717 adle-

78 2745 211 2793 gant.
271 2736 353 2779 Ed.
375 2735 496 2793 Spir.
529 2734 880 2776 Ciarochemadi
899 2746 969 2773 re·

79 2795 151 2850 gi.-
179 2797 216 2837 is
242 2801 349 2836 tunc
378 2793 714 2843 Sinopensibus
742 2793 968 2844 allegant.

79 2852 255 2910 Repetit
276 2850 384 2894 haee
408 2866 430 2891 e
459 2852 689 2907 superiore
717 2848 835 2890 loeo.

138 2923 301 2952 versus
329 2908 491 2950 animi.
561 2905 638 2948 Sic
668 2904 801 2948 MSS.
837 2904 965 2947 Flor.

79 2969 204 3022 (test'e
216 2964 406 3032 Ryckio)
435 2964 542 3021 Agr.
570 2962 707 3005 Corb.
725 2962 842 3005 Bud.
867 2961 969 3004 edd.

80 3025 200 3082 Spir.
223 3023 402 3080 Bipont.
423 3021 629 3064 oberlin.
658 3035 752 3077 sqq.
817 3018 968 3062 Victo·

77 3084 170 3125 rius
190 3081 406 3127 intactum
433 3078 608 3135 reliquit
634 3079 849 3118 diversus
869 3078 968 3118 ani·

78 3139 168 3190 mi,
197 3137 319 3194 quod
339 3144 471 3180 exstat
493 3137 540 3179 in
563 3135 662 3178 edd.
677 3134 851 3177 Puteol.
871 3148 967 3190 sqq.

81 3197 133 3239 ad
170 3196 452 3251 bipontinos.
489 3219 541 3228 --
603 3195 824 3234 adversus
857 3194 963 3232 ani-

81 3254 147 3295 mi
165 3252 265 3294 MS.
284 3250 363 3294 ies.
387 3278 444 3286 -·
481 3251 676 3293 diversis
699 3247 965 3291 aniun'MS.

78 3309 232 3353 Guelf.
268 3333 323 3338 —
375 3307 582 3351 Ceterum
609 3320 770 3348 versus
792 3312 842 3348 ut
865 3320 961 3348 sae-

78 3367 174 3423 pius
198 3366 360 3409 dicitur
385 3380 467 3421 pro
491 3377 702 3413 eversus,
735 3371 782 3405 ut
807 3366 896 3406 An.
923 3361 963 3409 3,

78 3424 145 3465 36.
169 3423 367 3469 abolitas
391 3425 512 3475 leges
538 3429 582 3461 et
595 3420 820 3474 funditus
855 3433 960 3461 ver.-

76 3495 182 3533 sas;
208 3480 250 3529 3,
273 3479 342 3524 34.
368 3479 596 3524 civitatem
630 3479 762 3522 verti.
818 3475 962 3536 igitur

1045 1832 1206 1860 versus
1229 1818 1382 1860 animi
1415 1817 1522 1867 erit,
1556 1819 1627 1862 cui
1660 1818 1838 1862 animus
1870 1827 1937 1864 est

1043 1877 1299 1931 ademptus,
1331 1878 1560 1925 bestat-et,
1591 1879 1816 1925 muthlos,
1845 1893 1938 1920 un·-

1042 1935 1288 1987 schlis'ssfg,
1333 1931 1511 1976 consilii
1546 1934 1692 1991 inops.
1779 1933 1933 1978 Ober-

1043 1989 1160 2032 linus
1193 2007 1287 2033 non
1321 1992 1422 2033 satis
1458 2001 1580 2034 recte
1613 1993 1936 2051 interpretatur

1042 2055 1280 2096 mutatus,
1316 2050 1565 2092 mutabilis.

1097 2131 1350 2159 numerum
1391 2120 1597 2162 navium.
1688 2119 1770 2167 Ed.
1813 2122 1934 2181 Spir-

1041 2189 1239 2216 numero
1271 2177 1478 2218 navium.
1511 2204 1575 2230 -·
1637 2178 1745 2221 Mox
1777 2182 1935 2226 eadem

1044 2233 1212 2290 pergit:
1255 2247 1317 2275 ne
1338 2235 1582 2275 destinata
1611 2239 1740 2278 ultra
1770 2254 1801 2280 α
1829 2242 1933 2289 deo,

1046 2292 1213 2333 omisso
1239 2292 1380 2334 verbo
1404 2302 1687 2336 moraretur.
1713 2317 1758 2328 --
1795 2313 1828 2338 a
1847 2299 1935 2340 deo

1045 2356 1180 2390 exstat
1205 2349 1336 2391 etiam
1361 2348 1406 2391 in
1435 2348 1569 2393 MSS.
1594 2350 1732 2394 Corb.
1755 2361 1798 2396 et
1820 2354 1933 2412 Agr.

1102 2420 1355 2473 morbique.
1414 2417 1494 2462 Ed.
1510 2419 1629 2478 Spir.
1656 2423 1838 2482 negligit
1859 2442 1934 2471 co·

1044 2475 1197 2532 pulam
1219 2491 1322 2532 que.

1099 2567 1145 2601 et
1190 2560 1461 2614 tnonifiesta.

1043 2617 1312 2672 manifesta.

1534 2562 1653 2606 MS.
1688 2526 1840 2611 Gueil.
1880 2582 1939 2612 ae

1097 2703 1393 2757 graviorque.
1474 2701 1558 2746 Ed.
1590 2704 1707 2762 Spir.
1739 2700 1934 2762 gradio)-

1041 2764 1194 2814 utque.
1245 2783 1299 2792 --
1363 2759 1501 2804 Mox:
1545 2766 1709 2816 vulgus
1754 2769 1935 2810 aduer-

1039 2819 1165 2858 sari.-
1194 2831 1355 2871 reges:
1383 2819 1566 2860 mittere
1588 2828 1676 2864 ete.
1697 2844 1755 2856 -·
1798 2838 1932 2878 reges

1041 2882 1175 2917 exstat
1200 2875 1331 2917 etiam
1355 2874 1403 2916 in
1426 2875 1558 2918 MSS.
1584 2876 1722 2923 Corb.
1751 2888 1795 2924 et
1815 2881 1927 2939 Agr.

1039 2955 1098 2963 —
1125 2932 1216 2974 Pro
1251 2935 1502 2975 aduersari
1533 2933 1741 2980 Muretus
1770 2929 1932 2983 et'Er-

1039 2990 1208 3032 nestius
1259 2989 1469 3032 volebant
1515 2995 1751 3038 aversari.
1836 2997 1926 3042 Sed

1040 3046 1100 3091 ef.
1125 3055 1220 3090 not.
1246 3047 1300 3090 ad
1326 3047 1414 3091 An.
1445 3050 1482 3098 l,
1501 3049 1571 3092 28.

1096 3131 1450 3175 circumsedere.
1509 3133 1586 3177 Sic
1613 3134 1750 3181 MSS.
1772 3137 1915 3182 Guelf

1039 3187 1161 3231 Harl.
1184 3188 1310 3232 ssodl.
1340 3189 1420 3230 les.
1449 3189 1550 3235 edd.
1580 3192 1698 3251 spir.
1725 3194 1827 3241 Put.
1849 3175 1922 3244 ΜΣ

1036 3254 1078 3288 et
1104 3245 1157 3287 V.
1181 3244 1387 3309 sseroald.
1412 3248 1534 3302 (eum
1557 3245 1627 3293 sil.
1652 3250 1785 3308 vict.)
1818 3271 1918 3314 sqq.

1033 3319 1137 3347 eum
1161 3301 1294 3368 ¹<¹P⁵i¹
1320 3303 1483 3360 prima.
1546 3306 1656 3351 Mox
1675 3307 1847 3367 Lipsius
1876 3323 1920 3357 et

1031 3368 1300 3418 poste-mores
1315 3360 1557 3408 'ediderunt
1582 3367 1919 3416 circumsidere.

1033 3417 1121 3461 Sed
1147 3433 1284 3476 aeque
1305 3418 1422 3462 bona
1446 3430 1509 3464 est
1535 3433 1660 3469 vetus
1681 3427 1916 3486 scriptura.

1034 3475 1091 3519 cf.
1112 3483 1208 3520 not.
1232 3476 1287 3521 ad
1305 3476 1396 3522 An.
1423 3478 1489 3531 15,
1513 3481 1553 3524 5.
