2138 4030
182 182 234 249 A.
254 201 414 248 utem.

183 255 234 292 A.
255 253 300 290 c,
354 256 412 291 π.

680 215 883 309 δ[ΑΒ.
919 215 994 279 V.

96 358 436 407 vanescunt.

1070 194 1261 280 CAP.
1299 221 1356 280 7.
1785 227 1952 290 .499

535 342 694 420 Ego,
750 346 899 404 sicut
935 347 1187 405 inclutas
1233 352 1537 424 quondam
1562 355 1762 413 ‘urbes
1811 358 1947 431 igne

95 433 331 490 coelesti
354 432 625 505 flagrasse
656 433 1070 502 concesserim,
1108 428 1408 503 ita-halitu
1441 436 1601 495 lacus
1637 440 1798 498 infici
1826 453 1948 499 te'r-

94 537 253 587 ram‚
295 516 596 591 corrumpi
630 517 999 591 superfusum
1034 518 1333 592 spiritum,
1375 539 1559 597 eoque
1595 525 1748 584 fetus
1784 547 1947 602 sege-

94 613 222 660 tum
271 612 328 659 et
380 601 654 658 autumni
704 613 1034 676 putrescere
1087 623 1222 660 reor
1277 604 1403 660 solo
1456 608 1735 686 coeloque
1785 612 1947 670 iuxta

94 687 278 762 gravi.

371 683 454 743 Et
492 685 673 743 Belus
707 687 895 742 amnis
938 685 1179 744 Iudaico
1221 689 1372 744 mari
1414 689 1728 752 inlabitur:
1795 698 1948 754 circa

94 773 262 830 cuius
302 791 370 828 os
417 772 597 829 lectae
645 791 857 828 arenae
904 773 1164 831 admixto
1214 774 1371 830 nitro
1413 774 1478 830 in
1517 776 1738 836 vitrum
1777 802 1948 840 exco-

95 868 363 935 quuntur
376 879 389 913 :

94 955 271 1004 stum.

93 1194 208 1232 stam
232 1183 301 1229 sui
324 1184 498 1244 generis
526 1183 723 1226 formam
759 1199 810 1228 ac
835 1192 984 1227 matu-

91 1245 273 1295 ritatem
321 1250 425 1286 sunt
467 1241 694 1296 adsecuta)
735 1241 812 1293 iis,
873 1257 987 1296 quae

89 1302 226 1348 herba
246 1310 421 1344 tantum
444 1307 520 1341 aut
541 1299 652 1341 ssore
679 1306 809 1341 tenus
838 1299 986 1342 adole·

89 1375 216 1406 vere.
276 1358 422 1401 Docet
456 1356 595 1414 igitur
624 1355 819 1413 scriptor
847 1371 983 1413 quas-

90 1421 192 1463 dam
224 1415 475 1472 plantarum
509 1414 561 1456 ad
596 1412 757 1455 iustam
799 1413 983 1471 quidem

89 1473 327 1536 pervenire
362 1473 430 1516 sui
464 1469 639 1527 generis
673 1470 897 1526 speciem,
934 1479 983 1514 ut

87 1545 188 1579 tum
211 1539 332 1572 atrae
358 1538 401 1573 et
432 1527 589 1570 inanes
624 1526 750 1573 velut
779 1527 826 1571 in
856 1527 976 1572 eine-

86 1607 184 1636 rem
216 1593 484 1637 vanescant;
516 1584 646 1627 aliam
674 1600 782 1629 vero
807 1594 979 1643 partem

85 1656 261 1694 tantum
285 1644 422 1686 herba
447 1651 576 1685 tenus
602 1649 675 1684 aut
698 1641 811 1685 flore
834 1642 980 1686 adole·

85 1719 213 1751 scere
257 1711 299 1746 et
337 1701 485 1744 statim
534 1698 658 1742 velut
692 1698 739 1742 in
781 1699 980 1743 cinerem

87 1775 339 1807 vanescere.
440 1756 731 1800 Gutmannus
784 1756 981 1814 praefert

85 1819 396 1865 coniecturam
443 1813 673 1859 salmasii:
733 1828 818 1856 seu
861 1815 978 1856 soli..

83 1882 201 1922 dam
222 1876 272 1917 in
293 1873 495 1928 speciem
522 1873 784 1914 adolevere.
844 1871 978 1914 Prio-

83 1953 131 1979 ra
161 1935 294 1976 verba
330 1931 454 1973 idem
489 1929 594 1986 legit
627 1944 650 1970 e
679 1927 835 1973 codiee
864 1929 975 1986 Agr.

82 1996 176 2036 sive
233 1992 404 2032 herbae
468 1995 627 2030 tenues
659 1994 771 2032 aaut
805 1985 976 2042 flores.

82 2048 291 2093 Heinsius
361 2044 587 2088 malebat:
649 2044 857 2086 solidam
927 2045 977 2087 in

82 2122 230 2162 spem.
327 2103 539 2148 Ceterum
585 2100 640 2143 de
683 2116 732 2142 re
765 2100 822 2144 ef.
855 2100 974 2146 Cha..

82 2161 361 2212 teaubfiand,
385 2157 615 2202 Itineraire
636 2158 689 2200 de
708 2156 834 2201 Paris
858 2160 883 2200 h
903 2158 974 2200 Je-

81 2220 302 2268 rusalem,
332 2219 468 2261 Tom.
491 2216 550 2260 11.
582 2230 629 2273 p.
653 2214 752 2259 188.

137 2323 350 2366 inclutas.
410 2317 482 2359 De
510 2314 596 2358 scri
631 2322 733 2357 tura
768 2315 974 2358 vocabuli

81 2380 140 2426 cf.
174 2385 271 2421 not.
304 2375 359 2420 ad
386 2375 477 2417 An.
505 2373 545 2422 6,
567 2371 594 2414 3
625 2403 636 2414 .
721 2370 805 2414 Hic
834 2372 970 2416 MSS.

79 2434 354 2496 Agr2Corb.
391 2431 491 2475 edd.
518 2429 633 2485 Spir.
656 2428 842 2472 Piehen.
871 2446 969 2497 sqq.

78 2494 278 2540 inclitas.
366 2487 505 2531 MSS.
541 2487 663 2529 Flor.
699 2488 819 2542 (test.
851 2486 972 2532 V1ct.

78 2567 182 2601 cum
209 2548 421 2604 Piehena)
454 2545 535 2588 les.
559 2544 753 2586 indicas,
832 2544 970 2589 MSS.

76 2607 232 2655 Guelf.
258 2606 379 2649 Harl.
401 2603 533 2646 Bodl.
557 2601 658 2644 edd.
674 2599 849 2643 Puteol.
873 2618 971 2660 sqq.

78 2669 132 2712 ad
178 2664 424 2708 Piehenam
466 2659 694 2702 iudaicus.
729 2683 784 2690 —
844 2658 971 2702 Tril-

75 2725 194 2768 lerus
218 2722 265 2764 in
281 2718 498 2764 Observv.
519 2716 619 2760 crit.
648 2715 689 2766 3,
715 2718 783 2760 10.
814 2732 856 2774 p.
872 2717 969 2762 196.

75 2781 297 2827 coniectat
341 2779 570 2835 integra-3.
656 2773 745 2816 Sed
780 2772 968 2818 minime

74 2836 278 2897 poenitet
310 2834 515 2893 vulgatae
546 2831 815 2899 scripturae,
854 2848 967 2888 quae

76 2893 373 2940 confirmatur
396 2891 450 2933 ab
474 2887 654 2933 Orosio.
700 2888 799 2931 MS.
814 2887 966 2933 Guelf.

74 2968 160 3011 pro
195 2966 303 3018 ego,
345 2950 465 2993 sicut
488 2946 576 2989 fert
602 2954 647 2989 et
666 2948 797 2989 sabat.

68 3072 79 3094 x
132 3029 265 3108 igne:
310 3049 396 3094 Ed.
421 3047 540 3108 Spir.
565 3047 717 3102 ingane.
748 3070 803 3077 —
854 3047 966 3089 Mox

74 3109 194 3152 alita
219 3124 305 3179 pro
335 3107 507 3150 halitu.

131 3209 266 3266 infici.
325 3207 430 3252 MS.
465 3205 619 3249 Guelf.
657 3205 879 3262 ίηιειῇσίς
915 3205 963 3248 in

72 3267 273 3324 margine
296 3281 320 3308 a
343 3279 579 3308 sec.manu
602 3264 734 3319 infici.
751 3287 805 3294 —
839 3262 967 3305 Idem,

71 3340 157 3382 pro
191 3322 428 3376 corrumpi
454 3322 499 3364 in
543 3328 753 3363 contextu
789 3320 963 3363 exhibet

71 3381 308 3435 abrumpi,
350 3378 398 3422 in
430 3378 683 3435 margine'a
708 3393 798 3422 see.
823 3393 959 3420 manu

70 3439 326 3505 corrumpi3

125 3539 354 3581 autumni.
415 3535 500 3579 Ed.
524 3534 643 3594 Spir.
666 3538 872 3591 anemuri.

476 857 779 914 modicum
823 857 887 912 id
937 857 1078 915 litus
1132 869 1190 915 et
1246 860 1618 932 egerentibus
1662 862 1949 925 inexhau..

1118 1185 1286 1229 Belus.
1356 1183 1418 1230 cf.
1450 1185 1572 1230 Plin.
1611 1185 1668 1232 N.
1693 1186 1748 1232 H.
1772 1187 1844 1238 86,
1871 1190 1945 1234 26.

1058 1239 1158 1285 MS.
1181 1240 1330 1285 Guelf.
1355 1251 1396 1285 et
1419 1243 1524 1287 edd.
1551 1253 1653 1288 ante
1677 1244 1940 1291 Rhenanum

1058 1299 1248 1350 Bellus,
1279 1315 1386 1343 cum
1416 1301 1596 1344 silentio
1619 1300 1827 1348 Victorii.

1113 1413 1353 1457 inlabitur.
1436 1412 1513 1459 Sic
1546 1414 1649 1459 MS.
1680 1417 1718 1460 F
1719 1416 1804 1463 lor.
1838 1427 1950 1464 teste

1056 1470 1281 1514 victorio.
1304 1498 1364 1507 --
1415 1473 1627 1516 illabitur
1660 1473 1765 1519 MS.
1794 1475 1964 1543 Guelfg

1054 1537 1097 1572 et
1116 1528 1334 1572 editiones
1364 1538 1551 1574 veteres.

1110 1645 1271 1685 lectae.
1359 1642 1438 1686 Sic
1474 1643 1611 1689 MSS.
1656 1645 1780 1691 Flor.
1828 1650 1947 1705 (test.

1056 1699 1173 1743 vict.
1211 1716 1316 1743 eum
1355 1699 1571 1755 Pichena)
1613 1694 1727 1763 Reg.
1764 1706 1950 1753 Fames.

1053 1756 1192 1801 Corb.
1216 1757 1325 1814 Agr.
1359 1758 1428 1801 ed.
1463 1758 1605 1816 Spin,
1649 1763 1770 1806 unde
1802 1763 1849 1806 in
1882 1765 1949 1808 lo-

1052 1831 1157 1858 cum
1209 1814 1413 1858 restituo.
1510 1817 1612 1862 MS.
1654 1818 1773 1864 Bud.
1814 1823 1948 1868 tecte.

1051 1871 1183 1915 MSS.
1212 1871 1363 1916 Guelf.
1391 1871 1518 1927 Harl.
1555 1874 1690 1920 Bodl.
1724 1877 1809 1922 les.
1841 1879 1945 1925 edd.

1049 1928 1229 1978 Puteol.
1245 1945 1342 1987 sqq.
1365 1931 1615 1984 coniectae,
1637 1934 1759 1990 quod
1772 1935 1822 1979 Li
1857 1935 1949 1981 sius

1049 1986 1241 2031 mutavit
1272 1987 1319 2029 in
1354 1990 1614 2039 conlectae.
1647 1990 1784 2049 idque
1814 1952 1949 2038 lindie

1051 2043 1278 2101 vulgatur.

1101 2159 1324 2200 admixto
1343 2160 1484 2203 nitro.
1543 2160 1621 2204 Sic
1644 2162 1746 2206 MS.
1766 2165 1876 2224 Reg.
1899 2175 1944 2212 et

1046 2215 1150 2257 edd.
1177 2214 1376 2259 Rhenan.
1399 2232 1498 2275 sqq.
1557 2218 1618 2262 cf.
1643 2219 1766 2265 Plin.
1788 2222 1862 2267 l.l.
1890 2249 1945 2259 -—-

1044 2273 1264 2314 admixto
1289 2276 1407 2316 vitro
1442 2275 1576 2319 codd.
1602 2275 1736 2321 MSS.
1763 2287 1806 2323 et
1837 2281 1943 2329 edd.

1045 2337 1146 2372 ante
1161 2329 1427 2373 Rhenanum
1442 2364 1454 2382 ,
1487 2333 1574 2375 nisi
1597 2335 1720 2391 quod
1740 2337 1811 2381 ed.
1823 2337 1954 2398 Spir..

1042 2384 1131 2429 fert
1153 2388 1394 2430 admixtio
1415 2391 1552 2434 υἱέι-ο.
1816 2420 1818 2422 -

1629 2505 1688 2550 cf.
1709 2505 1830 2555 Plin.
1854 2511 1884 2554 Ι.
1910 2513 1942 2558 l.

1043 2556 1221 2615 Ioseph.
1258 2559 1307 2602 Β.
1344 2559 1442 2604 Iud.
1483 2561 1526 2610 2,
1560 2562 1629 2606 17.
1724 2564 1940 2615 Bochart.

1042 2613 1222 2660 Hieroz.
1252 2616 1297 2668 2,
1320 2618 1360 2668 5,
1383 2617 1425 2661 9.

1100 2502 1335 2544 modicum
1362 2504 1412 2545 id
1429 2504 1556 2548 litus.

1099 2736 1146 2772 et
1169 2732 1474 2783 egerentibus.
1534 2733 1686 2782 Intell.
1715 2755 1932 2791 arenam.

1040 2788 1101 2830 cf.
1139 2786 1313 2845 Ioseph.
1352 2789 1383 2831 Ι.
1417 2787 1448 2831 l.
1535 2789 1780 2841 Rhenanus
1826 2816 1935 2844 cor-

1038 2852 1207 2887 rexerat
1231 2849 1314 2888 sed
1337 2850 1643 2899 egerentibus.
1701 2854 1935 2903 Ernestius

1038 2902 1302 2946 auctoritate
1334 2902 1546 2948 codicum
1568 2907 1705 2954 MSS.
1742 2921 1783 2956 et
1816 2927 1932 2961 vete-

1036 2974 1140 3002 rum
1163 2959 1413 3003 editionum
1435 2963 1628 3008 restituit
1650 2975 1708 3012 et.
1752 2971 1812 3016 cf.
1837 2984 1931 3019 not.

1038 3016 1094 3059 ad
1117 3018 1205 3059 An.
1234 3017 1364 3069 1‚‘13.

1093 3132 1450 3178 inexhaustum.
1533 3137 1589 3180 H.
1623 3156 1661 3184 e.
1695 3143 1816 3199 quod
1851 3159 1928 3186 ex-

1035 3187 1203 3231 hauriri
1242 3189 1413 3247 nequit.
1481 3193 1654 3240 Similia
1686 3208 1790 3242 sunt
1815 3199 1934 3246 Tae.-

1036 3244 1192 3290 Germ.
1230 3262 1267 3291 e.
1298 3248 1368 3291 ΞΟ.
1411 3251 1782 3298 inexhausta
1832 3274 1927 3310 pu-

1034 3305 1208 3347 bertas.
1268 3304 1381 3375 Agr.
1407 3321 1447 3350 c.
1468 3308 1540 3353 38.
1563 3312 1647 3353 vix
1668 3316 1931 3359 munimen-1

1034 3361 1095 3402 tis
1128 3367 1458 3406 coenatum
1486 3369 1695 3412 militem.
1746 3369 1925 3419 Sallust.

1036 3418 1128 3474 lug.
1152 3434 1194 3461 e.
1220 3418 1290 3462 91.
1322 3433 1471 3477 neque
1503 3432 1631 3468 metu
1654 3430 1922 3475 coercitum.

1033 3476 1100 3518 Id.
1135 3475 1227 3532 lug.
1270 3491 1308 3521 c.
1341 3477 1418 3522 43.
1451 3483 1666 3527 animum
1705 3486 1923 3532 invidum

1031 3534 1242 3587 gerebat.
1288 3571 1292 3576 .

1206 3591 1348 3653 lie
