2138 4030
50 460 92 481 ‘·
177 460 387 518 divites
422 476 603 517 seneS.

1729 240 1780 278 A.
1793 240 1846 280 U.
1857 238 1942 281 023.

1730 285 1782 320 A.
1798 286 1846 322 C.
1883 288 1942 324 70.

179 211 308 303 234
708 208 1463 305 ''HISTORIARUM

177 370 583 442 Pannoniam,
651 370 959 448 Poppaeus
1003 371 1282 430 Silvanus
1323 372 1680 431 Dalmatiam
1726 379 2026 449 tenebant,

690 460 790 515 sed
809 463 1173 533 'procurator
1206 460 1406 516 aderat
1437 457 1753 518 Cornelius
1786 459 2027 533 Fuscus.

175 546 380 620 vigens
415 554 627 612 aetate,
699 543 871 600 claris
906 543 1219 624 natalibus,
1303 545 1495 624 prima
1531 545 1770 604 iuventa
1813 548 2027 624 quietis

170 628 450 706 cupidine
493 629 855 685 senatorium
881 628 1152 683 ordinem
1179 641 1435 689 exuerat.
1508 631 1665 687 idem
1689 644 1798 706 pro
1829 630 2025 691 Galba

172 719 293 774 dux
339 714 607 771 coloniae
652 733 789 771 suae
827 733 1010 792 eaque
1044 733 1218 788 opera
1242 715 1728 789 procurationem
1763 718 2058 793 adeptu8‚-

171 801 453 876 susceptis
503 797 850 873 Vespasiani
906 798 1174 872 partibus
1213 796 1573 871 acerrimam
1627 802 1785 859 bello
1837 803 2022 860 facem

101 893 107 899 ‘
169 885 473 963 praetulit:
519 903 644 939 non
670 895 791 939 tam
813 883 1090 957 praemiis
1117 884 1518 958 periculorum
1545 904 1723 963 quam
1748 887 1889 963 ipsis
1914 908 2022 964 pe·-

167 972 372 1030 riculis
417 971 602 1026 laetus
644 989 752 1043 pro
788 968 959 1025 certis
995 981 1051 1026 et
1087 969 1232 1024 olim
1262 970 1445 1044 partis
1478 990 1663 1040 nova,
1725 973 2021 1047 ambigua,
2079 992 2082 995 ⁴

165 1057 444 1132 ancipitia
471 1054 743 1112 malebat.
829 1051 1020 1127 Igitur
1049 1066 1378 1115 movere-,et
1411 1067 1681 1132 quatere,
1725 1058 2019 1135 quidquid

164 1162 421 1220 usquam
455 1158 692 1211 aegrum
731 1139 910 1208 foret,
965 1140 1412 1212 adgrediuntur.
1500 1142 1748 1216 scriptae
1783 1143 1849 1198 in
1877 1141 2020 1200 Bri-

71 1213 78 1226 ¹
160 1227 425 1287 tanniam
460 1225 535 1281 ad
570 1225 1168 1300 quartadec11manOS‚
1220 1226 1285 1281 in
1307 1222 1659 1300 Hispaniam
1691 1229 1767 1283 ad
1797 1228 2020 1302 prima-

102 1305 105 1308 *
161 1333 272 1371 nos
304 1310 611 1388 epistolae,
657 1310 817 1386 quod
849 1321 1100 1388 utraque
1134 1310 1285 1384 legio
1313 1331 1422 1386 pro
1446 1307 1717 1382 Othone,
1773 1314 2017 1371 adversa

1119 1556 1252 1658 Ignidl.
1285 1557 1365 1601 les.
1395 1556 1498 1603 edd.
1532 1557 1635 1603 Put.
1662 1521 1730 1603 Μ.
1759 1566 1801 1603 et
1827 1559 1884 1604 V.
1908 1559 2011 1603 Ber.

1185 1631 1225 1658 c.

1176 1686 1382 1728 coloniae
1425 1701 1550 1730 suae.
1630 1687 1833 1747 intellige
1852 1698 1855 1701 ’
1877 1687 2013 1733 colo-

1117 1743 1242 1786 niam
1284 1742 1486 1787 Cornelii
1535 1745 1667 1789 Fusci
1716 1746 1760 1792 h.
1803 1752 1856 1790 e.'
1890 1747 2011 1790 unde

1118 1809 1212 1843 erat
1264 1800 1499 1847 oriundus.
1589 1802 1660 1846 De
1715 1803 1901 1846 nomine
1954 1820 2011 1848 ne

1116 1873 1327 1916 quaeras:
1390 1875 1484 1902 non
1531 1861 1652 1904 enim
1693 1860 1847 1905 omnia
1892 1860 2008 1904 scire

1114 1916 1221 1959 utile
1262 1925 1343 1960 est.
1416 1917 1619 1961 Fortasse
1653 1919 1815 1962 Noster
1845 1918 1901 1962 de
1930 1918 2012 1962 hac

1115 1990 1164 2018 re
1195 1972 1388 2029 amplius
1421 1974 1524 2018 dixit
1557 1976 1604 2018 in
1636 1976 1738 2020 libri
1763 1977 2006 2020 Annalium

1116 2030 1279 2076 decimi
1324 2031 1434 2076 sexti
1472 2042 1596 2091 parte
1630 2044 1848 2084 extrema,
1895 2049 2008 2091 quae

1115 2088 1262 2146 periit.
1325 2090 1482 2148 Neque
1505 2098 1655 2134 tamen
1680 2091 1821 2135 silebo
1856 2090 1902 2134 in
1931 2091 2002 2134 ed.

1114 2145 1233 2204 Spir.
1256 2163 1348 2190 non
1372 2148 1466 2203 legi.
1478 2162 1591 2190 suae
1611 2150 1686 2192 sed
1708 2166 1794 2212 tuf.
1846 2148 2001 2203 Quare

1113 2214 1156 2247 et
1189 2203 1440 2261 Bipontinis
1476 2205 1521 2248 id
1552 2207 1820 2251 vocabulum
1843 2222 2000 2264 suspe-

215 1561 453 1614 Poppaeus
493 1555 733 1600 Silvanus.
821 1555 898 1600 Sic
945 1557 1048 1600 edd.

154 1621 244 1664 lae.
268 1617 413 1660 Gron.
440 1631 539 1673 sqq.
599 1614 806 1670 Poppeus
829 1614 1050 1657 Silvanus

152 1677 255 1721 edd.
291 1674 412 1718 Pich.
449 1673 667 1730 Bernegg.
697 1671 844 1714 Gron.
881 1672 1047 1728 (1672.)

148 1733 294 1793 Ryek.
320 1757 382 1769 --
438 1730 689 1784 Pompeius·
708 1729 930 1785 Syllanus
961 1730 1044 1783 (vel

149 1793 397 1841 Sullanus)
442 1789 576 1831 MSS.
620 1787 740 1831 Harl.
783 1787 916 1829 Bodl.
968 1787 1044 1830 les.

150 1849 302 1894 Guelf.
339 1847 440 1890 edd.
473 1846 576 1889 Put.
602 1846 703 1888 Ber.
740 1845 862 1900 (cum
895 1845 1043 1888 silent.

149 1908 290 1963 Vict.)
313 1921 413 1963 sqq.
438 1905 493 1948 ad
518 1903 644 1947 Pieh.
684 1931 743 1940 --
808 1903 1046 1956 Pompeius

146 1965 382 2022 sylvanus
408 1962 495 2018 (vel
513 1961 757 2014 Silvanus)
783 1959 919 2002 MSS.
935 1959 1045 2017 Reg.

147 2023 285 2066 Corb.
320 2021 430 2078 Agr.
464 2020 532 2062 ed.
565 2019 708 2076 Spir.,
750 2018 872 2075 quod
908 2017 1046 2060 edidit

143 2078 396 2126 Broterius.
484 2075 586 2119 MS.
631 2075 746 2119 Bud.
796 2075 1046 2130 Pompeius

142 2138 370 2184 Silianus.
433 2135 493 2178 cs.
529 2142 624 2177 not.
664 2133 718 2177 ad
750 2132 790 2185 3,
824 2134 892 2176 50.
926 2141 968 2175 et
1000 2133 1042 2184 4,

142 2196 215 2241 47.

198 2269 388 2310 aderat.
416 2262 518 2307 MS.
534 2259 672 2305 Corh.
695 2268 815 2305 erat.
842 2286 897 2295 -
928 2261 1038 2303 Mox

141 2326 213 2375 ed.
240 2323 360 2382 Spir.
386 2322 576 2375 ingens,
620 2318 791 2375 vulgari
814 2319 924 2364 vitio
950 2335 1033 2376 pro

139 2386 312 2438 vigens.
370 2379 539 2423 Eadem
562 2380 719 2420 clarus
742 2393 823 2434 pro
847 2379 1001 2419 clart‘s.

196 2467 359 2523 quietis
402 2464 624 2514 cupidine.
702 2459 779 2503 Sic
816 2460 949 2503 MSS.
992 2469 1034 2504 et

136 2533 245 2571 vett.
269 2523 369 2566 edd.
430 2520 595 2564 Grotio
623 2527 666 2562 et
688 2517 852 2560 Huetio
874 2528 1035 2561 auctoa

134 2584 260 2633 ribus
286 2577 516 2638 Bipontini
549 2576 786 2620 ediderunt
817 2583 1036 2630 quaestus

134 2641 378 2696 cupidine,
458 2651 594 2694 quam
667 2633 1031 2680 emendationem

166 2696 322 2742 raeivit
353 2695 480 2739 locus
508 2692 561 2735 de
583 2690 725 2733 Mella
747 2693 836 2734 An.
862 2691 929 2741 16,
962 2691 1029 2733 17.

150 2764 191 2798 *t
219 2770 323 2797 sane
348 2768 461 2811 quae
495 2750 549 2792 de
573 2750 721 2792 Fusco
756 2748 802 2789 in
833 2764 1031 2804 sequen-

132 2814 252 2862 tibus
290 2817 553 2857 narrantur,
596 2806 847 2864 inquietum
881 2806 1027 2862 potius

130 2867 327 2915 hominis
347 2866 574 2923 ingenium
595 2870 803 2918 arguunt.
863 2863 1027 2906 Melius

132 2928 265 2975 etiam
297 2924 511 2980 quaestui
537 2937 673 2979 quam
703 2920 852 2976 quieti
883 2935 1023 2967 voca-

129 2984 289 3034 bulum
329 2982 540 3035 cupidine
578 2976 811 3022 convenit:
867 2993 1027 3035 nempe

95 3072 97 3074 -
128 3040 296 3100 quietis
324 3052 489 3083 amore
519 3035 765 3081 dicendum
794 3034 931 3078 fuisse
958 3051 1024 3077 ar·

127 3101 290 3147 bitror.
372 3094 463 3137 Alii
512 3093 778 3136 obiecerunt
824 3100 1023 3134 mentem

126 3152 323 3202 hominis
355 3167 561 3195 successu
590 3149 804 3206 tempori-s
827 3147 1023 3207 potuisse

126 3210 309 3263 mutari.
367 3209 464 3254 Nee
483 3223 564 3263 ego
587 3207 831 3265 quidquam
856 3205 1024 3249 molior

128 3280 288 3317 contra
318 3276 521 3311 veterum
561 3264 783 3307 librorum
828 3279 1022 3308 consen-

126 3345 308 3444 sui‘gem
325 3408 414 3450 pro
430 3393 600 3438 Galba,
658 3390 734 3434 Sic
747 3390 882 3434 MSS.
896 3390 1018 3434 Flor.

125 3461 242 3514 (test.
269 3453 388 3497 Vict.
419 3465 525 3495 cum
550 3447 740 3506 Ryekio)
766 3448 1016 3515 Eud-'Agr-

121 3510 357 3570 edd.Spir.
371 3508 516 3552 Rhen.
531 3506 630 3549 Ald.
651 3520 745 3562 sqq.
780 3530 832 3537 --
872 3510 1032 3548 edem-⁴

34 3567 42 3577 ’
125 3588 212 3634 que
241 3584 334 3627 pro
367 3567 522 3615 Galba
554 3562 685 3609 MSS.
709 3562 864 3607 Guels.
891 3562 1013 3612 Harl,

1111 2270 1233 2305 ctum
1256 2262 1358 2306 fuit.

1165 2351 1378 2402 adeptus.
1439 2347 1541 2392 MS.
1567 2348 1705 2392 Corh.
1733 2356 1775 2392 et
1796 2349 1864 2391 ed.
1880 2348 1996 2407 Spir.

1104 2404 1275 2447 addunt
1299 2414 1382 2448 est.
2015 2409 2023 2422 ’

1157 2503 1244 2556 pso
1271 2491 1420 2533 certis.
1482 2490 1584 2534 MS.
1609 2489 1760 2535 Guels.
1782 2505 1873 2546 pro
1899 2509 1997 2536 cae·

1105 2553 1231 2589 tens.

1162 2634 1401 2686 anczyn'ta'a.
1461 2632 1539 2674 Sic
1563 2630 1699 2675 MSS.
1724 2631 1847 2676 Flor.
1882 2635 1994 2688 (test.

1105 2689 1240 2745 Vict.)
1265 2690 1379 2733 liud.
1404 2690 1504 2733 cdd.
1523 2689 1664 2732 Rhen.
1680 2691 1787 2734 Ald.
1811 2708 1831 2734 s
1865 2707 1912 2749 q.
1935 2715 1992 2725 -

1101 2754 1147 2788 et
1166 2749 1386 2801 ancipitia
1413 2747 1547 2791 MSS.
1564 2747 1754 2790 Broterii
1781 2757 1824 2791 et
1860 2750 1989 2792 welf.

1103 2804 1204 2848 edd.
1230 2805 1347 2863 Spir.
1372 2805 1475 2848 Put.
1500 2806 1567 2847 M.
1590 2813 1633 2847 et
1655 2805 1710 2849 V.
1734 2806 1835 2851 Ber.
1857 2807 1958 2851 Alc.

1156 2890 1389 2944 quidquid.
1469 2888 1545 2932 Sic
1587 2889 1689 2934 MS.
1720 2891 1842 2934 Flor.
1883 2900 1991 2939 teste

1100 2944 1320 2988 Victorio.
1347 2975 1406 2983 --
1447 2950 1655 3004 quicquid
1676 2949 1778 2994 edd.
1804 2951 1911 2997 velt.
1936 2977 1991 2986 -—

1097 3024 1132 3084 ᾳ
1162 3023 1196 3084 ᾳ
1229 3017 1325 3063 ms,
1356 3016 1506 3061 Guels.

1153 3102 1509 3155 adgrediuntur.
1579 3101 1655 3146 Sic
1689 3103 1823 3148 MSS.
1859 3106 1982 3158 Flor.

1096 3157 1390 3215 (test.·Pich.)
1428 3158 1537 3258 Rejg.
1569 3159 1695 3228 liarl.
1729 3161 1862 3207 Bodl.
1899 3164 1982 3210 les.

1096 3214 1250 3260 Guelf.
1276 3217 1391 3259 Bud.
1425 3215 1477 3258 ed
1515 3249 1526 3260 .
1550 3220 1668 3274 Spir-
1699 3217 1802 3263 Put.
1836 3221 1904 3266 M.
1940 3233 1983 3268 et

1096 3270 1151 3315 V.
1174 3282 1216 3315 et
1237 3273 1341 3316 dein
1371 3273 1496 3316 Pich.
1519 3273 1653 3333 Lipsii
1681 3284 1820 3334 postr.
1842 3278 1980 3325 Grut.

1093 3345 1218 3429 33¹..
1250 3332 1980 3436 ‘Z‘t'ffl‘ss‘ss‘1“i3;{‘ss‘{.¹{fss⁰³¹‘k³2¹⁶:

1089 3443 1180 3486 rius
1206 3404 1591 3504 galnlglgripmmm
1614 3423 1803 3492 eorreiit
1821 3409 1985 3494 ἱηιῗιιῖ-

1087 3505 1323 3556 greditur:
1367 3506 1412 3546 in
1444 3506 1547 3548 cod.
1570 3505 1688 3548 Flor.
1720 3505 1763 3547 id
1789 3508 1979 3554 verbum

1088 3560 1174 3618 legi
1194 3576 1385 3606 numero
1406 3560 1564 3620 plurali
1586 3578 1680 3605 non
1703 3564 1947 3613 adnotavit.
