<?xml version="1.0" encoding="UTF-8"?>
<!DOCTYPE html PUBLIC "-//W3C//DTD XHTML 1.0 Transitional//EN"
    "http://www.w3.org/TR/xhtml1/DTD/xhtml1-transitional.dtd">
<html xmlns="http://www.w3.org/1999/xhtml" xml:lang="en" lang="en">
 <head>
  <title>
</title>
<meta http-equiv="Content-Type" content="text/html;charset=utf-8" />
  <meta name='ocr-system' content='tesseract 3.04.00' />
  <meta name='ocr-capabilities' content='ocr_page ocr_carea ocr_par ocr_line ocrx_word'/>
</head>
<body>
  <div class='ocr_page' id='page_1' title='image "./operarecensuitet03taciuoft/operarecensuitet03taciuoft_0285.png"; bbox 0 0 2138 4030; ppageno 0'>
   <div class='ocr_carea' id='block_1_1' title="bbox 572 217 1938 307">
    <p class='ocr_par' dir='ltr' id='par_1_1' title="bbox 572 217 1938 307">
     <span class='ocr_line' id='line_1_1' title="bbox 572 217 1938 307; baseline 0.005 -7"><span class='ocrx_word' id='word_1_1' title='bbox 572 239 740 302; x_wconf 73' lang='lat' dir='ltr'><strong>Lm.</strong></span> <span class='ocrx_word' id='word_1_2' title='bbox 780 217 895 302; x_wconf 72' lang='lat' dir='ltr'><strong>HL‘</strong></span> <span class='ocrx_word' id='word_1_3' title='bbox 937 218 1163 300; x_wconf 67' lang='lat' dir='ltr'><strong>&#39;CAR</strong></span> <span class='ocrx_word' id='word_1_4' title='bbox 1207 235 1307 300; x_wconf 85' lang='lat'><strong>15.</strong></span> <span class='ocrx_word' id='word_1_5' title='bbox 1356 241 1451 302; x_wconf 88' lang='lat'><strong>16.</strong></span> <span class='ocrx_word' id='word_1_6' title='bbox 1813 245 1938 307; x_wconf 73' lang='lat'><strong>275</strong></span> 
     </span>
    </p>
   </div>
   <div class='ocr_carea' id='block_1_2' title="bbox 83 358 1938 435">
    <p class='ocr_par' dir='ltr' id='par_1_2' title="bbox 83 358 1938 435">
     <span class='ocr_line' id='line_1_2' title="bbox 83 358 1938 435; baseline -0.005 -3"><span class='ocrx_word' id='word_1_7' title='bbox 83 376 159 431; x_wconf 86' lang='lat' dir='ltr'><strong>ad</strong></span> <span class='ocrx_word' id='word_1_8' title='bbox 209 373 600 431; x_wconf 85' lang='lat' dir='ltr'><strong>muniendum</strong></span> <span class='ocrx_word' id='word_1_9' title='bbox 649 369 890 426; x_wconf 89' lang='lat' dir='ltr'><strong>retentis</strong></span> <span class='ocrx_word' id='word_1_10' title='bbox 935 368 1247 426; x_wconf 80' lang='lat' dir='ltr'>auxiliares</span> <span class='ocrx_word' id='word_1_11' title='bbox 1283 363 1551 427; x_wconf 84' lang='lat' dir='ltr'><strong>cohortes</strong></span> <span class='ocrx_word' id='word_1_12' title='bbox 1591 371 1654 428; x_wconf 87' lang='lat' dir='ltr'><strong>in</strong></span> <span class='ocrx_word' id='word_1_13' title='bbox 1693 358 1938 435; x_wconf 59' lang='lat' dir='ltr'><strong>Cremo..</strong></span> 
     </span>
    </p>
   </div>
   <div class='ocr_carea' id='block_1_3' title="bbox 91 238 397 332">
    <p class='ocr_par' dir='ltr' id='par_1_3' title="bbox 91 238 397 332">
     <span class='ocr_line' id='line_1_3' title="bbox 169 238 397 277; baseline -0.018 0"><span class='ocrx_word' id='word_1_14' title='bbox 169 241 221 277; x_wconf 72' lang='grc' dir='ltr'><strong>Α.</strong></span> <span class='ocrx_word' id='word_1_15' title='bbox 241 239 292 274; x_wconf 82' lang='lat' dir='ltr'><strong>u.</strong></span> <span class='ocrx_word' id='word_1_16' title='bbox 316 238 397 273; x_wconf 72' lang='lat'><strong>823.</strong></span> 
     </span>
     <span class='ocr_line' id='line_1_4' title="bbox 91 281 396 332; baseline -0.02 -13"><span class='ocrx_word' id='word_1_17' title='bbox 91 329 95 332; x_wconf 80' lang='lat'><strong>.</strong></span> <span class='ocrx_word' id='word_1_18' title='bbox 170 285 220 319; x_wconf 77' lang='lat' dir='ltr'><strong>A.</strong></span> <span class='ocrx_word' id='word_1_19' title='bbox 238 281 286 321; x_wconf 83' lang='lat' dir='ltr'><strong>c,</strong></span> <span class='ocrx_word' id='word_1_20' title='bbox 337 283 396 318; x_wconf 75' lang='lat' dir='ltr'><strong>w.</strong></span> 
     </span>
    </p>
   </div>
   <div class='ocr_carea' id='block_1_4' title="bbox 83 453 2079 534">
    <p class='ocr_par' dir='ltr' id='par_1_4' title="bbox 83 453 2079 534">
     <span class='ocr_line' id='line_1_5' title="bbox 83 453 2079 534; baseline 0 -18"><span class='ocrx_word' id='word_1_21' title='bbox 83 479 324 515; x_wconf 87' lang='lat' dir='ltr'><strong>nensem</strong></span> <span class='ocrx_word' id='word_1_22' title='bbox 361 477 565 531; x_wconf 83' lang='lat' dir='ltr'><strong>agrum</strong></span> <span class='ocrx_word' id='word_1_23' title='bbox 590 456 830 524; x_wconf 89' lang='lat' dir='ltr'><strong>missae,</strong></span> <span class='ocrx_word' id='word_1_24' title='bbox 873 465 940 511; x_wconf 87' lang='lat' dir='ltr'><strong>ut</strong></span> <span class='ocrx_word' id='word_1_25' title='bbox 976 453 1165 530; x_wconf 83' lang='lat' dir='ltr'><strong>specie</strong></span> <span class='ocrx_word' id='word_1_26' title='bbox 1201 454 1597 528; x_wconf 86' lang='lat' dir='ltr'><strong>parandarum</strong></span> <span class='ocrx_word' id='word_1_27' title='bbox 1633 460 1940 534; x_wconf 88' lang='lat' dir='ltr'><strong>copiarum</strong></span> <span class='ocrx_word' id='word_1_28' title='bbox 2000 507 2003 511; x_wconf 68' lang='grc'><em>,</em></span> <span class='ocrx_word' id='word_1_29' title='bbox 2075 482 2079 490; x_wconf 64' lang='lat'><strong><em>‘</em></strong></span> 
     </span>
    </p>
   </div>
   <div class='ocr_carea' id='block_1_5' title="bbox 79 538 1937 872">
    <p class='ocr_par' dir='ltr' id='par_1_5' title="bbox 79 538 1937 872">
     <span class='ocr_line' id='line_1_6' title="bbox 84 538 1937 619; baseline 0.001 -18"><span class='ocrx_word' id='word_1_30' title='bbox 84 545 247 601; x_wconf 86' lang='lat' dir='ltr'><strong>civili</strong></span> <span class='ocrx_word' id='word_1_31' title='bbox 278 543 493 619; x_wconf 88' lang='lat' dir='ltr'><strong>praeda</strong></span> <span class='ocrx_word' id='word_1_32' title='bbox 528 541 700 597; x_wconf 90' lang='lat' dir='ltr'><strong>miles</strong></span> <span class='ocrx_word' id='word_1_33' title='bbox 730 539 1110 599; x_wconf 83' lang='lat' dir='ltr'><strong>imbueretur.</strong></span> <span class='ocrx_word' id='word_1_34' title='bbox 1196 538 1318 613; x_wconf 89' lang='lat' dir='ltr'><strong>ipse</strong></span> <span class='ocrx_word' id='word_1_35' title='bbox 1341 557 1476 595; x_wconf 89' lang='lat' dir='ltr'><strong>cum</strong></span> <span class='ocrx_word' id='word_1_36' title='bbox 1498 551 1776 616; x_wconf 85' lang='lat' dir='ltr'><strong>quattuor</strong></span> <span class='ocrx_word' id='word_1_37' title='bbox 1797 546 1937 602; x_wconf 91' lang='lat' dir='ltr'><strong>mil-</strong></span> 
     </span>
     <span class='ocr_line' id='line_1_7' title="bbox 81 621 1933 706; baseline 0.001 -22"><span class='ocrx_word' id='word_1_38' title='bbox 81 629 238 685; x_wconf 81' lang='lat' dir='ltr'>libus</span> <span class='ocrx_word' id='word_1_39' title='bbox 278 628 542 704; x_wconf 83' lang='lat' dir='ltr'><strong>equitum</strong></span> <span class='ocrx_word' id='word_1_40' title='bbox 580 625 653 681; x_wconf 87' lang='lat' dir='ltr'><strong>ad</strong></span> <span class='ocrx_word' id='word_1_41' title='bbox 686 634 965 681; x_wconf 77' lang='lat' dir='ltr'><strong>octavum</strong></span> <span class='ocrx_word' id='word_1_42' title='bbox 994 644 1025 680; x_wconf 89' lang='lat' dir='ltr'><strong>a</strong></span> <span class='ocrx_word' id='word_1_43' title='bbox 1066 621 1352 679; x_wconf 76' lang='lat' dir='ltr'><strong>Bedriaoe</strong></span> <span class='ocrx_word' id='word_1_44' title='bbox 1394 643 1760 698; x_wconf 83' lang='lat' dir='ltr'><strong>progressuS‚</strong></span> <span class='ocrx_word' id='word_1_45' title='bbox 1814 651 1933 706; x_wconf 90' lang='lat' dir='ltr'><strong>quo</strong></span> 
     </span>
     <span class='ocr_line' id='line_1_8' title="bbox 79 709 1935 786; baseline -0.005 -16"><span class='ocrx_word' id='word_1_46' title='bbox 79 713 353 770; x_wconf 87' lang='lat' dir='ltr'><strong>licentius</strong></span> <span class='ocrx_word' id='word_1_47' title='bbox 387 711 829 786; x_wconf 76' lang='lat' dir='ltr'>popularentur.</span> <span class='ocrx_word' id='word_1_48' title='bbox 917 709 1345 784; x_wconf 79' lang='lat' dir='ltr'><strong>exploratore8‚</strong></span> <span class='ocrx_word' id='word_1_49' title='bbox 1385 719 1454 765; x_wconf 85' lang='lat' dir='ltr'><strong>ut</strong></span> <span class='ocrx_word' id='word_1_50' title='bbox 1484 729 1612 771; x_wconf 82' lang='lat' dir='ltr'><strong>mos</strong></span> <span class='ocrx_word' id='word_1_51' title='bbox 1647 722 1759 780; x_wconf 90' lang='lat' dir='ltr'><strong>est,</strong></span> <span class='ocrx_word' id='word_1_52' title='bbox 1800 712 1935 772; x_wconf 72' lang='lat' dir='ltr'><strong>lon-</strong></span> 
     </span>
     <span class='ocr_line' id='line_1_9' title="bbox 82 798 1314 872; baseline 0.005 -19"><span class='ocrx_word' id='word_1_53' title='bbox 82 799 212 872; x_wconf 83' lang='lat' dir='ltr'>gius</span> <span class='ocrx_word' id='word_1_54' title='bbox 237 798 540 855; x_wconf 81' lang='lat' dir='ltr'><strong>curabant.</strong></span> <span class='ocrx_word' id='word_1_55' title='bbox 1312 815 1314 817; x_wconf 83' lang='grc'><strong>’</strong></span> 
     </span>
    </p>
   </div>
   <div class='ocr_carea' id='block_1_6' title="bbox 81 879 1936 1562">
    <p class='ocr_par' dir='ltr' id='par_1_6' title="bbox 81 879 1936 1562">
     <span class='ocr_line' id='line_1_10' title="bbox 249 879 1934 965; baseline 0.002 -17"><span class='ocrx_word' id='word_1_56' title='bbox 249 879 414 953; x_wconf 76' lang='lat' dir='ltr'><strong>XVI.</strong></span> <span class='ocrx_word' id='word_1_57' title='bbox 501 890 727 965; x_wconf 85' lang='lat' dir='ltr'><strong>Quinta</strong></span> <span class='ocrx_word' id='word_1_58' title='bbox 770 892 953 948; x_wconf 87' lang='lat' dir='ltr'><strong>ferm-e</strong></span> <span class='ocrx_word' id='word_1_59' title='bbox 1009 884 1158 946; x_wconf 90' lang='lat' dir='ltr'><strong>hora</strong></span> <span class='ocrx_word' id='word_1_60' title='bbox 1207 888 1326 946; x_wconf 82' lang='lat' dir='ltr'><strong>diei</strong></span> <span class='ocrx_word' id='word_1_61' title='bbox 1374 901 1527 960; x_wconf 88' lang='lat' dir='ltr'><strong>erat,</strong></span> <span class='ocrx_word' id='word_1_62' title='bbox 1601 911 1733 948; x_wconf 90' lang='lat' dir='ltr'><strong>cum</strong></span> <span class='ocrx_word' id='word_1_63' title='bbox 1785 894 1934 952; x_wconf 85' lang='lat' dir='ltr'><strong>citus</strong></span> 
     </span>
     <span class='ocr_line' id='line_1_11' title="bbox 83 972 1935 1056; baseline -0.001 -20"><span class='ocrx_word' id='word_1_64' title='bbox 83 999 259 1056; x_wconf 80' lang='lat' dir='ltr'><strong>eques</strong></span> <span class='ocrx_word' id='word_1_65' title='bbox 297 979 613 1034; x_wconf 88' lang='lat' dir='ltr'><strong>adventare</strong></span> <span class='ocrx_word' id='word_1_66' title='bbox 646 972 872 1046; x_wconf 81' lang='lat' dir='ltr'><strong>hosteS,</strong></span> <span class='ocrx_word' id='word_1_67' title='bbox 924 975 1229 1050; x_wconf 84' lang='lat' dir='ltr'><strong>praegredi</strong></span> <span class='ocrx_word' id='word_1_68' title='bbox 1264 994 1510 1049; x_wconf 87' lang='lat' dir='ltr'><strong>paucos,</strong></span> <span class='ocrx_word' id='word_1_69' title='bbox 1551 988 1779 1042; x_wconf 81' lang='lat' dir='ltr'><strong>motum</strong></span> <span class='ocrx_word' id='word_1_70' title='bbox 1818 979 1935 1036; x_wconf 88' lang='lat' dir='ltr'><strong>fre-</strong></span> 
     </span>
     <span class='ocr_line' id='line_1_12' title="bbox 82 1055 1936 1140; baseline -0.005 -20"><span class='ocrx_word' id='word_1_71' title='bbox 82 1065 411 1139; x_wconf 88' lang='lat' dir='ltr'><strong>mitumque</strong></span> <span class='ocrx_word' id='word_1_72' title='bbox 453 1063 568 1119; x_wconf 90' lang='lat' dir='ltr'><strong>late</strong></span> <span class='ocrx_word' id='word_1_73' title='bbox 599 1062 790 1118; x_wconf 88' lang='lat' dir='ltr'><strong>audiri</strong></span> <span class='ocrx_word' id='word_1_74' title='bbox 828 1060 1142 1118; x_wconf 88' lang='lat' dir='ltr'><strong>nuntiavit.</strong></span> <span class='ocrx_word' id='word_1_75' title='bbox 1225 1060 1373 1115; x_wconf 85' lang='lat' dir='ltr'><strong>dum</strong></span> <span class='ocrx_word' id='word_1_76' title='bbox 1415 1055 1717 1118; x_wconf 85' lang='lat' dir='ltr'><strong>Antonius</strong></span> <span class='ocrx_word' id='word_1_77' title='bbox 1759 1064 1936 1140; x_wconf 87' lang='lat' dir='ltr'><strong>quid..</strong></span> 
     </span>
     <span class='ocr_line' id='line_1_13' title="bbox 82 1144 1935 1223; baseline 0.001 -18"><span class='ocrx_word' id='word_1_78' title='bbox 82 1170 222 1205; x_wconf 86' lang='lat' dir='ltr'><strong>nam</strong></span> <span class='ocrx_word' id='word_1_79' title='bbox 281 1150 571 1221; x_wconf 85' lang='lat' dir='ltr'><strong>agendum</strong></span> <span class='ocrx_word' id='word_1_80' title='bbox 639 1146 958 1215; x_wconf 85' lang='lat' dir='ltr'><strong>consultat,</strong></span> <span class='ocrx_word' id='word_1_81' title='bbox 1025 1144 1303 1200; x_wconf 85' lang='lat' dir='ltr'><strong>aviditate</strong></span> <span class='ocrx_word' id='word_1_82' title='bbox 1366 1146 1671 1202; x_wconf 84' lang='lat' dir='ltr'><strong>navandae</strong></span> <span class='ocrx_word' id='word_1_83' title='bbox 1724 1168 1935 1223; x_wconf 80' lang='lat' dir='ltr'><strong>operae</strong></span> 
     </span>
     <span class='ocr_line' id='line_1_14' title="bbox 81 1228 1935 1306; baseline -0.001 -15"><span class='ocrx_word' id='word_1_84' title='bbox 81 1234 297 1301; x_wconf 83' lang='lat' dir='ltr'><strong>Arrius</strong></span> <span class='ocrx_word' id='word_1_85' title='bbox 324 1231 518 1289; x_wconf 85' lang='lat' dir='ltr'><strong>Varus</strong></span> <span class='ocrx_word' id='word_1_86' title='bbox 554 1252 689 1288; x_wconf 90' lang='lat' dir='ltr'><strong>cum</strong></span> <span class='ocrx_word' id='word_1_87' title='bbox 720 1229 1172 1306; x_wconf 87' lang='lat' dir='ltr'><strong>promptissimis</strong></span> <span class='ocrx_word' id='word_1_88' title='bbox 1209 1228 1474 1305; x_wconf 88' lang='lat' dir='ltr'><strong>equitum</strong></span> <span class='ocrx_word' id='word_1_89' title='bbox 1509 1232 1783 1306; x_wconf 85' lang='lat' dir='ltr'><strong>prorupit</strong></span> <span class='ocrx_word' id='word_1_90' title='bbox 1820 1234 1935 1290; x_wconf 88' lang='lat' dir='ltr'><strong>im·-</strong></span> 
     </span>
     <span class='ocr_line' id='line_1_15' title="bbox 82 1314 1935 1394; baseline -0.005 -19"><span class='ocrx_word' id='word_1_91' title='bbox 82 1319 350 1394; x_wconf 89' lang='lat' dir='ltr'><strong>pulitque</strong></span> <span class='ocrx_word' id='word_1_92' title='bbox 389 1316 740 1375; x_wconf 84' lang='lat' dir='ltr'><strong>Vitellianos</strong></span> <span class='ocrx_word' id='word_1_93' title='bbox 779 1316 1013 1371; x_wconf 83' lang='lat' dir='ltr'><strong>modica</strong></span> <span class='ocrx_word' id='word_1_94' title='bbox 1057 1314 1258 1370; x_wconf 87' lang='lat' dir='ltr'><strong>caede:</strong></span> <span class='ocrx_word' id='word_1_95' title='bbox 1331 1333 1471 1369; x_wconf 87' lang='lat' dir='ltr'><strong>nam</strong></span> <span class='ocrx_word' id='word_1_96' title='bbox 1516 1315 1781 1389; x_wconf 89' lang='lat' dir='ltr'><strong>plurium</strong></span> <span class='ocrx_word' id='word_1_97' title='bbox 1827 1320 1935 1376; x_wconf 79' lang='lat' dir='ltr'><strong>ad-</strong></span> 
     </span>
     <span class='ocr_line' id='line_1_16' title="bbox 81 1398 1936 1477; baseline 0.001 -17"><span class='ocrx_word' id='word_1_98' title='bbox 81 1423 257 1461; x_wconf 88' lang='lat' dir='ltr'><strong>cursu</strong></span> <span class='ocrx_word' id='word_1_99' title='bbox 315 1421 478 1458; x_wconf 84' lang='lat' dir='ltr'><strong>versa</strong></span> <span class='ocrx_word' id='word_1_100' title='bbox 537 1403 770 1458; x_wconf 86' lang='lat' dir='ltr'><strong>fortuna</strong></span> <span class='ocrx_word' id='word_1_101' title='bbox 817 1412 873 1457; x_wconf 88' lang='lat' dir='ltr'><strong>et</strong></span> <span class='ocrx_word' id='word_1_102' title='bbox 915 1399 1231 1456; x_wconf 86' lang='lat' dir='ltr'><strong>acerrimus</strong></span> <span class='ocrx_word' id='word_1_103' title='bbox 1275 1398 1523 1474; x_wconf 88' lang='lat' dir='ltr'><strong>quisque</strong></span> <span class='ocrx_word' id='word_1_104' title='bbox 1566 1403 1936 1477; x_wconf 88' lang='lat' dir='ltr'><strong>sequentium</strong></span> 
     </span>
     <span class='ocr_line' id='line_1_17' title="bbox 81 1475 1934 1562; baseline 0.001 -18"><span class='ocrx_word' id='word_1_105' title='bbox 81 1488 251 1562; x_wconf 83' lang='lat' dir='ltr'><strong>fugae</strong></span> <span class='ocrx_word' id='word_1_106' title='bbox 305 1487 548 1544; x_wconf 87' lang='lat' dir='ltr'><strong>ultimus</strong></span> <span class='ocrx_word' id='word_1_107' title='bbox 590 1497 732 1545; x_wconf 90' lang='lat' dir='ltr'><strong>erat.</strong></span> <span class='ocrx_word' id='word_1_108' title='bbox 843 1505 950 1542; x_wconf 89' lang='lat' dir='ltr'><strong>nec</strong></span> <span class='ocrx_word' id='word_1_109' title='bbox 995 1495 1200 1561; x_wconf 88' lang='lat' dir='ltr'><strong>sponte</strong></span> <span class='ocrx_word' id='word_1_110' title='bbox 1243 1478 1496 1540; x_wconf 84' lang='lat' dir='ltr'><strong>Antonii</strong></span> <span class='ocrx_word' id='word_1_111' title='bbox 1538 1475 1934 1562; x_wconf 80' lang='lat' dir='ltr'><strong>properatum,</strong></span> 
     </span>
    </p>
   </div>
   <div class='ocr_carea' id='block_1_7' title="bbox 140 1732 970 1860">
    <p class='ocr_par' dir='ltr' id='par_1_7' title="bbox 140 1732 970 1860">
     <span class='ocr_line' id='line_1_18' title="bbox 141 1732 970 1789; baseline -0.002 -11"><span class='ocrx_word' id='word_1_112' title='bbox 141 1744 189 1778; x_wconf 79' lang='lat' dir='ltr'><strong>ut</strong></span> <span class='ocrx_word' id='word_1_113' title='bbox 212 1735 373 1789; x_wconf 76' lang='lat' dir='ltr'><strong>specie.</strong></span> <span class='ocrx_word' id='word_1_114' title='bbox 434 1732 646 1789; x_wconf 74' lang='lat' dir='ltr'><strong>E‹1.Sp3r.</strong></span> <span class='ocrx_word' id='word_1_115' title='bbox 668 1740 721 1773; x_wconf 81' lang='lat' dir='ltr'><strong>ut</strong></span> <span class='ocrx_word' id='word_1_116' title='bbox 744 1736 809 1774; x_wconf 82' lang='lat' dir='ltr'><strong>ad</strong></span> <span class='ocrx_word' id='word_1_117' title='bbox 826 1747 970 1787; x_wconf 77' lang='lat' dir='ltr'><strong>spem.</strong></span> 
     </span>
     <span class='ocr_line' id='line_1_19' title="bbox 140 1803 968 1860; baseline -0.004 -12"><span class='ocrx_word' id='word_1_118' title='bbox 140 1824 171 1848; x_wconf 86' lang='lat' dir='ltr'><strong>a</strong></span> <span class='ocrx_word' id='word_1_119' title='bbox 206 1807 451 1848; x_wconf 78' lang='lat' dir='ltr'><strong>Bedriaco.</strong></span> <span class='ocrx_word' id='word_1_120' title='bbox 528 1803 630 1847; x_wconf 88' lang='lat' dir='ltr'><strong>MS.</strong></span> <span class='ocrx_word' id='word_1_121' title='bbox 662 1803 772 1860; x_wconf 75' lang='lat' dir='ltr'><strong>Reg.</strong></span> <span class='ocrx_word' id='word_1_122' title='bbox 811 1819 836 1845; x_wconf 83' lang='lat' dir='ltr'><strong>e</strong></span> <span class='ocrx_word' id='word_1_123' title='bbox 874 1804 968 1846; x_wconf 88' lang='lat' dir='ltr'><strong>Be-</strong></span> 
     </span>
    </p>
   </div>
   <div class='ocr_carea' id='block_1_8' title="bbox 84 1865 261 1906">
    <p class='ocr_par' dir='ltr' id='par_1_8' title="bbox 84 1865 261 1906">
     <span class='ocr_line' id='line_1_20' title="bbox 84 1865 261 1906; baseline 0.006 -1"><span class='ocrx_word' id='word_1_124' title='bbox 84 1865 261 1906; x_wconf 74' lang='lat' dir='ltr'><strong>driaco.</strong></span> 
     </span>
    </p>
   </div>
   <div class='ocr_carea' id='block_1_9' title="bbox 85 1944 972 2119">
    <p class='ocr_par' dir='ltr' id='par_1_9' title="bbox 85 1944 972 2119">
     <span class='ocr_line' id='line_1_21' title="bbox 142 1944 972 1990; baseline -0.008 0"><span class='ocrx_word' id='word_1_125' title='bbox 142 1947 254 1990; x_wconf 74' lang='lat' dir='ltr'><strong>CM».</strong></span> <span class='ocrx_word' id='word_1_126' title='bbox 280 1946 348 1988; x_wconf 85' lang='lat'><strong>16.</strong></span> <span class='ocrx_word' id='word_1_127' title='bbox 393 1948 648 1987; x_wconf 76' lang='lat' dir='ltr'><strong>adventare</strong></span> <span class='ocrx_word' id='word_1_128' title='bbox 669 1945 837 1988; x_wconf 77' lang='lat' dir='ltr'><strong>hostes.</strong></span> <span class='ocrx_word' id='word_1_129' title='bbox 880 1944 972 1987; x_wconf 87' lang='lat' dir='ltr'><strong>Vo-</strong></span> 
     </span>
     <span class='ocr_line' id='line_1_22' title="bbox 85 2002 970 2061; baseline -0.003 -13"><span class='ocrx_word' id='word_1_130' title='bbox 85 2005 293 2049; x_wconf 80' lang='lat' dir='ltr'><strong>cabulum</strong></span> <span class='ocrx_word' id='word_1_131' title='bbox 335 2007 494 2046; x_wconf 76' lang='lat' dir='ltr'><strong>hostes</strong></span> <span class='ocrx_word' id='word_1_132' title='bbox 529 2002 575 2043; x_wconf 87' lang='lat' dir='ltr'><strong>in</strong></span> <span class='ocrx_word' id='word_1_133' title='bbox 610 2002 683 2044; x_wconf 86' lang='lat' dir='ltr'><strong>ed.</strong></span> <span class='ocrx_word' id='word_1_134' title='bbox 717 2002 834 2061; x_wconf 81' lang='lat' dir='ltr'><strong>Spir.</strong></span> <span class='ocrx_word' id='word_1_135' title='bbox 878 2018 970 2045; x_wconf 91' lang='lat' dir='ltr'><strong>non</strong></span> 
     </span>
     <span class='ocr_line' id='line_1_23' title="bbox 88 2062 266 2119; baseline 0 -15"><span class='ocrx_word' id='word_1_136' title='bbox 88 2062 266 2119; x_wconf 58' lang='lat' dir='ltr'><strong>legitur.</strong></span> 
     </span>
    </p>
   </div>
   <div class='ocr_carea' id='block_1_10' title="bbox 82 2144 973 2374">
    <p class='ocr_par' dir='ltr' id='par_1_10' title="bbox 82 2144 973 2374">
     <span class='ocr_line' id='line_1_24' title="bbox 137 2144 973 2201; baseline -0.002 -16"><span class='ocrx_word' id='word_1_137' title='bbox 137 2146 403 2201; x_wconf 73' lang='lat' dir='ltr'><strong>praegredi.</strong></span> <span class='ocrx_word' id='word_1_138' title='bbox 464 2144 567 2188; x_wconf 87' lang='lat' dir='ltr'><strong>MS.</strong></span> <span class='ocrx_word' id='word_1_139' title='bbox 596 2144 715 2187; x_wconf 78' lang='lat' dir='ltr'><strong>Bud.</strong></span> <span class='ocrx_word' id='word_1_140' title='bbox 739 2145 973 2198; x_wconf 78' lang='lat' dir='ltr'><strong>progredi,</strong></span> 
     </span>
     <span class='ocr_line' id='line_1_25' title="bbox 86 2201 972 2260; baseline -0.002 -14"><span class='ocrx_word' id='word_1_141' title='bbox 86 2203 257 2260; x_wconf 79' lang='lat' dir='ltr'><strong>vulgari</strong></span> <span class='ocrx_word' id='word_1_142' title='bbox 293 2202 575 2246; x_wconf 76' lang='lat' dir='ltr'><strong>confusione.</strong></span> <span class='ocrx_word' id='word_1_143' title='bbox 644 2202 733 2244; x_wconf 86' lang='lat' dir='ltr'><strong>Sed</strong></span> <span class='ocrx_word' id='word_1_144' title='bbox 763 2201 822 2243; x_wconf 87' lang='lat' dir='ltr'><strong>cf.</strong></span> <span class='ocrx_word' id='word_1_145' title='bbox 847 2201 972 2244; x_wconf 77' lang='lat' dir='ltr'><strong>Suet.</strong></span> 
     </span>
     <span class='ocr_line' id='line_1_26' title="bbox 84 2260 973 2315; baseline -0.007 -10"><span class='ocrx_word' id='word_1_146' title='bbox 84 2262 183 2304; x_wconf 76' lang='lat' dir='ltr'><strong>Tib.</strong></span> <span class='ocrx_word' id='word_1_147' title='bbox 209 2278 248 2303; x_wconf 87' lang='lat' dir='ltr'><strong>c.</strong></span> <span class='ocrx_word' id='word_1_148' title='bbox 272 2261 312 2302; x_wconf 87' lang='lat'><strong>7.</strong></span> <span class='ocrx_word' id='word_1_149' title='bbox 330 2262 521 2315; x_wconf 80' lang='lat' dir='ltr'><strong>pedibus</strong></span> <span class='ocrx_word' id='word_1_150' title='bbox 541 2267 638 2302; x_wconf 78' lang='lat' dir='ltr'><strong>toto</strong></span> <span class='ocrx_word' id='word_1_151' title='bbox 662 2260 828 2301; x_wconf 75' lang='lat' dir='ltr'><strong>itinere</strong></span> <span class='ocrx_word' id='word_1_152' title='bbox 835 2273 973 2312; x_wconf 81' lang='lat' dir='ltr'><strong>prae-</strong></span> 
     </span>
     <span class='ocr_line' id='line_1_27' title="bbox 82 2319 373 2374; baseline -0.007 -13"><span class='ocrx_word' id='word_1_153' title='bbox 82 2319 311 2374; x_wconf 74' lang='lat' dir='ltr'><strong>grediens.</strong></span> <span class='ocrx_word' id='word_1_154' title='bbox 363 2343 373 2359; x_wconf 52' lang='lat' dir='ltr'><strong>t</strong></span> 
     </span>
    </p>
   </div>
   <div class='ocr_carea' id='block_1_11' title="bbox 88 2354 973 2502">
    <p class='ocr_par' dir='ltr' id='par_1_11' title="bbox 88 2354 973 2502">
     <span class='ocr_line' id='line_1_28' title="bbox 145 2354 973 2443; baseline -0.002 -13"><span class='ocrx_word' id='word_1_155' title='bbox 145 2390 315 2431; x_wconf 68' lang='lat' dir='ltr'><strong>Varus.</strong></span> <span class='ocrx_word' id='word_1_156' title='bbox 371 2354 658 2430; x_wconf 27' lang='lat' dir='ltr'><strong>‘MS.Gue1&#39;f.</strong></span> <span class='ocrx_word' id='word_1_157' title='bbox 686 2394 728 2429; x_wconf 78' lang='lat' dir='ltr'><strong>et</strong></span> <span class='ocrx_word' id='word_1_158' title='bbox 761 2386 830 2430; x_wconf 73' lang='lat' dir='ltr'><strong>ed.</strong></span> <span class='ocrx_word' id='word_1_159' title='bbox 852 2386 973 2443; x_wconf 66' lang='lat' dir='ltr'><strong>spir.</strong></span> 
     </span>
     <span class='ocr_line' id='line_1_29' title="bbox 88 2443 659 2502; baseline -0.004 -14"><span class='ocrx_word' id='word_1_160' title='bbox 88 2448 292 2496; x_wconf 77' lang='lat' dir='ltr'><strong>Varrus,</strong></span> <span class='ocrx_word' id='word_1_161' title='bbox 323 2453 372 2487; x_wconf 84' lang='lat' dir='ltr'><strong>ut</strong></span> <span class='ocrx_word' id='word_1_162' title='bbox 395 2460 527 2502; x_wconf 87' lang='lat' dir='ltr'><strong>supra</strong></span> <span class='ocrx_word' id='word_1_163' title='bbox 552 2459 594 2487; x_wconf 77' lang='lat' dir='ltr'><strong>e.</strong></span> <span class='ocrx_word' id='word_1_164' title='bbox 615 2443 659 2486; x_wconf 89' lang='lat'><strong>6.</strong></span> 
     </span>
    </p>
   </div>
   <div class='ocr_carea' id='block_1_12' title="bbox 82 2516 622 2629">
    <p class='ocr_par' dir='ltr' id='par_1_12' title="bbox 82 2516 622 2629">
     <span class='ocr_line' id='line_1_30' title="bbox 137 2516 617 2572; baseline -0.01 -14"><span class='ocrx_word' id='word_1_165' title='bbox 137 2516 347 2572; x_wconf 79' lang='lat' dir='ltr'><strong>plurium</strong></span> <span class='ocrx_word' id='word_1_166' title='bbox 399 2517 617 2558; x_wconf 78' lang='lat' dir='ltr'><strong>adcursu.</strong></span> 
     </span>
     <span class='ocr_line' id='line_1_31' title="bbox 82 2575 622 2629; baseline -0.006 -14"><span class='ocrx_word' id='word_1_167' title='bbox 82 2576 309 2629; x_wconf 74' lang='lat' dir='ltr'><strong>proelium</strong></span> <span class='ocrx_word' id='word_1_168' title='bbox 332 2575 398 2614; x_wconf 79' lang='lat' dir='ltr'><strong>ad</strong></span> <span class='ocrx_word' id='word_1_169' title='bbox 417 2585 622 2613; x_wconf 78' lang='lat' dir='ltr'><strong>cursum.</strong></span> 
     </span>
    </p>
   </div>
   <div class='ocr_carea' id='block_1_13' title="bbox 41 2642 974 3038">
    <p class='ocr_par' dir='ltr' id='par_1_13' title="bbox 41 2642 974 3038">
     <span class='ocr_line' id='line_1_32' title="bbox 137 2642 493 2697; baseline -0.014 -11"><span class='ocrx_word' id='word_1_170' title='bbox 137 2645 279 2697; x_wconf 80' lang='lat' dir='ltr'><strong>fugae</strong></span> <span class='ocrx_word' id='word_1_171' title='bbox 294 2642 493 2682; x_wconf 78' lang='lat' dir='ltr'><strong>ultimus.</strong></span> 
     </span>
     <span class='ocr_line' id='line_1_33' title="bbox 83 2696 974 2752; baseline -0.009 -7"><span class='ocrx_word' id='word_1_172' title='bbox 83 2701 263 2746; x_wconf 73' lang='lat' dir='ltr'><strong>Bahrdt.</strong></span> <span class='ocrx_word' id='word_1_173' title='bbox 285 2699 446 2743; x_wconf 77' lang='lat' dir='ltr'><strong>volunt</strong></span> <span class='ocrx_word' id='word_1_174' title='bbox 459 2697 609 2751; x_wconf 79' lang='lat' dir='ltr'><strong>fugae</strong></span> <span class='ocrx_word' id='word_1_175' title='bbox 623 2698 820 2752; x_wconf 76' lang='lat' dir='ltr'><strong>primus.</strong></span> <span class='ocrx_word' id='word_1_176' title='bbox 868 2696 974 2738; x_wconf 88' lang='lat' dir='ltr'><strong>Per·</strong></span> 
     </span>
     <span class='ocr_line' id='line_1_34' title="bbox 41 2753 971 2818; baseline -0.006 -17"><span class='ocrx_word' id='word_1_177' title='bbox 41 2786 43 2790; x_wconf 35' lang='grc' dir='ltr'><strong><em>ι</em></strong></span> <span class='ocrx_word' id='word_1_178' title='bbox 85 2774 257 2818; x_wconf 80' lang='lat' dir='ltr'><strong>peram.</strong></span> <span class='ocrx_word' id='word_1_179' title='bbox 338 2755 454 2797; x_wconf 83' lang='lat' dir='ltr'><strong>Nihil</strong></span> <span class='ocrx_word' id='word_1_180' title='bbox 489 2756 609 2796; x_wconf 86' lang='lat' dir='ltr'><strong>enim</strong></span> <span class='ocrx_word' id='word_1_181' title='bbox 644 2755 690 2794; x_wconf 90' lang='lat' dir='ltr'><strong>in</strong></span> <span class='ocrx_word' id='word_1_182' title='bbox 731 2762 826 2795; x_wconf 82' lang='lat' dir='ltr'><strong>toto</strong></span> <span class='ocrx_word' id='word_1_183' title='bbox 869 2753 971 2796; x_wconf 86' lang='lat' dir='ltr'><strong>loeo</strong></span> 
     </span>
     <span class='ocr_line' id='line_1_35' title="bbox 87 2813 973 2873; baseline -0.005 -16"><span class='ocrx_word' id='word_1_184' title='bbox 87 2824 150 2861; x_wconf 81' lang='lat' dir='ltr'><strong>est</strong></span> <span class='ocrx_word' id='word_1_185' title='bbox 177 2813 297 2873; x_wconf 90' lang='lat' dir='ltr'><strong>quod</strong></span> <span class='ocrx_word' id='word_1_186' title='bbox 323 2813 591 2854; x_wconf 82' lang='lat' dir='ltr'><strong>acerrimum</strong></span> <span class='ocrx_word' id='word_1_187' title='bbox 617 2826 838 2868; x_wconf 81' lang='lat' dir='ltr'><strong>quemque</strong></span> <span class='ocrx_word' id='word_1_188' title='bbox 865 2818 973 2853; x_wconf 79' lang='lat' dir='ltr'><strong>tunc</strong></span> 
     </span>
     <span class='ocr_line' id='line_1_36' title="bbox 89 2868 971 2927; baseline -0.009 -10"><span class='ocrx_word' id='word_1_189' title='bbox 89 2874 234 2918; x_wconf 79' lang='lat' dir='ltr'><strong>subito</strong></span> <span class='ocrx_word' id='word_1_190' title='bbox 284 2868 632 2927; x_wconf 77' lang='lat' dir='ltr'><strong>trepidissimum</strong></span> <span class='ocrx_word' id='word_1_191' title='bbox 683 2869 848 2910; x_wconf 82' lang='lat' dir='ltr'><strong>sactum</strong></span> <span class='ocrx_word' id='word_1_192' title='bbox 903 2884 971 2910; x_wconf 89' lang='lat' dir='ltr'><strong>ar-</strong></span> 
     </span>
     <span class='ocr_line' id='line_1_37' title="bbox 78 2924 972 2982; baseline -0.006 -10"><span class='ocrx_word' id='word_1_193' title='bbox 78 2940 204 2982; x_wconf 58' lang='lat' dir='ltr'><strong>nual.</strong></span> <span class='ocrx_word' id='word_1_194' title='bbox 279 2927 432 2982; x_wconf 84' lang='lat' dir='ltr'><strong>Quare</strong></span> <span class='ocrx_word' id='word_1_195' title='bbox 468 2924 806 2967; x_wconf 78' lang='lat' dir='ltr'><strong>Strombeckius</strong></span> <span class='ocrx_word' id='word_1_196' title='bbox 842 2940 972 2981; x_wconf 83' lang='lat' dir='ltr'><strong>repu-</strong></span> 
     </span>
     <span class='ocr_line' id='line_1_38' title="bbox 89 2977 972 3038; baseline -0.008 -8"><span class='ocrx_word' id='word_1_197' title='bbox 89 2977 203 3029; x_wconf 62' lang='lat' dir='ltr'><strong>iliala</strong></span> <span class='ocrx_word' id='word_1_198' title='bbox 239 2984 422 3027; x_wconf 84' lang='lat' dir='ltr'><strong>illorum</strong></span> <span class='ocrx_word' id='word_1_199' title='bbox 446 2984 735 3038; x_wconf 74' lang='lat' dir='ltr'><strong>interpretum</strong></span> <span class='ocrx_word' id='word_1_200' title='bbox 762 2982 972 3037; x_wconf 76' lang='lat' dir='ltr'><strong>opinione</strong></span> 
     </span>
    </p>
   </div>
   <div class='ocr_carea' id='block_1_14' title="bbox 18 3038 972 3097">
    <p class='ocr_par' dir='ltr' id='par_1_14' title="bbox 18 3038 972 3097">
     <span class='ocr_line' id='line_1_39' title="bbox 18 3038 972 3097; baseline -0.012 -10"><span class='ocrx_word' id='word_1_201' title='bbox 18 3095 20 3097; x_wconf 66' lang='lat'>‚</span> <span class='ocrx_word' id='word_1_202' title='bbox 88 3042 259 3088; x_wconf 78' lang='lat' dir='ltr'><strong>censuit</strong></span> <span class='ocrx_word' id='word_1_203' title='bbox 287 3040 545 3097; x_wconf 72' lang='lat' dir='ltr'><strong>simpliciter</strong></span> <span class='ocrx_word' id='word_1_204' title='bbox 574 3039 646 3081; x_wconf 78' lang='lat' dir='ltr'><strong>hie</strong></span> <span class='ocrx_word' id='word_1_205' title='bbox 682 3038 872 3080; x_wconf 79' lang='lat' dir='ltr'><strong>describi</strong></span> <span class='ocrx_word' id='word_1_206' title='bbox 902 3054 972 3082; x_wconf 78' lang='lat'>01·-</span> 
     </span>
    </p>
   </div>
   <div class='ocr_carea' id='block_1_15' title="bbox 51 3096 974 3605">
    <p class='ocr_par' dir='ltr' id='par_1_15' title="bbox 51 3096 974 3605">
     <span class='ocr_line' id='line_1_40' title="bbox 91 3096 972 3155; baseline -0.008 -12"><span class='ocrx_word' id='word_1_207' title='bbox 91 3104 239 3143; x_wconf 83' lang='lat' dir='ltr'><strong>dinem</strong></span> <span class='ocrx_word' id='word_1_208' title='bbox 264 3098 599 3155; x_wconf 65' lang='lat' dir='ltr'><strong>fugientium‘ex</strong></span> <span class='ocrx_word' id='word_1_209' title='bbox 625 3113 670 3137; x_wconf 88' lang='lat' dir='ltr'><strong>re</strong></span> <span class='ocrx_word' id='word_1_210' title='bbox 691 3096 780 3152; x_wconf 78' lang='lat' dir='ltr'><strong>ipsa</strong></span> <span class='ocrx_word' id='word_1_211' title='bbox 803 3104 972 3139; x_wconf 84' lang='lat' dir='ltr'><strong>natum.</strong></span> 
     </span>
     <span class='ocr_line' id='line_1_41' title="bbox 51 3152 973 3214; baseline -0.005 -14"><span class='ocrx_word' id='word_1_212' title='bbox 51 3162 58 3168; x_wconf 64' lang='lat'><strong>⁴</strong></span> <span class='ocrx_word' id='word_1_213' title='bbox 88 3155 435 3214; x_wconf 79' lang='lat' dir='ltr'><strong>Explicationem</strong></span> <span class='ocrx_word' id='word_1_214' title='bbox 472 3152 640 3196; x_wconf 76' lang='lat' dir='ltr'><strong>addidit</strong></span> <span class='ocrx_word' id='word_1_215' title='bbox 670 3153 788 3195; x_wconf 81' lang='lat' dir='ltr'><strong>hisce</strong></span> <span class='ocrx_word' id='word_1_216' title='bbox 825 3152 973 3195; x_wconf 85' lang='lat' dir='ltr'><strong>verbis</strong></span> 
     </span>
     <span class='ocr_line' id='line_1_42' title="bbox 90 3210 973 3269; baseline -0.009 -11"><span class='ocrx_word' id='word_1_217' title='bbox 90 3221 381 3269; x_wconf 83' lang='lat' dir='ltr'><strong>conceptam:</strong></span> <span class='ocrx_word' id='word_1_218' title='bbox 420 3211 500 3254; x_wconf 84' lang='lat' dir='ltr'><strong>Da</strong></span> <span class='ocrx_word' id='word_1_219' title='bbox 523 3211 598 3251; x_wconf 75' lang='lat' dir='ltr'><strong>die</strong></span> <span class='ocrx_word' id='word_1_220' title='bbox 620 3224 771 3262; x_wconf 66' lang='lat' dir='ltr'><strong>ganza</strong></span> <span class='ocrx_word' id='word_1_221' title='bbox 800 3210 973 3264; x_wconf 75' lang='lat' dir='ltr'><strong>versal-</strong></span> 
     </span>
     <span class='ocr_line' id='line_1_43' title="bbox 77 3270 972 3326; baseline -0.007 -13"><span class='ocrx_word' id='word_1_222' title='bbox 77 3271 233 3326; x_wconf 36' lang='lat' dir='ltr'><strong>*gende</strong></span> <span class='ocrx_word' id='word_1_223' title='bbox 256 3270 440 3311; x_wconf 72' lang='lat' dir='ltr'><strong>Sclumr</strong></span> <span class='ocrx_word' id='word_1_224' title='bbox 467 3271 757 3317; x_wconf 74' lang='grc' dir='ltr'><strong>ιιηηυιιηάιε,</strong></span> <span class='ocrx_word' id='word_1_225' title='bbox 796 3281 847 3308; x_wconf 86' lang='lat' dir='ltr'><strong>so</strong></span> <span class='ocrx_word' id='word_1_226' title='bbox 871 3281 972 3307; x_wconf 82' lang='lat' dir='ltr'><strong>wa-</strong></span> 
     </span>
     <span class='ocr_line' id='line_1_44' title="bbox 89 3324 965 3375; baseline -0.008 -4"><span class='ocrx_word' id='word_1_227' title='bbox 89 3343 171 3371; x_wconf 82' lang='lat' dir='ltr'><strong>ren</strong></span> <span class='ocrx_word' id='word_1_228' title='bbox 201 3328 273 3367; x_wconf 79' lang='lat' dir='ltr'><strong>die</strong></span> <span class='ocrx_word' id='word_1_229' title='bbox 306 3341 386 3366; x_wconf 81' lang='lat' dir='ltr'><strong>am.</strong></span> <span class='ocrx_word' id='word_1_230' title='bbox 419 3324 656 3365; x_wconf 68' lang='lat' dir='ltr'><strong>‘tveifesten</strong></span> <span class='ocrx_word' id='word_1_231' title='bbox 680 3325 965 3375; x_wconf 58' lang='lat' dir='ltr'><strong>Vos-germa-</strong></span> 
     </span>
     <span class='ocr_line' id='line_1_45' title="bbox 89 3379 972 3434; baseline -0.003 -9"><span class='ocrx_word' id='word_1_232' title='bbox 89 3392 165 3426; x_wconf 69' lang='grc' dir='ltr'><strong>[οη</strong></span> <span class='ocrx_word' id='word_1_233' title='bbox 187 3385 432 3434; x_wconf 58' lang='lat' dir='ltr'><strong>munden</strong></span> <span class='ocrx_word' id='word_1_234' title='bbox 449 3382 729 3422; x_wconf 68' lang='lat' dir='ltr'><strong>I⁴&#39;le‘ehenden</strong></span> <span class='ocrx_word' id='word_1_235' title='bbox 754 3382 826 3421; x_wconf 81' lang='lat' dir='ltr'><strong>die</strong></span> <span class='ocrx_word' id='word_1_236' title='bbox 844 3379 972 3422; x_wconf 74' lang='lat' dir='ltr'><strong>Lecz-</strong></span> 
     </span>
     <span class='ocr_line' id='line_1_46' title="bbox 91 3439 973 3491; baseline -0.002 -10"><span class='ocrx_word' id='word_1_237' title='bbox 91 3448 190 3491; x_wconf 79' lang='lat' dir='ltr'><strong>ten,</strong></span> <span class='ocrx_word' id='word_1_238' title='bbox 216 3455 269 3482; x_wconf 69' lang='lat' dir='ltr'><strong>so</strong></span> <span class='ocrx_word' id='word_1_239' title='bbox 290 3441 380 3482; x_wconf 82' lang='lat' dir='ltr'><strong>wie</strong></span> <span class='ocrx_word' id='word_1_240' title='bbox 400 3441 471 3479; x_wconf 73' lang='lat' dir='ltr'><strong>die</strong></span> <span class='ocrx_word' id='word_1_241' title='bbox 494 3454 575 3479; x_wconf 81' lang='lat' dir='ltr'><strong>am</strong></span> <span class='ocrx_word' id='word_1_242' title='bbox 597 3439 847 3490; x_wconf 70' lang='lat' dir='ltr'><strong>wem&#39;gscen</strong></span> <span class='ocrx_word' id='word_1_243' title='bbox 861 3439 904 3478; x_wconf 89' lang='lat' dir='ltr'><em>V</em></span> <span class='ocrx_word' id='word_1_244' title='bbox 905 3453 973 3479; x_wconf 80' lang='lat' dir='ltr'><strong>or-</strong></span> 
     </span>
     <span class='ocr_line' id='line_1_47' title="bbox 89 3495 974 3548; baseline -0.001 -12"><span class='ocrx_word' id='word_1_245' title='bbox 89 3498 336 3548; x_wconf 71' lang='lat' dir='ltr'><strong>geriirkten</strong></span> <span class='ocrx_word' id='word_1_246' title='bbox 380 3502 514 3537; x_wconf 75' lang='lat' dir='ltr'><strong>anter</strong></span> <span class='ocrx_word' id='word_1_247' title='bbox 552 3499 643 3537; x_wconf 80' lang='lat' dir='ltr'><strong>den</strong></span> <span class='ocrx_word' id='word_1_248' title='bbox 686 3495 974 3539; x_wconf 70' lang='lat' dir='ltr'><strong>1⁴&#39;l1‘elmnder1</strong></span> 
     </span>
     <span class='ocr_line' id='line_1_48' title="bbox 92 3552 974 3605; baseline -0.002 -9"><span class='ocrx_word' id='word_1_249' title='bbox 92 3553 166 3605; x_wconf 71' lang='lat' dir='ltr'><strong>dle</strong></span> <span class='ocrx_word' id='word_1_250' title='bbox 189 3554 354 3598; x_wconf 52' lang='lat' dir='ltr'><strong>Ereta-11</strong></span> <span class='ocrx_word' id='word_1_251' title='bbox 386 3567 561 3595; x_wconf 73' lang='lat' dir='ltr'><strong>waren.</strong></span> <span class='ocrx_word' id='word_1_252' title='bbox 633 3553 694 3595; x_wconf 75' lang='lat' dir='ltr'><strong>lla</strong></span> <span class='ocrx_word' id='word_1_253' title='bbox 727 3559 767 3592; x_wconf 78' lang='lat' dir='ltr'><strong>el</strong></span> <span class='ocrx_word' id='word_1_254' title='bbox 800 3552 974 3603; x_wconf 74' lang='lat' dir='ltr'><strong>Ferlet.²</strong></span> 
     </span>
    </p>
   </div>
   <div class='ocr_carea' id='block_1_16' title="bbox 724 2512 975 2570">
    <p class='ocr_par' dir='ltr' id='par_1_16' title="bbox 724 2512 975 2570">
     <span class='ocr_line' id='line_1_49' title="bbox 724 2512 975 2570; baseline 0.004 -16"><span class='ocrx_word' id='word_1_255' title='bbox 724 2512 820 2555; x_wconf 74' lang='lat' dir='ltr'><strong>Ed.v</strong></span> <span class='ocrx_word' id='word_1_256' title='bbox 856 2512 975 2570; x_wconf 86' lang='lat' dir='ltr'><strong>Spir.</strong></span> 
     </span>
    </p>
   </div>
   <div class='ocr_carea' id='block_1_17' title="bbox 549 2638 976 2690">
    <p class='ocr_par' dir='ltr' id='par_1_17' title="bbox 549 2638 976 2690">
     <span class='ocr_line' id='line_1_50' title="bbox 549 2638 976 2690; baseline 0.002 -10"><span class='ocrx_word' id='word_1_257' title='bbox 549 2638 722 2681; x_wconf 81' lang='lat' dir='ltr'><strong>Ernest.</strong></span> <span class='ocrx_word' id='word_1_258' title='bbox 736 2671 748 2689; x_wconf 91' lang='lat'><strong>,</strong></span> <span class='ocrx_word' id='word_1_259' title='bbox 769 2638 976 2690; x_wconf 84' lang='lat' dir='ltr'><strong>Lamalle,</strong></span> 
     </span>
    </p>
   </div>
   <div class='ocr_carea' id='block_1_18' title="bbox 1043 1727 1936 3611">
    <p class='ocr_par' dir='ltr' id='par_1_18' title="bbox 1043 1727 1936 3611">
     <span class='ocr_line' id='line_1_51' title="bbox 1043 1727 1933 1781; baseline 0.008 -8"><span class='ocrx_word' id='word_1_260' title='bbox 1043 1729 1335 1780; x_wconf 82' lang='lat' dir='ltr'><strong>Ricklefsius,</strong></span> <span class='ocrx_word' id='word_1_261' title='bbox 1368 1727 1681 1781; x_wconf 78' lang='lat' dir='ltr'><strong>Gutmannus,</strong></span> <span class='ocrx_word' id='word_1_262' title='bbox 1709 1733 1933 1781; x_wconf 86' lang='lat' dir='ltr'><strong>Burnouf.</strong></span> 
     </span>
     <span class='ocr_line' id='line_1_52' title="bbox 1043 1786 1934 1848; baseline 0.007 -18"><span class='ocrx_word' id='word_1_263' title='bbox 1043 1788 1190 1830; x_wconf 80' lang='lat' dir='ltr'><strong>Miror</strong></span> <span class='ocrx_word' id='word_1_264' title='bbox 1210 1786 1367 1830; x_wconf 81' lang='lat' dir='ltr'><strong>Tacito</strong></span> <span class='ocrx_word' id='word_1_265' title='bbox 1394 1796 1484 1830; x_wconf 78' lang='lat' dir='ltr'><strong>tam</strong></span> <span class='ocrx_word' id='word_1_266' title='bbox 1516 1787 1720 1833; x_wconf 74' lang='lat' dir='ltr'><strong>inutilem</strong></span> <span class='ocrx_word' id='word_1_267' title='bbox 1750 1807 1934 1848; x_wconf 86' lang='lat' dir='ltr'><strong>operam</strong></span> 
     </span>
     <span class='ocr_line' id='line_1_53' title="bbox 1043 1843 1933 1902; baseline 0.008 -16"><span class='ocrx_word' id='word_1_268' title='bbox 1043 1844 1251 1902; x_wconf 85' lang='lat' dir='ltr'><strong>imputari</strong></span> <span class='ocrx_word' id='word_1_269' title='bbox 1302 1843 1491 1902; x_wconf 83' lang='lat' dir='ltr'><strong>positam</strong></span> <span class='ocrx_word' id='word_1_270' title='bbox 1538 1846 1585 1888; x_wconf 86' lang='lat' dir='ltr'><strong>in</strong></span> <span class='ocrx_word' id='word_1_271' title='bbox 1641 1847 1933 1893; x_wconf 76' lang='lat' dir='ltr'><strong>describenda</strong></span> 
     </span>
     <span class='ocr_line' id='line_1_54' title="bbox 1044 1901 1934 1959; baseline 0.006 -15"><span class='ocrx_word' id='word_1_272' title='bbox 1044 1918 1118 1953; x_wconf 92' lang='lat' dir='ltr'><strong>re,</strong></span> <span class='ocrx_word' id='word_1_273' title='bbox 1147 1917 1260 1959; x_wconf 85' lang='lat' dir='ltr'><strong>quae</strong></span> <span class='ocrx_word' id='word_1_274' title='bbox 1281 1918 1360 1959; x_wconf 88' lang='lat' dir='ltr'><strong>per</strong></span> <span class='ocrx_word' id='word_1_275' title='bbox 1378 1917 1425 1943; x_wconf 87' lang='lat' dir='ltr'><strong>se</strong></span> <span class='ocrx_word' id='word_1_276' title='bbox 1446 1901 1585 1946; x_wconf 82' lang='lat' dir='ltr'><strong>intelli</strong></span> <span class='ocrx_word' id='word_1_277' title='bbox 1620 1903 1721 1950; x_wconf 69' lang='lat' dir='ltr'><strong>‘tun</strong></span> <span class='ocrx_word' id='word_1_278' title='bbox 1779 1907 1838 1949; x_wconf 81' lang='lat' dir='ltr'><strong>At</strong></span> <span class='ocrx_word' id='word_1_279' title='bbox 1861 1910 1934 1949; x_wconf 83' lang='lat' dir='ltr'><strong>or·</strong></span> 
     </span>
     <span class='ocr_line' id='line_1_55' title="bbox 1044 1958 1934 2009; baseline 0.006 -8"><span class='ocrx_word' id='word_1_280' title='bbox 1044 1967 1175 2001; x_wconf 86' lang='lat' dir='ltr'><strong>natus</strong></span> <span class='ocrx_word' id='word_1_281' title='bbox 1227 1974 1357 2001; x_wconf 82' lang='lat' dir='ltr'><strong>causa</strong></span> <span class='ocrx_word' id='word_1_282' title='bbox 1406 1958 1514 2003; x_wconf 85' lang='lat' dir='ltr'><strong>haec</strong></span> <span class='ocrx_word' id='word_1_283' title='bbox 1561 1975 1584 2002; x_wconf 92' lang='lat' dir='ltr'><strong>a</strong></span> <span class='ocrx_word' id='word_1_284' title='bbox 1615 1961 1710 2003; x_wconf 82' lang='lat' dir='ltr'><strong>dita</strong></span> <span class='ocrx_word' id='word_1_285' title='bbox 1751 1971 1934 2009; x_wconf 82' lang='lat' dir='ltr'><strong>censent</strong></span> 
     </span>
     <span class='ocr_line' id='line_1_56' title="bbox 1046 2015 1934 2072; baseline 0.007 -15"><span class='ocrx_word' id='word_1_286' title='bbox 1046 2017 1347 2071; x_wconf 78' lang='lat' dir='ltr'><strong>(malerz&#39;sche</strong></span> <span class='ocrx_word' id='word_1_287' title='bbox 1377 2015 1725 2072; x_wconf 73' lang='lat' dir='ltr'><strong>Darstellaag).</strong></span> <span class='ocrx_word' id='word_1_288' title='bbox 1798 2020 1934 2062; x_wconf 89' lang='lat' dir='ltr'><strong>Mini-</strong></span> 
     </span>
     <span class='ocr_line' id='line_1_57' title="bbox 1043 2071 1933 2135; baseline 0.009 -22"><span class='ocrx_word' id='word_1_289' title='bbox 1043 2089 1116 2116; x_wconf 88' lang='lat' dir='ltr'><strong>me</strong></span> <span class='ocrx_word' id='word_1_290' title='bbox 1140 2087 1259 2115; x_wconf 86' lang='lat' dir='ltr'><strong>vero.</strong></span> <span class='ocrx_word' id='word_1_291' title='bbox 1318 2071 1437 2115; x_wconf 89' lang='lat' dir='ltr'><strong>Nihil</strong></span> <span class='ocrx_word' id='word_1_292' title='bbox 1459 2073 1581 2116; x_wconf 87' lang='lat' dir='ltr'><strong>enim</strong></span> <span class='ocrx_word' id='word_1_293' title='bbox 1603 2074 1649 2117; x_wconf 89' lang='lat' dir='ltr'><strong>in</strong></span> <span class='ocrx_word' id='word_1_294' title='bbox 1673 2084 1761 2118; x_wconf 81' lang='lat' dir='ltr'><strong>tam</strong></span> <span class='ocrx_word' id='word_1_295' title='bbox 1781 2077 1933 2135; x_wconf 76' lang='lat' dir='ltr'><strong>inepto</strong></span> 
     </span>
     <span class='ocr_line' id='line_1_58' title="bbox 1045 2129 1933 2192; baseline 0.007 -20"><span class='ocrx_word' id='word_1_296' title='bbox 1045 2129 1348 2172; x_wconf 68' lang='lat' dir='ltr'><strong>additamento</strong></span> <span class='ocrx_word' id='word_1_297' title='bbox 1402 2138 1490 2182; x_wconf 84' lang='lat' dir='ltr'><strong>est,</strong></span> <span class='ocrx_word' id='word_1_298' title='bbox 1577 2131 1667 2174; x_wconf 88' lang='lat' dir='ltr'><strong>uod</strong></span> <span class='ocrx_word' id='word_1_299' title='bbox 1722 2133 1933 2192; x_wconf 85' lang='lat' dir='ltr'><strong>cuiquam</strong></span> 
     </span>
     <span class='ocr_line' id='line_1_59' title="bbox 1045 2146 1932 2245; baseline 0.007 -17"><span class='ocrx_word' id='word_1_300' title='bbox 1045 2186 1218 2245; x_wconf 84' lang='lat' dir='ltr'><strong>plaeere</strong></span> <span class='ocrx_word' id='word_1_301' title='bbox 1296 2187 1451 2245; x_wconf 74' lang='lat' dir='ltr'><strong>possit.</strong></span> <span class='ocrx_word' id='word_1_302' title='bbox 1545 2146 1819 2234; x_wconf 78' lang='lat' dir='ltr'><strong>qVValcbius</strong></span> <span class='ocrx_word' id='word_1_303' title='bbox 1887 2194 1932 2234; x_wconf 87' lang='lat' dir='ltr'><strong>in</strong></span> 
     </span>
     <span class='ocr_line' id='line_1_60' title="bbox 1045 2241 1936 2304; baseline 0.008 -18"><span class='ocrx_word' id='word_1_304' title='bbox 1045 2241 1250 2286; x_wconf 87' lang='lat' dir='ltr'><strong>emendd.</strong></span> <span class='ocrx_word' id='word_1_305' title='bbox 1273 2243 1372 2287; x_wconf 89' lang='lat' dir='ltr'><strong>Liv.</strong></span> <span class='ocrx_word' id='word_1_306' title='bbox 1405 2259 1446 2300; x_wconf 90' lang='lat' dir='ltr'><strong>p.</strong></span> <span class='ocrx_word' id='word_1_307' title='bbox 1467 2245 1536 2288; x_wconf 88' lang='grc'><strong>68.</strong></span> <span class='ocrx_word' id='word_1_308' title='bbox 1559 2246 1772 2304; x_wconf 83' lang='lat' dir='ltr'><strong>explicat:</strong></span> <span class='ocrx_word' id='word_1_309' title='bbox 1814 2250 1936 2299; x_wconf 82' lang='lat' dir='ltr'><strong>„Ar-</strong></span> 
     </span>
     <span class='ocr_line' id='line_1_61' title="bbox 1044 2299 1934 2358; baseline 0.007 -15"><span class='ocrx_word' id='word_1_310' title='bbox 1044 2301 1137 2343; x_wconf 86' lang='lat' dir='ltr'><strong>rius</strong></span> <span class='ocrx_word' id='word_1_311' title='bbox 1188 2299 1364 2357; x_wconf 83' lang='lat' dir='ltr'><strong>impulit</strong></span> <span class='ocrx_word' id='word_1_312' title='bbox 1418 2301 1614 2358; x_wconf 87' lang='lat' dir='ltr'><strong>primum</strong></span> <span class='ocrx_word' id='word_1_313' title='bbox 1674 2305 1934 2350; x_wconf 84' lang='lat' dir='ltr'><strong>Vitellianos</strong></span> 
     </span>
     <span class='ocr_line' id='line_1_62' title="bbox 1045 2357 1936 2418; baseline 0.008 -18"><span class='ocrx_word' id='word_1_314' title='bbox 1045 2357 1222 2400; x_wconf 81' lang='lat' dir='ltr'><strong>modica</strong></span> <span class='ocrx_word' id='word_1_315' title='bbox 1255 2357 1412 2400; x_wconf 84' lang='lat' dir='ltr'><strong>caede:</strong></span> <span class='ocrx_word' id='word_1_316' title='bbox 1457 2359 1535 2401; x_wconf 85' lang='lat' dir='ltr'><strong>sed</strong></span> <span class='ocrx_word' id='word_1_317' title='bbox 1565 2376 1667 2404; x_wconf 84' lang='lat' dir='ltr'><strong>cum</strong></span> <span class='ocrx_word' id='word_1_318' title='bbox 1687 2360 1839 2418; x_wconf 83' lang='lat' dir='ltr'><strong>plures</strong></span> <span class='ocrx_word' id='word_1_319' title='bbox 1864 2380 1936 2407; x_wconf 89' lang='lat' dir='ltr'><strong>ac·</strong></span> 
     </span>
     <span class='ocr_line' id='line_1_63' title="bbox 1047 2417 1933 2473; baseline 0.007 -15"><span class='ocrx_word' id='word_1_320' title='bbox 1047 2422 1306 2464; x_wconf 64' lang='lat' dir='ltr'><strong>currerent,</strong></span> <span class='ocrx_word' id='word_1_321' title='bbox 1357 2431 1486 2458; x_wconf 82' lang='lat' dir='ltr'><strong>versa</strong></span> <span class='ocrx_word' id='word_1_322' title='bbox 1521 2417 1702 2461; x_wconf 81' lang='lat' dir='ltr'><strong>fortuna</strong></span> <span class='ocrx_word' id='word_1_323' title='bbox 1745 2421 1804 2473; x_wconf 82' lang='lat' dir='ltr'><strong>(et</strong></span> <span class='ocrx_word' id='word_1_324' title='bbox 1839 2437 1933 2464; x_wconf 88' lang='lat' dir='ltr'><strong>cae-</strong></span> 
     </span>
     <span class='ocr_line' id='line_1_64' title="bbox 1047 2471 1934 2533; baseline 0.008 -19"><span class='ocrx_word' id='word_1_325' title='bbox 1047 2473 1142 2525; x_wconf 86' lang='lat' dir='ltr'><strong>des)</strong></span> <span class='ocrx_word' id='word_1_326' title='bbox 1168 2471 1215 2513; x_wconf 87' lang='lat' dir='ltr'><strong>in</strong></span> <span class='ocrx_word' id='word_1_327' title='bbox 1234 2471 1555 2529; x_wconf 48' lang='lat' dir='ltr'><strong>Vespasiano„</strong></span> <span class='ocrx_word' id='word_1_328' title='bbox 1584 2489 1689 2517; x_wconf 87' lang='lat' dir='ltr'><strong>nam</strong></span> <span class='ocrx_word' id='word_1_329' title='bbox 1716 2477 1792 2533; x_wconf 87' lang='lat' dir='ltr'><strong>qui</strong></span> <span class='ocrx_word' id='word_1_330' title='bbox 1814 2474 1934 2521; x_wconf 73' lang='lat' dir='ltr'><strong>acer-</strong></span> 
     </span>
     <span class='ocr_line' id='line_1_65' title="bbox 1046 2528 1934 2588; baseline 0.009 -18"><span class='ocrx_word' id='word_1_331' title='bbox 1046 2528 1149 2570; x_wconf 82' lang='lat' dir='ltr'><strong>rimi</strong></span> <span class='ocrx_word' id='word_1_332' title='bbox 1181 2528 1356 2570; x_wconf 81' lang='lat' dir='ltr'><strong>suerant</strong></span> <span class='ocrx_word' id='word_1_333' title='bbox 1390 2531 1697 2588; x_wconf 82' lang='lat' dir='ltr'><strong>sequentium,</strong></span> <span class='ocrx_word' id='word_1_334' title='bbox 1750 2541 1843 2576; x_wconf 80' lang='lat' dir='ltr'><strong>tum</strong></span> <span class='ocrx_word' id='word_1_335' title='bbox 1889 2536 1934 2578; x_wconf 85' lang='lat' dir='ltr'><strong>in</strong></span> 
     </span>
     <span class='ocr_line' id='line_1_66' title="bbox 1047 2586 1933 2648; baseline 0.011 -22"><span class='ocrx_word' id='word_1_336' title='bbox 1047 2586 1153 2642; x_wconf 79' lang='lat' dir='ltr'><strong>fuga</strong></span> <span class='ocrx_word' id='word_1_337' title='bbox 1184 2586 1373 2628; x_wconf 84' lang='lat' dir='ltr'><strong>maxime</strong></span> <span class='ocrx_word' id='word_1_338' title='bbox 1406 2586 1685 2639; x_wconf 68' lang='lat' dir='ltr'><strong>resistentes,</strong></span> <span class='ocrx_word' id='word_1_339' title='bbox 1714 2589 1933 2648; x_wconf 79' lang='lat' dir='ltr'><strong>insignio-</strong></span> 
     </span>
     <span class='ocr_line' id='line_1_67' title="bbox 1047 2641 1932 2692; baseline 0.009 -8"><span class='ocrx_word' id='word_1_340' title='bbox 1047 2658 1141 2685; x_wconf 85' lang='lat' dir='ltr'><strong>rem</strong></span> <span class='ocrx_word' id='word_1_341' title='bbox 1189 2641 1332 2684; x_wconf 81' lang='lat' dir='ltr'><strong>fecere</strong></span> <span class='ocrx_word' id='word_1_342' title='bbox 1379 2642 1651 2688; x_wconf 77' lang='lat' dir='ltr'><strong>iacturam.”</strong></span> <span class='ocrx_word' id='word_1_343' title='bbox 1754 2647 1932 2692; x_wconf 81' lang='lat' dir='ltr'><strong>Strom-</strong></span> 
     </span>
     <span class='ocr_line' id='line_1_68' title="bbox 1046 2698 1934 2753; baseline 0.009 -12"><span class='ocrx_word' id='word_1_344' title='bbox 1046 2698 1226 2742; x_wconf 82' lang='lat' dir='ltr'><strong>beckius</strong></span> <span class='ocrx_word' id='word_1_345' title='bbox 1246 2699 1360 2753; x_wconf 84' lang='lat' dir='ltr'><strong>bene</strong></span> <span class='ocrx_word' id='word_1_346' title='bbox 1384 2701 1695 2746; x_wconf 76' lang='lat' dir='ltr'><strong>animadvertit</strong></span> <span class='ocrx_word' id='word_1_347' title='bbox 1713 2703 1823 2747; x_wconf 85' lang='lat' dir='ltr'><strong>haec</strong></span> <span class='ocrx_word' id='word_1_348' title='bbox 1842 2722 1934 2749; x_wconf 80' lang='lat' dir='ltr'><strong>ver·</strong></span> 
     </span>
     <span class='ocr_line' id='line_1_69' title="bbox 1044 2757 1934 2814; baseline 0.011 -16"><span class='ocrx_word' id='word_1_349' title='bbox 1044 2758 1110 2799; x_wconf 88' lang='lat' dir='ltr'><strong>bis</strong></span> <span class='ocrx_word' id='word_1_350' title='bbox 1135 2771 1226 2799; x_wconf 85' lang='lat' dir='ltr'><strong>non</strong></span> <span class='ocrx_word' id='word_1_351' title='bbox 1251 2757 1411 2799; x_wconf 88' lang='lat' dir='ltr'><strong>inesse.</strong></span> <span class='ocrx_word' id='word_1_352' title='bbox 1471 2757 1594 2814; x_wconf 83' lang='lat' dir='ltr'><strong>Quid</strong></span> <span class='ocrx_word' id='word_1_353' title='bbox 1618 2759 1795 2805; x_wconf 77' lang='lat' dir='ltr'><strong>multa?</strong></span> <span class='ocrx_word' id='word_1_354' title='bbox 1827 2762 1934 2807; x_wconf 83' lang='lat' dir='ltr'><strong>Per-</strong></span> 
     </span>
     <span class='ocr_line' id='line_1_70' title="bbox 1043 2813 1935 2874; baseline 0.012 -21"><span class='ocrx_word' id='word_1_355' title='bbox 1043 2829 1166 2856; x_wconf 80' lang='lat' dir='ltr'><strong>verse</strong></span> <span class='ocrx_word' id='word_1_356' title='bbox 1189 2813 1342 2855; x_wconf 88' lang='lat' dir='ltr'><strong>locum</strong></span> <span class='ocrx_word' id='word_1_357' title='bbox 1363 2829 1521 2857; x_wconf 89' lang='lat' dir='ltr'><strong>omnes</strong></span> <span class='ocrx_word' id='word_1_358' title='bbox 1538 2815 1779 2874; x_wconf 76' lang='lat' dir='ltr'><strong>accipiunt.</strong></span> <span class='ocrx_word' id='word_1_359' title='bbox 1821 2819 1935 2864; x_wconf 84' lang='lat' dir='ltr'><strong>Nam</strong></span> 
     </span>
     <span class='ocr_line' id='line_1_71' title="bbox 1043 2873 1932 2920; baseline 0.008 -6"><span class='ocrx_word' id='word_1_360' title='bbox 1043 2873 1202 2914; x_wconf 84' lang='lat' dir='ltr'><strong>verba:</strong></span> <span class='ocrx_word' id='word_1_361' title='bbox 1250 2877 1293 2912; x_wconf 78' lang='lat' dir='ltr'><strong>et</strong></span> <span class='ocrx_word' id='word_1_362' title='bbox 1324 2873 1582 2914; x_wconf 73' lang='lat' dir='ltr'><strong>acm-rimus</strong></span> <span class='ocrx_word' id='word_1_363' title='bbox 1603 2901 1668 2918; x_wconf 85' lang='lat'><strong>...</strong></span> <span class='ocrx_word' id='word_1_364' title='bbox 1695 2883 1800 2917; x_wconf 80' lang='lat' dir='ltr'><strong>erat</strong></span> <span class='ocrx_word' id='word_1_365' title='bbox 1834 2893 1932 2920; x_wconf 82' lang='lat' dir='ltr'><strong>-non</strong></span> 
     </span>
     <span class='ocr_line' id='line_1_72' title="bbox 1045 2927 1929 2986; baseline 0.008 -17"><span class='ocrx_word' id='word_1_366' title='bbox 1045 2928 1267 2986; x_wconf 75' lang='lat' dir='ltr'><strong>pertinent</strong></span> <span class='ocrx_word' id='word_1_367' title='bbox 1298 2927 1352 2970; x_wconf 87' lang='lat' dir='ltr'><strong>ad</strong></span> <span class='ocrx_word' id='word_1_368' title='bbox 1376 2927 1636 2978; x_wconf 82' lang='lat' dir='ltr'><strong>Flavianos,</strong></span> <span class='ocrx_word' id='word_1_369' title='bbox 1667 2931 1743 2974; x_wconf 85' lang='lat' dir='ltr'><strong>sed</strong></span> <span class='ocrx_word' id='word_1_370' title='bbox 1767 2934 1822 2976; x_wconf 87' lang='lat' dir='ltr'><strong>ad</strong></span> <span class='ocrx_word' id='word_1_371' title='bbox 1847 2933 1929 2976; x_wconf 81' lang='lat' dir='ltr'><strong>Vi-</strong></span> 
     </span>
     <span class='ocr_line' id='line_1_73' title="bbox 1046 2984 1930 3046; baseline 0.009 -20"><span class='ocrx_word' id='word_1_372' title='bbox 1046 2984 1249 3027; x_wconf 81' lang='lat' dir='ltr'><strong>tellianos</strong></span> <span class='ocrx_word' id='word_1_373' title='bbox 1284 3000 1309 3026; x_wconf 87' lang='lat' dir='ltr'><strong>a</strong></span> <span class='ocrx_word' id='word_1_374' title='bbox 1344 2984 1445 3042; x_wconf 76' lang='lat' dir='ltr'><strong>fuga</strong></span> <span class='ocrx_word' id='word_1_375' title='bbox 1481 2985 1530 3028; x_wconf 87' lang='lat' dir='ltr'><strong>in</strong></span> <span class='ocrx_word' id='word_1_376' title='bbox 1571 2991 1930 3046; x_wconf 82' lang='lat' dir='ltr'><strong>persequendum</strong></span> 
     </span>
     <span class='ocr_line' id='line_1_74' title="bbox 1044 3042 1934 3104; baseline 0.008 -20"><span class='ocrx_word' id='word_1_377' title='bbox 1044 3042 1215 3084; x_wconf 82' lang='lat' dir='ltr'><strong>hostem</strong></span> <span class='ocrx_word' id='word_1_378' title='bbox 1243 3057 1414 3083; x_wconf 81' lang='lat' dir='ltr'><strong>versos:</strong></span> <span class='ocrx_word' id='word_1_379' title='bbox 1447 3042 1561 3085; x_wconf 83' lang='lat' dir='ltr'><strong>inter</strong></span> <span class='ocrx_word' id='word_1_380' title='bbox 1582 3043 1686 3094; x_wconf 84' lang='lat' dir='ltr'><strong>hos,</strong></span> <span class='ocrx_word' id='word_1_381' title='bbox 1719 3047 1934 3104; x_wconf 83' lang='lat' dir='ltr'><strong>quiacer·</strong></span> 
     </span>
     <span class='ocr_line' id='line_1_75' title="bbox 1045 3099 1935 3157; baseline 0.01 -18"><span class='ocrx_word' id='word_1_382' title='bbox 1045 3099 1157 3140; x_wconf 87' lang='lat' dir='ltr'><strong>rime</strong></span> <span class='ocrx_word' id='word_1_383' title='bbox 1182 3099 1353 3140; x_wconf 78' lang='lat' dir='ltr'><strong>hostem</strong></span> <span class='ocrx_word' id='word_1_384' title='bbox 1378 3111 1779 3157; x_wconf 83' lang='lat' dir='ltr'><strong>persequerentur,</strong></span> <span class='ocrx_word' id='word_1_385' title='bbox 1810 3099 1935 3148; x_wconf 77' lang='lat' dir='ltr'><strong>erant</strong></span> 
     </span>
     <span class='ocr_line' id='line_1_76' title="bbox 1047 3154 1933 3212; baseline 0.007 -14"><span class='ocrx_word' id='word_1_386' title='bbox 1047 3155 1191 3198; x_wconf 84' lang='lat' dir='ltr'><strong>ultimi</strong></span> <span class='ocrx_word' id='word_1_387' title='bbox 1225 3154 1371 3212; x_wconf 76' lang='lat' dir='ltr'><strong>fugae.</strong></span> <span class='ocrx_word' id='word_1_388' title='bbox 1433 3154 1570 3200; x_wconf 85' lang='lat' dir='ltr'><strong>Versa</strong></span> <span class='ocrx_word' id='word_1_389' title='bbox 1599 3159 1719 3202; x_wconf 86' lang='lat' dir='ltr'><strong>enim</strong></span> <span class='ocrx_word' id='word_1_390' title='bbox 1750 3162 1933 3206; x_wconf 80' lang='lat' dir='ltr'><strong>fortuna</strong></span> 
     </span>
     <span class='ocr_line' id='line_1_77' title="bbox 1044 3211 1935 3280; baseline 0.009 -27"><span class='ocrx_word' id='word_1_391' title='bbox 1044 3213 1219 3268; x_wconf 79' lang='lat' dir='ltr'><strong>fugitivi</strong></span> <span class='ocrx_word' id='word_1_392' title='bbox 1254 3211 1357 3255; x_wconf 78' lang='lat' dir='ltr'><strong>facti</strong></span> <span class='ocrx_word' id='word_1_393' title='bbox 1393 3220 1495 3256; x_wconf 83' lang='lat' dir='ltr'><strong>sunt</strong></span> <span class='ocrx_word' id='word_1_394' title='bbox 1524 3226 1862 3280; x_wconf 78' lang='lat' dir='ltr'><strong>persecutores,</strong></span> <span class='ocrx_word' id='word_1_395' title='bbox 1893 3229 1935 3261; x_wconf 82' lang='lat' dir='ltr'><strong>et</strong></span> 
     </span>
     <span class='ocr_line' id='line_1_78' title="bbox 1047 3269 1935 3330; baseline 0.006 -18"><span class='ocrx_word' id='word_1_396' title='bbox 1047 3271 1102 3312; x_wconf 74' lang='lat' dir='ltr'><strong>ita</strong></span> <span class='ocrx_word' id='word_1_397' title='bbox 1135 3269 1337 3325; x_wconf 81' lang='lat' dir='ltr'><strong>quidem,</strong></span> <span class='ocrx_word' id='word_1_398' title='bbox 1383 3279 1428 3312; x_wconf 83' lang='lat' dir='ltr'><strong>ut</strong></span> <span class='ocrx_word' id='word_1_399' title='bbox 1460 3287 1537 3328; x_wconf 77' lang='lat' dir='ltr'><strong>qu}</strong></span> <span class='ocrx_word' id='word_1_400' title='bbox 1571 3272 1617 3315; x_wconf 85' lang='lat' dir='ltr'><strong>in</strong></span> <span class='ocrx_word' id='word_1_401' title='bbox 1650 3272 1800 3330; x_wconf 86' lang='lat' dir='ltr'><strong>fugam</strong></span> <span class='ocrx_word' id='word_1_402' title='bbox 1838 3276 1935 3317; x_wconf 81' lang='lat' dir='ltr'><strong>fue-</strong></span> 
     </span>
     <span class='ocr_line' id='line_1_79' title="bbox 1048 3326 1934 3376; baseline 0.006 -8"><span class='ocrx_word' id='word_1_403' title='bbox 1048 3335 1148 3369; x_wconf 83' lang='lat' dir='ltr'><strong>rant</strong></span> <span class='ocrx_word' id='word_1_404' title='bbox 1171 3326 1336 3376; x_wconf 78' lang='lat' dir='ltr'><strong>ultimi,</strong></span> <span class='ocrx_word' id='word_1_405' title='bbox 1371 3327 1588 3371; x_wconf 79' lang='lat' dir='ltr'><strong>acerrime</strong></span> <span class='ocrx_word' id='word_1_406' title='bbox 1614 3330 1702 3372; x_wconf 87' lang='lat' dir='ltr'><strong>iam</strong></span> <span class='ocrx_word' id='word_1_407' title='bbox 1725 3330 1839 3375; x_wconf 80' lang='lat' dir='ltr'><strong>hosti</strong></span> <span class='ocrx_word' id='word_1_408' title='bbox 1869 3332 1934 3374; x_wconf 87' lang='lat' dir='ltr'><strong>in-</strong></span> 
     </span>
     <span class='ocr_line' id='line_1_80' title="bbox 1047 3383 1934 3443; baseline 0.005 -17"><span class='ocrx_word' id='word_1_409' title='bbox 1047 3391 1250 3426; x_wconf 51' lang='lat' dir='ltr'><strong>starent.⁴</strong></span> <span class='ocrx_word' id='word_1_410' title='bbox 1287 3383 1400 3425; x_wconf 84' lang='lat' dir='ltr'><strong>Vere</strong></span> <span class='ocrx_word' id='word_1_411' title='bbox 1433 3393 1475 3427; x_wconf 83' lang='lat' dir='ltr'><strong>et</strong></span> <span class='ocrx_word' id='word_1_412' title='bbox 1496 3386 1716 3443; x_wconf 82' lang='lat' dir='ltr'><strong>graphice.</strong></span> <span class='ocrx_word' id='word_1_413' title='bbox 1780 3389 1934 3431; x_wconf 81' lang='lat' dir='ltr'><strong>Solent</strong></span> 
     </span>
     <span class='ocr_line' id='line_1_81' title="bbox 1047 3439 1934 3500; baseline 0.007 -20"><span class='ocrx_word' id='word_1_414' title='bbox 1047 3439 1211 3498; x_wconf 84' lang='lat' dir='ltr'><strong>quippe</strong></span> <span class='ocrx_word' id='word_1_415' title='bbox 1263 3441 1430 3484; x_wconf 75' lang='lat' dir='ltr'><strong>strenui</strong></span> <span class='ocrx_word' id='word_1_416' title='bbox 1471 3442 1598 3500; x_wconf 79' lang='lat' dir='ltr'><strong>fugae</strong></span> <span class='ocrx_word' id='word_1_417' title='bbox 1638 3461 1731 3487; x_wconf 78' lang='lat' dir='ltr'><strong>esse</strong></span> <span class='ocrx_word' id='word_1_418' title='bbox 1774 3445 1934 3492; x_wconf 77' lang='lat' dir='ltr'><strong>ultimi,</strong></span> 
     </span>
     <span class='ocr_line' id='line_1_82' title="bbox 1046 3497 1935 3553; baseline 0.008 -15"><span class='ocrx_word' id='word_1_419' title='bbox 1046 3497 1270 3553; x_wconf 86' lang='lat' dir='ltr'><strong>iidemque</strong></span> <span class='ocrx_word' id='word_1_420' title='bbox 1325 3514 1450 3542; x_wconf 71' lang='lat' dir='ltr'><strong>versa</strong></span> <span class='ocrx_word' id='word_1_421' title='bbox 1506 3500 1683 3546; x_wconf 69' lang='lat' dir='ltr'><strong>fortuna</strong></span> <span class='ocrx_word' id='word_1_422' title='bbox 1727 3502 1935 3546; x_wconf 76' lang='lat' dir='ltr'><strong>acerrimi</strong></span> 
     </span>
     <span class='ocr_line' id='line_1_83' title="bbox 1049 3554 1345 3611; baseline 0 -16"><span class='ocrx_word' id='word_1_423' title='bbox 1049 3554 1345 3611; x_wconf 64' lang='lat' dir='ltr'><strong>sequentium.</strong></span> 
     </span>
    </p>
   </div>
   <div class='ocr_carea' id='block_1_19' title="bbox 1209 3614 1332 3674">
    <p class='ocr_par' dir='ltr' id='par_1_19' title="bbox 1209 3614 1332 3674">
     <span class='ocr_line' id='line_1_84' title="bbox 1209 3614 1332 3674; baseline 0.016 -2"><span class='ocrx_word' id='word_1_424' title='bbox 1209 3614 1332 3674; x_wconf 75' lang='lat'><strong>82</strong></span> 
     </span>
    </p>
   </div>
  </div>
 </body>
</html>
