2138 4030
213 253 264 292 A.
285 253 338 288 U.
357 253 439 286 823.

217 298 261 332 Α.
284 296 331 331 C.
382 298 442 330 70.

713 256 891 317 ΜΒ.
923 255 1000 317 11.
1061 252 1260 351 CAP.
1296 254 1394 316 95.
1857 241 1985 318 243

130 386 351 462 ingenti
379 397 587 463 paratu
612 396 668 443 et
692 397 827 442 ante
853 386 1022 459 illum
1047 385 1203 442 diem
1233 384 1494 456 insolitO.
1578 384 1824 444 Laetum
1849 387 1976 444 foe—
2014 406 2022 409 ·

126 473 368 530 dissimo
393 473 635 548 cuique,
679 472 836 546 apud
865 473 1054 527 honos
1081 471 1338 527 invidiae
1361 470 1504 539 fuit,
1553 472 1711 546 quod
1749 483 1977 544 exstru-

125 558 232 614 ctis
258 559 323 613 in
350 577 555 632 campo
582 555 802 612 Martio
841 557 957 611 aris
993 556 1234 612 inferias
1259 553 1484 612 Neroni
1515 554 1759 612 fecisset.
1845 577 1975 615 cae-

126 662 220 698 sae
274 643 509 717 publice
558 641 830 698 victimae
884 651 1313 717 cremataeque:
1387 639 1571 695 facem
1621 633 1974 712 Augustales

123 729 459 784 subdi-dere:
517 727 676 801 quod
712 727 1103 783 sacerdotium
1129 737 1196 783 ut
1217 723 1515 783 Romulus
1539 722 1715 780 Tatio
1742 725 1866 797 regi
1893 726 1973 804 ita

120 810 333 870 Caesar
357 810 635 876 Tiberius
659 808 844 867 Iuliae
878 811 1038 883 genti
1073 810 1337 868 sacravit.
1422 807 1706 866 Nondum
1729 821 1972 884 quartus

121 917 153 952 a
177 897 421 952 victoria
444 896 690 963 mensis,
730 908 785 952 et
821 896 1067 952 libertus
1082 895 1310 953 Vitellii
1322 889 1613 951 Asiaticus
1626 892 1975 971 PolycletOS,

119 978 430 1038 Patrobios
456 993 514 1037 et
534 992 730 1037 vetera
758 981 1035 1038 odiorum
1064 980 1308 1037 nomina
1329 979 1642 1056 aequabat.
1709 998 1883 1035 nemo
1907 980 1973 1034 in

119 1066 220 1122 illa
247 1068 380 1123 aula
409 1067 700 1141 probitate
734 1077 836 1122 aut
871 1066 1161 1122 industria
1196 1065 1466 1121 certavit:
1526 1083 1716 1120 unum
1751 1065 1826 1120 ad
1862 1084 1974 1139 po·-

117 1152 364 1208 tentiam
398 1152 510 1208 iter
539 1151 801 1226 prodigis
839 1152 1028 1226 epulis
1069 1162 1124 1207 et
1162 1162 1400 1225 sumptu
1435 1168 1733 1226 ganeaque
1763 1149 1973 1209 satiare

119 1236 500 1310 inexplebiles
535 1236 763 1292 Vitellii
808 1237 1110 1296 libidines,
1198 1236 1322 1311 ipse
1373 1236 1609 1291 abunde
1632 1271 1637 1279 ·
1662 1245 1857 1303 raum,
1924 1234 1975 1289 si

173 1450 368 1504 inferias
393 1451 571 1492 Neroni
581 1450 788 1505 fecisset.
849 1451 1010 1494 Suidas
1083 1451 1199 1495 male
1257 1459 1441 1510 accepto
1503 1449 1792 1508 compendio.
1843 1469 1845 1471 ·
1881 1450 1973 1495 Pro

63 1515 65 1517 '
116 1509 196 1549 snb
213 1510 589 1557 ν.]3ιτε’λλιος.
615 1504 770 1562 {miv-51.
791 1523 837 1551 τε
861 1511 1009 1552 καὶτὰ
1080 1512 1364 1564 Augustales
1410 1507 1543 1552 MSS.
1589 1509 1725 1552 corb.
1769 1508 1876 1569 Agr.
1932 1509 1974 1563 (a

121 1566 341 1620 Νέρωνος,
367 1564 541 1608 καὶτὸν
565 1565 728 1621 νεκρὸν
750 1569 830 1610 τοῦ
847 1570 1007 1624 Νέρω-
1080 1568 1225 1624 prima
1261 1570 1415 1624 manu)
1454 1566 1605 1609 ferunt
1637 1568 1971 1620 Augustalem:

113 1636 192 1671 νος
218 1625 262 1670 ἐς
291 1620 450 1665 κοῖλόν
481 1639 582 1666 τινα
621 1626 695 1666 καὶ
730 1622 887 1681 ἀφανῆ
921 1623 1006 1667 τά·
1080 1625 1275 1668 secunda
1315 1640 1474 1667 manus
1507 1625 1554 1665 in
1587 1622 1698 1679 Agr.
1732 1622 1838 1666 fecit
1870 1625 1973 1666 A'u-

115 1695 211 1733 φον
239 1685 572 1738 κατακείμενον
597 1681 868 1740 ἀπεσέμνυε.
930 1684 1006 1725 Χί-
1076 1686 1289 1734 gustales
1343 1690 1386 1725 et
1435 1683 1693 1724 subdidere.
1781 1679 1837 1723 Et
1884 1679 1971 1724 ho-

113 1737 272 1795 philin.
309 1740 378 1790 65,
400 1739 453 1782 -7.
497 1737 566 1782 ὅτι
608 1742 768 1797 μέντοι
799 1739 881 1783 τὸν
913 1742 1002 1784 Νέ-
1079 1739 1281 1782 diernam
1309 1737 1576 1798 scripturam
1603 1737 1691 1781 loci
1713 1737 1848 1782 unice
1878 1743 1974 1782 esse

114 1810 238 1852 ρωνα
269 1801 515 1854 μιμεῖσθαι
544 1794 681 1852 ἤθελε
716 1799 792 1841 καὶ
824 1795 1010 1855 ἒνήγισέ
1077 1811 1230 1838 veram
1255 1812 1389 1839 nemo
1411 1796 1594 1840 dubitat.
1654 1793 1848 1850 Deface
1869 1795 1970 1839 sub-

112 1867 160 1895 τε
204 1851 355 1909 αὐτῷ,
411 1857 486 1896 καὶ
531 1854 601 1898 ὅτι
635 1857 837 1898 τοσαῦτα
870 1859 914 1904 ἐς
949 1854 1005 1898 τὰ

113 1911 279 1953 δεῖπνα
321 1909 586 1964 ἀνήλισκεν,
649 1917 693 1957 οἱ
734 1914 823 1971 μὲν
876 1911 1005 1957 ἄλλοι

112 1967 228 2010 κατὰ
254 1968 372 2012 τοῦτ’
401 1971 609 2028 ἔχαιρον,
645 1974 690 2014 οἱ
715 1973 766 2015 δὲ
799 1969 855 2027 δὴ
891 1973 1005 2015 νοῦν

113 2027 294 2082 ἔχοντες
316 2024 532 2084 ἤχθοντο.
593 2028 715 2073 Suet.
739 2029 831 2072 Vit.
863 2046 904 2072 e.
930 2031 999 2072 11.

110 2085 263 2124 medio
287 2085 456 2127 Martio
478 2102 640 2139 campo
674 2087 885 2129 adhibita
909 2103 999 2140 pu-

110 2142 332 2183 blicorum
386 2147 686 2186 sacerdotum
721 2145 1000 2199 frequentia

110 2198 311 2252 inferias
346 2200 522 2243 Neroni
567 2202 711 2244 dedit.
783 2200 873 2243 lam
916 2201 1000 2247 Ta·

110 2255 186 2297 citi
228 2256 330 2301 loeo
370 2260 554 2302 verbum
587 2260 779 2316 fecisset
815 2260 1001 2304 debetur

109 2311 244 2372 Lipsii
282 2315 483 2372 ingenio.
543 2318 676 2361 MSS.
709 2318 821 2375 Reg.
857 2318 997 2362 Corb.

107 2371 223 2413 Bud.
251 2373 349 2416 edd.
377 2373 495 2430 Spir.
522 2375 664 2417 Rben.
690 2375 793 2418 ΑΜ.
821 2375 999 2433 Micyll.

109 2429 298 2471 iecisset.
389 2431 522 2474 MSS.
566 2432 687 2475 Harl.
735 2433 864 2474 Bodt.
915 2434 997 2476 les.

110 2484 261 2527 Guelf.
294 2487 394 2530 edd.
419 2489 522 2530 Put.
547 2490 616 2531 M.
643 2498 684 2531 et
709 2488 762 2532 V.
789 2490 997 2532 Beroald.

1076 1911 1162 1953 bus
1186 1913 1275 1953 An.
1304 1913 1340 1961 1,
1361 1911 1429 1954 54.
1818 1948 1824 1949 ff

1133 1975 1183 2008 ut
1221 1969 1456 2011 Romulus
1498 1967 1637 2010 Tatio
1675 1969 1794 2023 regi.
1866 1965 1971 2010 Vid-

1074 2033 1168 2067 not.
1195 2026 1249 2067 ad
1274 2026 1362 2068 An.
1388 2024 1417 2068 l.
1442 2024 1472 2068 l.

1130 2081 1406 2138 Polycletos.
1465 2082 1542 2126 Sic
1571 2081 1674 2126 edd.
1695 2081 1842 2127 Rhen.
1859 2081 1970 2126 Ald-

1072 2155 1170 2197 sqq.
1241 2140 1490 2196 Pogyclitos
1533 2140 1633 2183 MS.
1671 2140 1822 2183 Guelf.
1869 2140 1970 2183 edd.

1072 2197 1280 2243 Beroald.
1303 2207 1429 2256 (cum
1455 2195 1606 2243 silent.
1621 2196 1763 2258 Vici.)
1784 2197 1886 2246 Alc.
1916 2225 1971 2235 --

1071 2257 1327 2312 Polyclytos
1362 2257 1464 2300 edd.
1502 2257 1607 2300 Put.
1645 2258 1712 2301 M.
1742 2266 1784 2301 et
1818 2258 1875 2302 V.
1913 2287 1971 2295 -

1067 2317 1297 2367 polz'clitos
1323 2315 1393 2357 ed.
1419 2313 1536 2370 Spir.
1573 2315 1632 2358 cf.
1656 2323 1748 2360 not.
1775 2316 1830 2358 ad
1852 2314 1968 2359 Hist.

1074 2373 1114 2423 1,
1135 2371 1206 2415 37.
1245 2373 1334 2416 An.
1363 2371 1428 2423 14,
1447 2371 1519 2415 39.
1578 2372 1812 2430 Scriptura
1838 2373 1969 2429 Poly·

1072 2431 1203 2471 clitus
1229 2428 1455 2472 invenitur
1479 2430 1526 2472 in
1549 2429 1692 2487 lapide
1717 2430 1833 2488 apud
1849 2429 1967 2474 Gru-

1071 2494 1153 2528 ter.
1182 2503 1227 2543 p.
1252 2486 1348 2529 985.

108 2542 210 2586 Alc.
244 2545 478 2595 iecissent,
512 2564 612 2590 cum
647 2546 823 2589 silentio
848 2546 998 2591 Victo·
1122 2541 1354 2598 probitate
1398 2551 1483 2585 aut
1527 2545 1774 2587 industria·
1862 2544 1965 2588 MS.
2018 2564 2022 2570 ·

107 2601 181 2643 rii.
1069 2601 1186 2643 Bud.
1215 2616 1295 2659 pro
1321 2608 1403 2642 aut
1427 2601 1556 2644 babet
1579 2609 1639 2645 et.

151 2659 312 2714 fiaecern
384 2662 670 2715 Augustales
741 2663 998 2707 subdidere.
1126 2667 1316 2712 sumptu
1365 2673 1624 2714 ganeaque.
1713 2659 1861 2702 Locus
1918 2658 1966 2702 i'n

1068 2724 1177 2761 vett.
1203 2715 1329 2758 libris
1353 2717 1632 2773 depravatus.
1692 2715 1830 2761 MSS.
1853 2715 1964 2774 Reg-

1071 2773 1206 2817 Corb.
1228 2773 1410 2815 Fax-nes.
1436 2772 1504 2815 ed.
1520 2773 1549 2817 S
1584 2774 1641 2817 ir.
1667 2781 1856 2828 sumptu
1877 2789 1963 2828 ga—

1069 2835 1209 2873 lanae
1234 2845 1399 2885 aquae.
1461 2830 1547 2872 MS
1568 2829 1738 2886 ’.Ηει-Ι.
1758 2832 1840 2874 les.
1863 2831 1965 2874 edd.

1068 2889 1166 2934 Put,
1209 2889 1278 2930 M.
1315 2896 1355 2929 et
1388 2887 1443 2929 V.
1479 2887 1688 2931 Beroald.
1718 2897 1963 2943 sumptum

1073 2946 1282 2988 Gaianae
1317 2959 1483 2999 aquae.
1542 2945 1656 2988 Edd.
1691 2944 1789 2988 Alc.
1821 2945 1964 2987 Rhen.

107 2716 183 2759 Sic
203 2717 303 2759 edd.
326 2716 502 2761 Ernest.
533 2719 655 2761 ssrot.
679 2734 774 2776 sqq.
806 2744 860 2752 --
907 2720 998 2775 fa-

106 2787 176 2814 ces
236 2775 517 2828 Augustales
583 2779 826 2819 subdidere
893 2777 994 2820 edd.

107 2829 472 2890 Rhen.Ald.sqq.
498 2832 551 2875 ad
566 2833 744 2877 lirnest.
777 2859 828 2867 —-
859 2834 998 2890 faces

105 2890 391 2940 Augustales
426 2891 637 2931 subditae
667 2891 733 2944 (ut
762 2890 871 2934 haec
891 2908 996 2947 pen·

107 2944 237 2985 deant
251 2962 273 2986 e
288 2949 541 3003 crematae)
556 2947 688 2990 MSS.
700 2947 850 2991 Guelf.
865 2948 994 2991 Bodl.

1077 1854 1180 1895 dita
1203 1854 1262 1896 cf.
1289 1854 1377 1897 An.
1407 1854 1476 1906 15,
1496 1852 1594 1904 30.;
1636 1853 1690 1895 de
1710 1851 1973 1911 Augustali-
2045 1883 2050 1891 .

106 3001 228 3044 Harl.
249 3002 463 3047 edd.Put.
481 3005 544 3047 M.
567 3011 610 3045 et
626 3003 682 3047 V.
699 3004 796 3047 Ber.
814 3005 916 3048 Alc.
945 3033 996 3041 -

93 3059 512 3113 facesAugustales
523 3063 720 3103 subdere
734 3062 801 3104 ed.
814 3062 932 3119 Spir.
941 3087 994 3097 —

104 3116 382 3173 Scripturam
393 3117 559 3171 facem
581 3118 839 3174 praeferunt
863 3119 996 3163 MSS.

104 3172 227 3215 Fuor.
252 3173 368 3226 (test.
395 3173 535 3230 Pich.)
562 3176 698 3220 Corb.
726 3175 833 3233 Reg.
860 3179 994 3234 Agr.;

75 3227 334 3272 ‚Victorius
375 3232 588 3274 intactum
637 3233 815 3289 reliquit
840 3235 992 3289 foces,

104 3286 223 3341 quod
270 3295 403 3329 exstat
446 3287 492 3329 in
533 3289 669 3332 MSS.
706 3290 825 3332 Harl.
858 3291 987 3334 Bodl.

104 3342 216 3384 Bud.
241 3343 393 3387 Guelf.
424 3366 481 3378 --
540 3348 792 3391 Subdidere
815 3347 989 3390 Rhena-

105 3414 188 3441 nus
223 3416 271 3442 ex
298 3399 481 3458 ingenio
515 3402 660 3446 dedit:
703 3403 839 3446 MSS.
864 3405 989 3449 Flor.

105 3456 218 3515 (test.
259 3455 392 3513 Vict.)
442 3459 556 3502 Bud.
600 3461 711 3516 Agr.
755 3465 795 3515 (a
840 3463 986 3520 prima

105 3515 254 3568 manu)
288 3514 424 3558 Corb.
470 3533 572 3559 cum
619 3519 686 3561 ed.
717 3518 836 3575 Spir.
876 3522 982 3560 sub-

105 3570 239 3610 dere.
289 3572 407 3629 quod
442 3571 612 3616 videtin·
648 3584 797 3618 ortum
836 3594 927 3621 esse
965 3593 988 3619 e

1068 3003 1171 3046 Ald.
1200 3017 1295 3059 sqq.
1329 3008 1516 3056 sumptu
1549 3001 1762 3044 Gaianae
1795 3017 1962 3058 aquae.

1067 3060 1169 3103 MS.
1195 3058 1347 3102 Guelf.
1377 3075 1400 3100 a
1430 3059 1624 3102 secunda
1654 3075 1791 3102 manu
1828 3062 1961 3102 baia-

1065 3132 1155 3159 nae
1178 3131 1344 3172 aquae.
1405 3115 1504 3159 MS.
1526 3115 1640 3173 Agr:
1673 3124 1863 3170 sumptu
1885 3120 1947 3158 Iu-

1063 3177 1315 3229 xurz'aque.
1416 3172 1590 3231 Lipsius
1660 3173 1923 3217 emendabat
1948 3187 1960 3211 ε

1062 3238 1247 3284 sumptu
1280 3231 1552 3286 saginaque.
1583 3232 1586 3233 ⁷
1619 3229 1816 3274 Piehena
1856 3246 1955 3272 ma-

1065 3290 1144 3331 luit
1164 3289 1208 3330 in
1231 3287 1381 3330 locum
1405 3288 1602 3346 recipere
1615 3285 1825 3330 Palmerii
1850 3302 1956 3328 con-

1061 3346 1276 3387 iecturam
1309 3358 1577 3416 ganeaque,
1621 3359 1808 3400 eamque
1843 3343 1950 3385 reti-

1060 3419 1198 3445 nuere
1220 3402 1436 3460 li'ernegg.
1456 3406 1602 3445 bron.
1627 3417 1725 3460 sqq.
1782 3399 1843 3443 cf.
1865 3398 1954 3441 An.

1060 3460 1100 3507 3,
1128 3459 1195 3500 52.
1236 3457 1277 3505 6,
1311 3459 1354 3501 4».
1418 3460 1645 3503 Francisc.
1676 3455 1956 3500 Matherbius

1061 3515 1178 3574 apud
1204 3514 1391 3560 Gevart.
1422 3516 1552 3560 elect.
1574 3515 1616 3564 3,
1639 3514 1681 3558 3.
1706 3514 1822 3555 vult:
1866 3529 1954 3566 ga-

1060 3588 1179 3616 neae
1214 3575 1455 3629 aleaeque.
1520 3574 1566 3615 ln
1599 3572 1700 3615 MS.
1726 3570 1849 3614 Flor.
1873 3568 1950 3611 Pi·-
2023 3599 2029 3601 --

1215 3634 1354 3707 (22
