<?xml version="1.0" encoding="UTF-8"?>
<!DOCTYPE html PUBLIC "-//W3C//DTD XHTML 1.0 Transitional//EN"
    "http://www.w3.org/TR/xhtml1/DTD/xhtml1-transitional.dtd">
<html xmlns="http://www.w3.org/1999/xhtml" xml:lang="en" lang="en">
 <head>
  <title>
</title>
<meta http-equiv="Content-Type" content="text/html;charset=utf-8" />
  <meta name='ocr-system' content='tesseract 3.04.00' />
  <meta name='ocr-capabilities' content='ocr_page ocr_carea ocr_par ocr_line ocrx_word'/>
</head>
<body>
  <div class='ocr_page' id='page_1' title='image "./operarecensuitet03taciuoft/operarecensuitet03taciuoft_0507.png"; bbox 0 0 2138 4030; ppageno 0'>
   <div class='ocr_carea' id='block_1_1' title="bbox 143 165 411 263">
    <p class='ocr_par' dir='ltr' id='par_1_1' title="bbox 143 165 411 263">
     <span class='ocr_line' id='line_1_1' title="bbox 144 165 357 205; baseline -0.023 0"><span class='ocrx_word' id='word_1_1' title='bbox 144 169 193 205; x_wconf 75' lang='lat' dir='ltr'><strong>A,</strong></span> <span class='ocrx_word' id='word_1_2' title='bbox 206 168 259 205; x_wconf 72' lang='lat'><strong>13.</strong></span> <span class='ocrx_word' id='word_1_3' title='bbox 271 165 357 201; x_wconf 75' lang='lat'><strong>824.</strong></span> 
     </span>
     <span class='ocr_line' id='line_1_2' title="bbox 143 212 411 263; baseline -0.019 -13"><span class='ocrx_word' id='word_1_4' title='bbox 143 219 194 250; x_wconf 76' lang='lat' dir='ltr'><strong>A.</strong></span> <span class='ocrx_word' id='word_1_5' title='bbox 211 212 258 248; x_wconf 88' lang='lat' dir='ltr'><strong>c.</strong></span> <span class='ocrx_word' id='word_1_6' title='bbox 295 213 352 263; x_wconf 57' lang='grc' dir='ltr'><strong>π,</strong></span> <span class='ocrx_word' id='word_1_7' title='bbox 404 227 411 239; x_wconf 60' lang='lat'><em>1</em></span> 
     </span>
    </p>
   </div>
   <div class='ocr_carea' id='block_1_2' title="bbox 657 170 943 232">
    <p class='ocr_par' dir='ltr' id='par_1_2' title="bbox 657 170 943 232">
     <span class='ocr_line' id='line_1_3' title="bbox 657 170 943 232; baseline 0.007 -2"><span class='ocrx_word' id='word_1_8' title='bbox 657 172 709 230; x_wconf 92' lang='lat' dir='ltr'>L</span> <span class='ocrx_word' id='word_1_9' title='bbox 725 170 748 227; x_wconf 85' lang='lat'>1</span> <span class='ocrx_word' id='word_1_10' title='bbox 763 171 834 232; x_wconf 86' lang='grc' dir='ltr'><strong>Β.</strong></span> <span class='ocrx_word' id='word_1_11' title='bbox 869 170 943 232; x_wconf 80' lang='lat' dir='ltr'><strong>V.</strong></span> 
     </span>
    </p>
   </div>
   <div class='ocr_carea' id='block_1_3' title="bbox 1009 167 1317 257">
    <p class='ocr_par' dir='ltr' id='par_1_3' title="bbox 1009 167 1317 257">
     <span class='ocr_line' id='line_1_4' title="bbox 1009 167 1317 257; baseline 0.013 -29"><span class='ocrx_word' id='word_1_12' title='bbox 1009 167 1223 257; x_wconf 42' lang='lat' dir='ltr'><strong>⁴¹§Aa</strong></span> <span class='ocrx_word' id='word_1_13' title='bbox 1258 175 1317 232; x_wconf 86' lang='lat'><strong>6.</strong></span> 
     </span>
    </p>
   </div>
   <div class='ocr_carea' id='block_1_4' title="bbox 1787 178 1919 238">
    <p class='ocr_par' dir='ltr' id='par_1_4' title="bbox 1787 178 1919 238">
     <span class='ocr_line' id='line_1_5' title="bbox 1787 178 1919 238; baseline 0 -1"><span class='ocrx_word' id='word_1_14' title='bbox 1787 178 1919 238; x_wconf 81' lang='grc'>497-</span> 
     </span>
    </p>
   </div>
   <div class='ocr_carea' id='block_1_5' title="bbox 55 298 1912 382">
    <p class='ocr_par' dir='ltr' id='par_1_5' title="bbox 55 298 1912 382">
     <span class='ocr_line' id='line_1_6' title="bbox 55 298 1912 382; baseline 0.002 -20"><span class='ocrx_word' id='word_1_15' title='bbox 55 306 311 362; x_wconf 85' lang='lat' dir='ltr'><strong>incertae</strong></span> <span class='ocrx_word' id='word_1_16' title='bbox 332 302 528 360; x_wconf 87' lang='lat' dir='ltr'><strong>undae</strong></span> <span class='ocrx_word' id='word_1_17' title='bbox 558 300 912 377; x_wconf 78' lang='lat' dir='ltr'><strong>superiacta,</strong></span> <span class='ocrx_word' id='word_1_18' title='bbox 956 309 1032 357; x_wconf 66' lang='lat' dir='ltr'><strong>ut1</strong></span> <span class='ocrx_word' id='word_1_19' title='bbox 1052 298 1274 375; x_wconf 84' lang='lat' dir='ltr'><strong>solidO,</strong></span> <span class='ocrx_word' id='word_1_20' title='bbox 1315 302 1540 371; x_wconf 81' lang='lat' dir='ltr'><strong>ferunt:</strong></span> <span class='ocrx_word' id='word_1_21' title='bbox 1585 305 1760 382; x_wconf 78' lang='lat' dir='ltr'><strong>periti</strong></span> <span class='ocrx_word' id='word_1_22' title='bbox 1797 307 1912 363; x_wconf 87' lang='lat' dir='ltr'><strong>im-</strong></span> 
     </span>
    </p>
   </div>
   <div class='ocr_carea' id='block_1_6' title="bbox 55 383 1262 467">
    <p class='ocr_par' dir='ltr' id='par_1_6' title="bbox 55 383 1262 467">
     <span class='ocr_line' id='line_1_7' title="bbox 55 383 1262 467; baseline -0.006 -21"><span class='ocrx_word' id='word_1_23' title='bbox 55 389 347 467; x_wconf 83' lang='lat' dir='ltr'><strong>peritique</strong></span> <span class='ocrx_word' id='word_1_24' title='bbox 385 384 572 443; x_wconf 87' lang='lat' dir='ltr'><strong>nandi</strong></span> <span class='ocrx_word' id='word_1_25' title='bbox 608 385 855 459; x_wconf 82' lang='lat' dir='ltr'><strong>perinde</strong></span> <span class='ocrx_word' id='word_1_26' title='bbox 890 383 1262 449; x_wconf 74' lang='lat' dir='ltr'><strong>attolluntur,</strong></span> 
     </span>
    </p>
   </div>
   <div class='ocr_carea' id='block_1_7' title="bbox 1366 392 1912 449">
    <p class='ocr_par' dir='ltr' id='par_1_7' title="bbox 1366 392 1912 449">
     <span class='ocr_line' id='line_1_8' title="bbox 1366 392 1912 449; baseline 0.015 -8"><span class='ocrx_word' id='word_1_27' title='bbox 1366 399 1524 447; x_wconf 85' lang='lat' dir='ltr'><strong>certo</strong></span> <span class='ocrx_word' id='word_1_28' title='bbox 1564 392 1709 447; x_wconf 82' lang='lat' dir='ltr'><strong>anni</strong></span> <span class='ocrx_word' id='word_1_29' title='bbox 1749 392 1912 449; x_wconf 85' lang='lat' dir='ltr'><strong>hitu-</strong></span> 
     </span>
    </p>
   </div>
   <div class='ocr_carea' id='block_1_8' title="bbox 56 468 1913 552">
    <p class='ocr_par' dir='ltr' id='par_1_8' title="bbox 56 468 1913 552">
     <span class='ocr_line' id='line_1_9' title="bbox 56 468 1913 552; baseline 0.002 -21"><span class='ocrx_word' id='word_1_30' title='bbox 56 495 195 531; x_wconf 87' lang='lat' dir='ltr'><strong>men</strong></span> <span class='ocrx_word' id='word_1_31' title='bbox 228 472 431 546; x_wconf 84' lang='lat' dir='ltr'><strong>egerit:</strong></span> <span class='ocrx_word' id='word_1_32' title='bbox 498 469 666 527; x_wconf 91' lang='lat' dir='ltr'><strong>cuius</strong></span> <span class='ocrx_word' id='word_1_33' title='bbox 703 468 939 542; x_wconf 82' lang='lat' dir='ltr'><strong>legendi</strong></span> <span class='ocrx_word' id='word_1_34' title='bbox 975 489 1148 525; x_wconf 89' lang='lat' dir='ltr'><strong>usum</strong></span> <span class='ocrx_word' id='word_1_35' title='bbox 1188 480 1267 527; x_wconf 81' lang='lat' dir='ltr'><strong>ut</strong></span> <span class='ocrx_word' id='word_1_36' title='bbox 1291 481 1508 528; x_wconf 87' lang='lat' dir='ltr'><strong>ceteras</strong></span> <span class='ocrx_word' id='word_1_37' title='bbox 1545 486 1696 532; x_wconf 84' lang='lat' dir='ltr'><strong>artes</strong></span> <span class='ocrx_word' id='word_1_38' title='bbox 1738 496 1913 552; x_wconf 83' lang='lat' dir='ltr'><strong>expe-</strong></span> 
     </span>
    </p>
   </div>
   <div class='ocr_carea' id='block_1_9' title="bbox 55 555 535 617">
    <p class='ocr_par' dir='ltr' id='par_1_9' title="bbox 55 555 535 617">
     <span class='ocr_line' id='line_1_10' title="bbox 55 555 535 617; baseline -0.004 0"><span class='ocrx_word' id='word_1_39' title='bbox 55 558 269 617; x_wconf 82' lang='lat' dir='ltr'><strong>rientia</strong></span> <span class='ocrx_word' id='word_1_40' title='bbox 315 555 535 615; x_wconf 86' lang='lat' dir='ltr'><strong>docuit.</strong></span> 
     </span>
    </p>
   </div>
   <div class='ocr_carea' id='block_1_10' title="bbox 646 549 1912 636">
    <p class='ocr_par' dir='ltr' id='par_1_10' title="bbox 646 549 1912 636">
     <span class='ocr_line' id='line_1_11' title="bbox 646 549 1912 636; baseline 0.006 -25"><span class='ocrx_word' id='word_1_41' title='bbox 646 549 794 611; x_wconf 88' lang='lat' dir='ltr'><strong>Ater</strong></span> <span class='ocrx_word' id='word_1_42' title='bbox 844 566 1047 630; x_wconf 87' lang='lat' dir='ltr'><strong>suapte</strong></span> <span class='ocrx_word' id='word_1_43' title='bbox 1102 565 1312 611; x_wconf 81' lang='lat' dir='ltr'><strong>natura</strong></span> <span class='ocrx_word' id='word_1_44' title='bbox 1359 556 1558 632; x_wconf 87' lang='lat' dir='ltr'><strong>liquor</strong></span> <span class='ocrx_word' id='word_1_45' title='bbox 1606 572 1662 617; x_wconf 83' lang='lat' dir='ltr'><strong>et</strong></span> <span class='ocrx_word' id='word_1_46' title='bbox 1710 581 1912 636; x_wconf 85' lang='lat' dir='ltr'><strong>sparso</strong></span> 
     </span>
    </p>
   </div>
   <div class='ocr_carea' id='block_1_11' title="bbox 58 635 1912 721">
    <p class='ocr_par' dir='ltr' id='par_1_11' title="bbox 58 635 1912 721">
     <span class='ocr_line' id='line_1_12' title="bbox 58 635 1912 721; baseline 0.001 -19"><span class='ocrx_word' id='word_1_47' title='bbox 58 655 218 702; x_wconf 86' lang='lat' dir='ltr'><strong>aceto</strong></span> <span class='ocrx_word' id='word_1_48' title='bbox 246 653 550 699; x_wconf 82' lang='lat' dir='ltr'><strong>concretus</strong></span> <span class='ocrx_word' id='word_1_49' title='bbox 573 639 822 721; x_wconf 78' lang='lat' dir='ltr'><strong>innatat.</strong></span> <span class='ocrx_word' id='word_1_50' title='bbox 908 635 1069 696; x_wconf 88' lang='lat' dir='ltr'><strong>hunc</strong></span> <span class='ocrx_word' id='word_1_51' title='bbox 1095 651 1285 696; x_wconf 54' lang='lat' dir='ltr'><strong>manu*</strong></span> <span class='ocrx_word' id='word_1_52' title='bbox 1315 652 1549 716; x_wconf 76' lang='lat' dir='ltr'><strong>captum</strong></span> <span class='ocrx_word' id='word_1_53' title='bbox 1590 646 1807 720; x_wconf 89' lang='lat' dir='ltr'><strong>quibus</strong></span> <span class='ocrx_word' id='word_1_54' title='bbox 1845 668 1912 704; x_wconf 86' lang='lat' dir='ltr'><strong>ea</strong></span> 
     </span>
    </p>
   </div>
   <div class='ocr_carea' id='block_1_12' title="bbox 57 716 1179 886">
    <p class='ocr_par' dir='ltr' id='par_1_12' title="bbox 57 716 1179 886">
     <span class='ocr_line' id='line_1_13' title="bbox 57 716 1072 786; baseline -0.008 0"><span class='ocrx_word' id='word_1_55' title='bbox 57 749 198 786; x_wconf 86' lang='lat' dir='ltr'><strong>cura</strong></span> <span class='ocrx_word' id='word_1_56' title='bbox 230 728 295 784; x_wconf 92' lang='lat' dir='ltr'><strong>in</strong></span> <span class='ocrx_word' id='word_1_57' title='bbox 332 746 558 783; x_wconf 86' lang='lat' dir='ltr'><strong>summa</strong></span> <span class='ocrx_word' id='word_1_58' title='bbox 597 724 767 780; x_wconf 88' lang='lat' dir='ltr'><strong>navis</strong></span> <span class='ocrx_word' id='word_1_59' title='bbox 804 716 1072 784; x_wconf 6' lang='lat' dir='ltr'><strong>trahunt..</strong></span> 
     </span>
     <span class='ocr_line' id='line_1_14' title="bbox 57 809 1179 886; baseline -0.003 -16"><span class='ocrx_word' id='word_1_60' title='bbox 57 814 191 872; x_wconf 81' lang='lat' dir='ltr'><strong>fluit</strong></span> <span class='ocrx_word' id='word_1_61' title='bbox 226 823 579 886; x_wconf 81' lang='lat' dir='ltr'><strong>oneratque,</strong></span> <span class='ocrx_word' id='word_1_62' title='bbox 623 810 810 865; x_wconf 89' lang='lat' dir='ltr'><strong>donec</strong></span> <span class='ocrx_word' id='word_1_63' title='bbox 851 809 1179 868; x_wconf 81' lang='lat' dir='ltr'><strong>abscindas·</strong></span> 
     </span>
    </p>
   </div>
   <div class='ocr_carea' id='block_1_13' title="bbox 1155 721 1912 888">
    <p class='ocr_par' dir='ltr' id='par_1_13' title="bbox 1155 721 1912 888">
     <span class='ocr_line' id='line_1_15' title="bbox 1155 721 1911 793; baseline 0.011 -13"><span class='ocrx_word' id='word_1_64' title='bbox 1155 721 1302 781; x_wconf 90' lang='lat' dir='ltr'><strong>Inde</strong></span> <span class='ocrx_word' id='word_1_65' title='bbox 1334 726 1517 793; x_wconf 28' lang='lat' dir='ltr'><strong>nullos</strong></span> <span class='ocrx_word' id='word_1_66' title='bbox 1537 728 1775 792; x_wconf 86' lang='lat' dir='ltr'><strong>iuvante</strong></span> <span class='ocrx_word' id='word_1_67' title='bbox 1815 732 1911 787; x_wconf 90' lang='lat' dir='ltr'><strong>in-</strong></span> 
     </span>
     <span class='ocr_line' id='line_1_16' title="bbox 1264 806 1912 888; baseline 0.012 -23"><span class='ocrx_word' id='word_1_68' title='bbox 1264 806 1371 867; x_wconf 81' lang='lat' dir='ltr'><strong>nec</strong></span> <span class='ocrx_word' id='word_1_69' title='bbox 1406 811 1750 888; x_wconf 75' lang='lat' dir='ltr'><strong>abscindere</strong></span> <span class='ocrx_word' id='word_1_70' title='bbox 1779 836 1912 873; x_wconf 87' lang='lat' dir='ltr'><strong>aere</strong></span> 
     </span>
    </p>
   </div>
   <div class='ocr_carea' id='block_1_14' title="bbox 55 890 1911 972">
    <p class='ocr_par' dir='ltr' id='par_1_14' title="bbox 55 890 1911 972">
     <span class='ocr_line' id='line_1_17' title="bbox 55 890 1911 972; baseline 0.001 -16"><span class='ocrx_word' id='word_1_71' title='bbox 55 901 288 956; x_wconf 82' lang='lat' dir='ltr'><strong>ferrove</strong></span> <span class='ocrx_word' id='word_1_72' title='bbox 316 896 531 972; x_wconf 90' lang='lat' dir='ltr'><strong>possis:</strong></span> <span class='ocrx_word' id='word_1_73' title='bbox 589 894 740 968; x_wconf 80' lang='lat' dir='ltr'><strong>fugit</strong></span> <span class='ocrx_word' id='word_1_74' title='bbox 779 913 1049 951; x_wconf 84' lang='lat' dir='ltr'><strong>cruorem</strong></span> <span class='ocrx_word' id='word_1_75' title='bbox 1087 905 1423 971; x_wconf 82' lang='lat' dir='ltr'><strong>vestemque</strong></span> <span class='ocrx_word' id='word_1_76' title='bbox 1456 890 1736 955; x_wconf 48' lang='lat' dir='ltr'><strong>&#39;infectam</strong></span> <span class='ocrx_word' id='word_1_77' title='bbox 1775 920 1911 957; x_wconf 88' lang='lat' dir='ltr'><strong>san-</strong></span> 
     </span>
    </p>
   </div>
   <div class='ocr_carea' id='block_1_15' title="bbox 56 980 1914 1138">
    <p class='ocr_par' dir='ltr' id='par_1_15' title="bbox 56 980 1914 1138">
     <span class='ocr_line' id='line_1_18' title="bbox 56 980 1594 1059; baseline 0 -20"><span class='ocrx_word' id='word_1_78' title='bbox 56 984 264 1058; x_wconf 81' lang='lat' dir='ltr'><strong>guine,</strong></span> <span class='ocrx_word' id='word_1_79' title='bbox 322 1003 439 1059; x_wconf 90' lang='lat' dir='ltr'><strong>quo</strong></span> <span class='ocrx_word' id='word_1_80' title='bbox 484 980 737 1037; x_wconf 88' lang='lat' dir='ltr'><strong>feminae</strong></span> <span class='ocrx_word' id='word_1_81' title='bbox 781 999 890 1054; x_wconf 87' lang='lat' dir='ltr'><strong>per</strong></span> <span class='ocrx_word' id='word_1_82' title='bbox 921 998 1148 1034; x_wconf 87' lang='lat' dir='ltr'><strong>menses</strong></span> <span class='ocrx_word' id='word_1_83' title='bbox 1195 981 1594 1039; x_wconf 82' lang='lat' dir='ltr'><strong>exsolvuntur.</strong></span> 
     </span>
     <span class='ocr_line' id='line_1_19' title="bbox 636 1065 1914 1138; baseline 0.005 -17"><span class='ocrx_word' id='word_1_84' title='bbox 636 1066 737 1121; x_wconf 85' lang='lat' dir='ltr'><strong>sed</strong></span> <span class='ocrx_word' id='word_1_85' title='bbox 777 1065 946 1138; x_wconf 79' lang='lat' dir='ltr'><strong>gnari</strong></span> <span class='ocrx_word' id='word_1_86' title='bbox 980 1066 1245 1122; x_wconf 87' lang='lat' dir='ltr'><strong>locorum</strong></span> <span class='ocrx_word' id='word_1_87' title='bbox 1290 1067 1564 1136; x_wconf 86' lang='lat' dir='ltr'><strong>tradunt,</strong></span> <span class='ocrx_word' id='word_1_88' title='bbox 1621 1069 1914 1127; x_wconf 85' lang='lat' dir='ltr'><strong>undantes</strong></span> 
     </span>
    </p>
   </div>
   <div class='ocr_carea' id='block_1_16' title="bbox 55 1063 539 1127">
    <p class='ocr_par' dir='ltr' id='par_1_16' title="bbox 55 1063 539 1127">
     <span class='ocr_line' id='line_1_20' title="bbox 55 1063 539 1127; baseline -0.004 0"><span class='ocrx_word' id='word_1_89' title='bbox 55 1063 208 1127; x_wconf 80' lang='lat' dir='ltr'><strong>teres</strong></span> <span class='ocrx_word' id='word_1_90' title='bbox 255 1078 539 1125; x_wconf 80' lang='lat' dir='ltr'><strong>auctoreS.</strong></span> 
     </span>
    </p>
   </div>
   <div class='ocr_carea' id='block_1_17' title="bbox 18 1304 954 3536">
    <p class='ocr_par' dir='ltr' id='par_1_17' title="bbox 18 1304 954 3536">
     <span class='ocr_line' id='line_1_21' title="bbox 114 1304 952 1359; baseline -0.005 -7"><span class='ocrx_word' id='word_1_91' title='bbox 114 1311 319 1359; x_wconf 74' lang='lat' dir='ltr'><strong>incertae</strong></span> <span class='ocrx_word' id='word_1_92' title='bbox 341 1310 510 1353; x_wconf 83' lang='lat' dir='ltr'><strong>undae.</strong></span> <span class='ocrx_word' id='word_1_93' title='bbox 572 1307 647 1351; x_wconf 89' lang='lat' dir='ltr'><strong>Sic</strong></span> <span class='ocrx_word' id='word_1_94' title='bbox 669 1304 808 1351; x_wconf 85' lang='lat' dir='ltr'><strong>MSS.</strong></span> <span class='ocrx_word' id='word_1_95' title='bbox 827 1307 952 1350; x_wconf 80' lang='lat' dir='ltr'><strong>Flor.</strong></span> 
     </span>
     <span class='ocr_line' id='line_1_22' title="bbox 58 1364 950 1422; baseline -0.003 -13"><span class='ocrx_word' id='word_1_96' title='bbox 58 1368 206 1412; x_wconf 86' lang='lat' dir='ltr'><strong>Vatic.</strong></span> <span class='ocrx_word' id='word_1_97' title='bbox 242 1366 354 1422; x_wconf 72' lang='lat' dir='ltr'><strong>Reg.</strong></span> <span class='ocrx_word' id='word_1_98' title='bbox 392 1365 529 1408; x_wconf 83' lang='lat' dir='ltr'><strong>Corb.</strong></span> <span class='ocrx_word' id='word_1_99' title='bbox 555 1365 670 1408; x_wconf 94' lang='lat' dir='ltr'><strong>Bud.</strong></span> <span class='ocrx_word' id='word_1_100' title='bbox 707 1365 816 1420; x_wconf 82' lang='lat' dir='ltr'><strong>Agr.</strong></span> <span class='ocrx_word' id='word_1_101' title='bbox 848 1364 950 1407; x_wconf 89' lang='lat' dir='ltr'><strong>edd.</strong></span> 
     </span>
     <span class='ocr_line' id='line_1_23' title="bbox 18 1420 948 1482; baseline -0.005 -14"><span class='ocrx_word' id='word_1_102' title='bbox 18 1439 20 1442; x_wconf 79' lang='grc'>’</span> <span class='ocrx_word' id='word_1_103' title='bbox 58 1424 177 1482; x_wconf 86' lang='lat' dir='ltr'><strong>Spir.</strong></span> <span class='ocrx_word' id='word_1_104' title='bbox 216 1423 452 1474; x_wconf 63' lang='lat' dir='ltr'><strong>Beroald„</strong></span> <span class='ocrx_word' id='word_1_105' title='bbox 494 1421 578 1465; x_wconf 89' lang='lat' dir='ltr'><strong>nisi</strong></span> <span class='ocrx_word' id='word_1_106' title='bbox 611 1421 734 1478; x_wconf 84' lang='lat' dir='ltr'><strong>quod</strong></span> <span class='ocrx_word' id='word_1_107' title='bbox 769 1420 948 1477; x_wconf 83' lang='lat' dir='ltr'><strong>quidam</strong></span> 
     </span>
     <span class='ocr_line' id='line_1_24' title="bbox 54 1480 951 1526; baseline -0.009 1"><span class='ocrx_word' id='word_1_108' title='bbox 54 1483 220 1526; x_wconf 79' lang='lat' dir='ltr'><strong>borum</strong></span> <span class='ocrx_word' id='word_1_109' title='bbox 265 1481 487 1523; x_wconf 79' lang='lat' dir='ltr'><strong>librorum</strong></span> <span class='ocrx_word' id='word_1_110' title='bbox 533 1480 736 1522; x_wconf 87' lang='lat' dir='ltr'><strong>scribunt</strong></span> <span class='ocrx_word' id='word_1_111' title='bbox 775 1482 951 1520; x_wconf 82' lang='lat' dir='ltr'><strong>incerte</strong></span> 
     </span>
     <span class='ocr_line' id='line_1_25' title="bbox 57 1537 949 1592; baseline -0.006 -9"><span class='ocrx_word' id='word_1_112' title='bbox 57 1543 194 1583; x_wconf 81' lang='lat' dir='ltr'><strong>unde.</strong></span> <span class='ocrx_word' id='word_1_113' title='bbox 255 1537 364 1581; x_wconf 87' lang='lat' dir='ltr'><strong>Inde</strong></span> <span class='ocrx_word' id='word_1_114' title='bbox 401 1552 545 1580; x_wconf 87' lang='lat' dir='ltr'><strong>veram</strong></span> <span class='ocrx_word' id='word_1_115' title='bbox 581 1537 845 1592; x_wconf 78' lang='lat' dir='ltr'><strong>scripturam</strong></span> <span class='ocrx_word' id='word_1_116' title='bbox 882 1552 949 1578; x_wconf 87' lang='lat' dir='ltr'><strong>re-</strong></span> 
     </span>
     <span class='ocr_line' id='line_1_26' title="bbox 55 1594 952 1652; baseline -0.008 -12"><span class='ocrx_word' id='word_1_117' title='bbox 55 1597 200 1645; x_wconf 82' lang='lat' dir='ltr'><strong>stituit</strong></span> <span class='ocrx_word' id='word_1_118' title='bbox 232 1594 420 1652; x_wconf 78' lang='lat' dir='ltr'><strong>Lipsius.</strong></span> <span class='ocrx_word' id='word_1_119' title='bbox 453 1618 507 1628; x_wconf 94' lang='lat'>—</span> <span class='ocrx_word' id='word_1_120' title='bbox 565 1596 793 1635; x_wconf 73' lang='lat' dir='ltr'><strong>incertum</strong></span> <span class='ocrx_word' id='word_1_121' title='bbox 827 1597 952 1634; x_wconf 83' lang='lat' dir='ltr'><strong>unde</strong></span> 
     </span>
     <span class='ocr_line' id='line_1_27' title="bbox 57 1650 947 1698; baseline -0.007 0"><span class='ocrx_word' id='word_1_122' title='bbox 57 1653 194 1698; x_wconf 89' lang='lat' dir='ltr'><strong>MSS.</strong></span> <span class='ocrx_word' id='word_1_123' title='bbox 217 1651 374 1696; x_wconf 85' lang='lat' dir='ltr'><strong>Guelf.</strong></span> <span class='ocrx_word' id='word_1_124' title='bbox 408 1651 530 1694; x_wconf 85' lang='lat' dir='ltr'><strong>Harl.</strong></span> <span class='ocrx_word' id='word_1_125' title='bbox 570 1651 701 1693; x_wconf 79' lang='lat' dir='ltr'><strong>Bodl.</strong></span> <span class='ocrx_word' id='word_1_126' title='bbox 727 1651 811 1694; x_wconf 90' lang='lat' dir='ltr'><strong>les.</strong></span> <span class='ocrx_word' id='word_1_127' title='bbox 847 1650 947 1692; x_wconf 89' lang='lat' dir='ltr'><strong>edd.</strong></span> 
     </span>
     <span class='ocr_line' id='line_1_28' title="bbox 57 1707 947 1765; baseline -0.003 -11"><span class='ocrx_word' id='word_1_128' title='bbox 57 1710 236 1754; x_wconf 87' lang='lat' dir='ltr'><strong>Puteol.</strong></span> <span class='ocrx_word' id='word_1_129' title='bbox 280 1708 443 1751; x_wconf 83' lang='lat' dir='ltr'><strong>Alciat.</strong></span> <span class='ocrx_word' id='word_1_130' title='bbox 483 1724 581 1765; x_wconf 86' lang='lat' dir='ltr'><strong>sqq.</strong></span> <span class='ocrx_word' id='word_1_131' title='bbox 628 1708 682 1750; x_wconf 85' lang='lat' dir='ltr'><strong>ad</strong></span> <span class='ocrx_word' id='word_1_132' title='bbox 729 1707 947 1764; x_wconf 78' lang='lat' dir='ltr'><strong>Lipsium.</strong></span> 
     </span>
     <span class='ocr_line' id='line_1_29' title="bbox 60 1765 947 1823; baseline -0.003 -13"><span class='ocrx_word' id='word_1_133' title='bbox 60 1768 210 1823; x_wconf 84' lang='lat' dir='ltr'><strong>Quam</strong></span> <span class='ocrx_word' id='word_1_134' title='bbox 256 1766 524 1823; x_wconf 85' lang='lat' dir='ltr'><strong>scripturam</strong></span> <span class='ocrx_word' id='word_1_135' title='bbox 567 1765 729 1808; x_wconf 87' lang='lat' dir='ltr'><strong>deinde</strong></span> <span class='ocrx_word' id='word_1_136' title='bbox 765 1781 947 1808; x_wconf 86' lang='lat' dir='ltr'><strong>revoca·</strong></span> 
     </span>
     <span class='ocr_line' id='line_1_30' title="bbox 58 1821 949 1880; baseline -0.007 -10"><span class='ocrx_word' id='word_1_137' title='bbox 58 1836 167 1870; x_wconf 80' lang='lat' dir='ltr'><strong>runt</strong></span> <span class='ocrx_word' id='word_1_138' title='bbox 188 1824 497 1880; x_wconf 81' lang='lat' dir='ltr'><strong>Berneggerus</strong></span> <span class='ocrx_word' id='word_1_139' title='bbox 532 1832 575 1866; x_wconf 89' lang='lat' dir='ltr'><strong>et</strong></span> <span class='ocrx_word' id='word_1_140' title='bbox 607 1821 839 1880; x_wconf 81' lang='lat' dir='ltr'><strong>Bipontini</strong></span> <span class='ocrx_word' id='word_1_141' title='bbox 874 1838 949 1864; x_wconf 89' lang='lat' dir='ltr'><strong>ne-</strong></span> 
     </span>
     <span class='ocr_line' id='line_1_31' title="bbox 55 1879 949 1933; baseline -0.008 -5"><span class='ocrx_word' id='word_1_142' title='bbox 55 1883 180 1928; x_wconf 84' lang='lat' dir='ltr'><strong>mine</strong></span> <span class='ocrx_word' id='word_1_143' title='bbox 237 1882 455 1924; x_wconf 77' lang='lat' dir='ltr'><strong>laudente.</strong></span> <span class='ocrx_word' id='word_1_144' title='bbox 492 1905 549 1915; x_wconf 89' lang='lat'>—</span> <span class='ocrx_word' id='word_1_145' title='bbox 609 1879 701 1922; x_wconf 88' lang='lat' dir='ltr'><strong>Pro</strong></span> <span class='ocrx_word' id='word_1_146' title='bbox 729 1883 949 1933; x_wconf 74' lang='lat' dir='ltr'><strong>superia-</strong></span> 
     </span>
     <span class='ocr_line' id='line_1_32' title="bbox 57 1937 949 1996; baseline -0.003 -12"><span class='ocrx_word' id='word_1_147' title='bbox 57 1950 143 1990; x_wconf 55' lang='lat' dir='ltr'><strong>cta}</strong></span> <span class='ocrx_word' id='word_1_148' title='bbox 166 1957 233 1983; x_wconf 86' lang='lat' dir='ltr'><strong>e‹.</strong></span> <span class='ocrx_word' id='word_1_149' title='bbox 264 1937 401 1996; x_wconf 83' lang='lat' dir='ltr'><strong>Lipsii</strong></span> <span class='ocrx_word' id='word_1_150' title='bbox 421 1937 475 1980; x_wconf 85' lang='lat' dir='ltr'><strong>de</strong></span> <span class='ocrx_word' id='word_1_151' title='bbox 511 1953 630 1981; x_wconf 89' lang='lat' dir='ltr'><strong>anno</strong></span> <span class='ocrx_word' id='word_1_152' title='bbox 662 1938 787 1996; x_wconf 71' lang='lat'><strong>1607.</strong></span> <span class='ocrx_word' id='word_1_153' title='bbox 818 1937 949 1981; x_wconf 84' lang='lat' dir='ltr'><strong>habet</strong></span> 
     </span>
     <span class='ocr_line' id='line_1_33' title="bbox 55 1994 949 2054; baseline -0.006 -14"><span class='ocrx_word' id='word_1_154' title='bbox 55 1999 323 2054; x_wconf 75' lang='lat' dir='ltr'><strong>superiecta.</strong></span> <span class='ocrx_word' id='word_1_155' title='bbox 350 2018 403 2027; x_wconf 92' lang='lat'>-</span> <span class='ocrx_word' id='word_1_156' title='bbox 451 1995 664 2038; x_wconf 88' lang='lat' dir='ltr'><strong>Formam</strong></span> <span class='ocrx_word' id='word_1_157' title='bbox 676 1994 949 2049; x_wconf 71' lang='lat' dir='ltr'><strong>feruntEr·</strong></span> 
     </span>
     <span class='ocr_line' id='line_1_34' title="bbox 57 2051 946 2110; baseline -0.004 -11"><span class='ocrx_word' id='word_1_158' title='bbox 57 2066 171 2100; x_wconf 90' lang='lat' dir='ltr'><strong>nest.</strong></span> <span class='ocrx_word' id='word_1_159' title='bbox 206 2054 383 2097; x_wconf 84' lang='lat' dir='ltr'><strong>Broter.</strong></span> <span class='ocrx_word' id='word_1_160' title='bbox 416 2068 514 2110; x_wconf 85' lang='lat' dir='ltr'><strong>sqq.</strong></span> <span class='ocrx_word' id='word_1_161' title='bbox 548 2051 838 2095; x_wconf 82' lang='lat' dir='ltr'><strong>suadentibus</strong></span> <span class='ocrx_word' id='word_1_162' title='bbox 873 2052 946 2095; x_wconf 84' lang='lat' dir='ltr'><strong>Pi-</strong></span> 
     </span>
     <span class='ocr_line' id='line_1_35' title="bbox 60 2108 951 2158; baseline -0.006 -1"><span class='ocrx_word' id='word_1_163' title='bbox 60 2115 197 2158; x_wconf 84' lang='lat' dir='ltr'><strong>cbena</strong></span> <span class='ocrx_word' id='word_1_164' title='bbox 219 2119 260 2154; x_wconf 84' lang='lat' dir='ltr'><strong>et</strong></span> <span class='ocrx_word' id='word_1_165' title='bbox 286 2111 371 2154; x_wconf 81' lang='lat' dir='ltr'><strong>Iac.</strong></span> <span class='ocrx_word' id='word_1_166' title='bbox 392 2109 631 2153; x_wconf 82' lang='lat' dir='ltr'><strong>Gronovio</strong></span> <span class='ocrx_word' id='word_1_167' title='bbox 656 2108 951 2153; x_wconf 83' lang='lat' dir='ltr'><strong>restituerunt</strong></span> 
     </span>
     <span class='ocr_line' id='line_1_36' title="bbox 58 2165 949 2222; baseline -0.007 -8"><span class='ocrx_word' id='word_1_168' title='bbox 58 2189 81 2214; x_wconf 90' lang='lat' dir='ltr'><strong>e</strong></span> <span class='ocrx_word' id='word_1_169' title='bbox 100 2169 235 2216; x_wconf 85' lang='lat' dir='ltr'><strong>MSS.</strong></span> <span class='ocrx_word' id='word_1_170' title='bbox 247 2168 370 2211; x_wconf 83' lang='lat' dir='ltr'><strong>Flor.</strong></span> <span class='ocrx_word' id='word_1_171' title='bbox 394 2166 489 2220; x_wconf 87' lang='lat' dir='ltr'><strong>(ubi</strong></span> <span class='ocrx_word' id='word_1_172' title='bbox 515 2175 580 2210; x_wconf 85' lang='lat' dir='ltr'><strong>est</strong></span> <span class='ocrx_word' id='word_1_173' title='bbox 587 2167 683 2221; x_wconf 55' lang='lat' dir='ltr'><strong>fei·⁴</strong></span> <span class='ocrx_word' id='word_1_174' title='bbox 696 2165 949 2222; x_wconf 84' lang='lat' dir='ltr'><strong>test.Picb.)</strong></span> 
     </span>
     <span class='ocr_line' id='line_1_37' title="bbox 36 2223 948 2281; baseline -0.015 -8"><span class='ocrx_word' id='word_1_175' title='bbox 36 2229 206 2273; x_wconf 80' lang='lat' dir='ltr'><strong>:Vatic.</strong></span> <span class='ocrx_word' id='word_1_176' title='bbox 232 2225 345 2281; x_wconf 74' lang='lat' dir='ltr'><strong>Reg.</strong></span> <span class='ocrx_word' id='word_1_177' title='bbox 373 2223 489 2266; x_wconf 88' lang='lat' dir='ltr'><strong>Bud.</strong></span> <span class='ocrx_word' id='word_1_178' title='bbox 514 2223 585 2267; x_wconf 91' lang='lat' dir='ltr'><strong>ed.</strong></span> <span class='ocrx_word' id='word_1_179' title='bbox 606 2223 724 2279; x_wconf 84' lang='lat' dir='ltr'><strong>Spir.</strong></span> <span class='ocrx_word' id='word_1_180' title='bbox 757 2250 817 2259; x_wconf 89' lang='lat'><em>-</em></span> <span class='ocrx_word' id='word_1_181' title='bbox 864 2225 948 2278; x_wconf 71' lang='lat' dir='ltr'><strong>se..</strong></span> 
     </span>
     <span class='ocr_line' id='line_1_38' title="bbox 58 2279 947 2331; baseline -0.006 -1"><span class='ocrx_word' id='word_1_182' title='bbox 58 2293 229 2331; x_wconf 79' lang='lat' dir='ltr'><strong>rantur</strong></span> <span class='ocrx_word' id='word_1_183' title='bbox 257 2282 360 2325; x_wconf 86' lang='lat' dir='ltr'><strong>MS.</strong></span> <span class='ocrx_word' id='word_1_184' title='bbox 397 2279 548 2324; x_wconf 83' lang='lat' dir='ltr'><strong>Guelf.</strong></span> <span class='ocrx_word' id='word_1_185' title='bbox 587 2280 687 2325; x_wconf 86' lang='lat' dir='ltr'><strong>edd.</strong></span> <span class='ocrx_word' id='word_1_186' title='bbox 721 2279 825 2324; x_wconf 86' lang='lat' dir='ltr'><strong>Put.</strong></span> <span class='ocrx_word' id='word_1_187' title='bbox 861 2281 947 2325; x_wconf 83' lang='lat' dir='ltr'><strong>Be-</strong></span> 
     </span>
     <span class='ocr_line' id='line_1_39' title="bbox 55 2337 951 2395; baseline -0.007 -8"><span class='ocrx_word' id='word_1_188' title='bbox 55 2339 201 2387; x_wconf 68' lang='lat' dir='ltr'><strong>maid.</strong></span> <span class='ocrx_word' id='word_1_189' title='bbox 224 2341 348 2393; x_wconf 87' lang='lat' dir='ltr'><strong>(cum</strong></span> <span class='ocrx_word' id='word_1_190' title='bbox 371 2338 440 2381; x_wconf 82' lang='lat' dir='ltr'><strong>sil.</strong></span> <span class='ocrx_word' id='word_1_191' title='bbox 465 2337 604 2393; x_wconf 68' lang='lat' dir='ltr'><strong>Vici.)</strong></span> <span class='ocrx_word' id='word_1_192' title='bbox 623 2354 722 2395; x_wconf 86' lang='lat' dir='ltr'><strong>sqq.</strong></span> <span class='ocrx_word' id='word_1_193' title='bbox 752 2361 810 2370; x_wconf 90' lang='lat'><strong>-—</strong></span> <span class='ocrx_word' id='word_1_194' title='bbox 844 2342 951 2394; x_wconf 80' lang='lat' dir='ltr'><strong>fert</strong></span> 
     </span>
     <span class='ocr_line' id='line_1_40' title="bbox 57 2394 952 2453; baseline -0.007 -8"><span class='ocrx_word' id='word_1_195' title='bbox 57 2400 193 2445; x_wconf 84' lang='lat' dir='ltr'><strong>MSS.</strong></span> <span class='ocrx_word' id='word_1_196' title='bbox 218 2397 357 2443; x_wconf 81' lang='lat' dir='ltr'><strong>Corb.</strong></span> <span class='ocrx_word' id='word_1_197' title='bbox 383 2403 427 2438; x_wconf 86' lang='lat' dir='ltr'><strong>et</strong></span> <span class='ocrx_word' id='word_1_198' title='bbox 449 2394 560 2452; x_wconf 87' lang='lat' dir='ltr'><strong>Agr.</strong></span> <span class='ocrx_word' id='word_1_199' title='bbox 584 2396 627 2448; x_wconf 90' lang='lat' dir='ltr'><strong>(a</strong></span> <span class='ocrx_word' id='word_1_200' title='bbox 657 2410 744 2438; x_wconf 88' lang='lat' dir='ltr'><strong>sec.</strong></span> <span class='ocrx_word' id='word_1_201' title='bbox 766 2398 920 2453; x_wconf 88' lang='lat' dir='ltr'><strong>manu)</strong></span> <span class='ocrx_word' id='word_1_202' title='bbox 939 2412 952 2439; x_wconf 75' lang='lat' dir='ltr'><strong>t</strong></span> 
     </span>
     <span class='ocr_line' id='line_1_41' title="bbox 60 2452 949 2516; baseline -0.004 -16"><span class='ocrx_word' id='word_1_203' title='bbox 60 2477 85 2505; x_wconf 81' lang='lat' dir='ltr'><strong>a</strong></span> <span class='ocrx_word' id='word_1_204' title='bbox 127 2457 276 2516; x_wconf 87' lang='lat' dir='ltr'><strong>prima</strong></span> <span class='ocrx_word' id='word_1_205' title='bbox 320 2467 456 2495; x_wconf 81' lang='lat' dir='ltr'><strong>manu</strong></span> <span class='ocrx_word' id='word_1_206' title='bbox 509 2454 556 2495; x_wconf 89' lang='lat' dir='ltr'><strong>in</strong></span> <span class='ocrx_word' id='word_1_207' title='bbox 597 2452 698 2496; x_wconf 89' lang='lat' dir='ltr'><strong>MS.</strong></span> <span class='ocrx_word' id='word_1_208' title='bbox 731 2452 845 2510; x_wconf 83' lang='lat' dir='ltr'><strong>Agr.</strong></span> <span class='ocrx_word' id='word_1_209' title='bbox 883 2461 949 2496; x_wconf 81' lang='lat' dir='ltr'><strong>est</strong></span> 
     </span>
     <span class='ocr_line' id='line_1_42' title="bbox 46 2509 948 2577; baseline -0.011 -16"><span class='ocrx_word' id='word_1_210' title='bbox 46 2518 193 2577; x_wconf 81' lang='lat' dir='ltr'><strong>seret.</strong></span> <span class='ocrx_word' id='word_1_211' title='bbox 218 2535 283 2562; x_wconf 62' lang='grc'><strong>,--</strong></span> <span class='ocrx_word' id='word_1_212' title='bbox 344 2509 531 2553; x_wconf 87' lang='lat' dir='ltr'><strong>Grotius</strong></span> <span class='ocrx_word' id='word_1_213' title='bbox 564 2509 846 2554; x_wconf 80' lang='lat' dir='ltr'><strong>coniectabat</strong></span> <span class='ocrx_word' id='word_1_214' title='bbox 874 2511 948 2552; x_wconf 84' lang='lat' dir='ltr'><strong>in-</strong></span> 
     </span>
     <span class='ocr_line' id='line_1_43' title="bbox 56 2566 949 2626; baseline -0.009 -8"><span class='ocrx_word' id='word_1_215' title='bbox 56 2574 152 2619; x_wconf 85' lang='lat' dir='ltr'><strong>erti</strong></span> <span class='ocrx_word' id='word_1_216' title='bbox 172 2572 340 2619; x_wconf 79' lang='lat' dir='ltr'><strong>undae,</strong></span> <span class='ocrx_word' id='word_1_217' title='bbox 361 2566 484 2626; x_wconf 88' lang='lat' dir='ltr'><strong>quod</strong></span> <span class='ocrx_word' id='word_1_218' title='bbox 506 2566 756 2624; x_wconf 78' lang='lat' dir='ltr'><strong>probabant</strong></span> <span class='ocrx_word' id='word_1_219' title='bbox 770 2566 949 2610; x_wconf 84' lang='lat' dir='ltr'><strong>Freins-</strong></span> 
     </span>
     <span class='ocr_line' id='line_1_44' title="bbox 55 2623 945 2681; baseline -0.011 -5"><span class='ocrx_word' id='word_1_220' title='bbox 55 2629 231 2676; x_wconf 88' lang='lat' dir='ltr'><strong>hemius</strong></span> <span class='ocrx_word' id='word_1_221' title='bbox 266 2635 308 2670; x_wconf 88' lang='lat' dir='ltr'><strong>et</strong></span> <span class='ocrx_word' id='word_1_222' title='bbox 352 2641 496 2681; x_wconf 88' lang='lat' dir='ltr'><strong>nuper</strong></span> <span class='ocrx_word' id='word_1_223' title='bbox 521 2623 810 2667; x_wconf 83' lang='lat' dir='ltr'><strong>Gutmannus</strong></span> <span class='ocrx_word' id='word_1_224' title='bbox 841 2640 945 2666; x_wconf 86' lang='lat' dir='ltr'><strong>cum</strong></span> 
     </span>
     <span class='ocr_line' id='line_1_45' title="bbox 55 2681 950 2733; baseline -0.009 0"><span class='ocrx_word' id='word_1_225' title='bbox 55 2684 314 2733; x_wconf 78' lang='lat' dir='ltr'><strong>Rieklefsio.</strong></span> <span class='ocrx_word' id='word_1_226' title='bbox 347 2700 350 2707; x_wconf 92' lang='lat'>·</span> <span class='ocrx_word' id='word_1_227' title='bbox 404 2681 614 2724; x_wconf 81' lang='lat' dir='ltr'><strong>Heinsius</strong></span> <span class='ocrx_word' id='word_1_228' title='bbox 647 2681 766 2724; x_wconf 89' lang='lat' dir='ltr'><strong>idem</strong></span> <span class='ocrx_word' id='word_1_229' title='bbox 805 2681 950 2725; x_wconf 82' lang='lat' dir='ltr'><strong>adfert</strong></span> 
     </span>
     <span class='ocr_line' id='line_1_46' title="bbox 57 2737 951 2800; baseline -0.008 -11"><span class='ocrx_word' id='word_1_230' title='bbox 57 2764 82 2792; x_wconf 83' lang='lat' dir='ltr'><strong>e</strong></span> <span class='ocrx_word' id='word_1_231' title='bbox 104 2742 409 2800; x_wconf 83' lang='lat' dir='ltr'><strong>eod.Spinae:</strong></span> <span class='ocrx_word' id='word_1_232' title='bbox 444 2741 538 2796; x_wconf 88' lang='lat' dir='ltr'><strong>ipse</strong></span> <span class='ocrx_word' id='word_1_233' title='bbox 563 2737 756 2782; x_wconf 81' lang='lat' dir='ltr'><strong>malebat</strong></span> <span class='ocrx_word' id='word_1_234' title='bbox 776 2740 951 2782; x_wconf 75' lang='lat' dir='ltr'><strong>inertes</strong></span> 
     </span>
     <span class='ocr_line' id='line_1_47' title="bbox 58 2795 948 2852; baseline -0.007 -7"><span class='ocrx_word' id='word_1_235' title='bbox 58 2805 229 2848; x_wconf 68' lang='lat' dir='ltr'><strong>undae.</strong></span> <span class='ocrx_word' id='word_1_236' title='bbox 289 2797 420 2842; x_wconf 79' lang='lat' dir='ltr'><strong>Crus.</strong></span> <span class='ocrx_word' id='word_1_237' title='bbox 443 2796 640 2840; x_wconf 89' lang='lat' dir='ltr'><strong>Probab.</strong></span> <span class='ocrx_word' id='word_1_238' title='bbox 670 2795 780 2840; x_wconf 74' lang='lat' dir='ltr'><strong>orit.</strong></span> <span class='ocrx_word' id='word_1_239' title='bbox 809 2812 852 2852; x_wconf 84' lang='lat' dir='ltr'><strong>p.</strong></span> <span class='ocrx_word' id='word_1_240' title='bbox 877 2796 948 2839; x_wconf 80' lang='grc'><strong>33.</strong></span> 
     </span>
     <span class='ocr_line' id='line_1_48' title="bbox 57 2854 950 2906; baseline -0.013 0"><span class='ocrx_word' id='word_1_241' title='bbox 57 2858 183 2906; x_wconf 74' lang='lat' dir='ltr'><strong>vultz</strong></span> <span class='ocrx_word' id='word_1_242' title='bbox 216 2858 395 2899; x_wconf 85' lang='lat' dir='ltr'><strong>inertes</strong></span> <span class='ocrx_word' id='word_1_243' title='bbox 422 2857 578 2896; x_wconf 82' lang='lat' dir='ltr'><strong>undae</strong></span> <span class='ocrx_word' id='word_1_244' title='bbox 602 2869 657 2896; x_wconf 85' lang='lat' dir='ltr'><strong>ac</strong></span> <span class='ocrx_word' id='word_1_245' title='bbox 683 2854 950 2904; x_wconf 78' lang='lat' dir='ltr'><strong>superiacta</strong></span> 
     </span>
     <span class='ocr_line' id='line_1_49' title="bbox 61 2910 948 2967; baseline -0.012 -5"><span class='ocrx_word' id='word_1_246' title='bbox 61 2927 111 2961; x_wconf 81' lang='lat' dir='ltr'><strong>ut</strong></span> <span class='ocrx_word' id='word_1_247' title='bbox 145 2915 322 2959; x_wconf 72' lang='lat' dir='ltr'><strong>solidae</strong></span> <span class='ocrx_word' id='word_1_248' title='bbox 351 2912 538 2967; x_wconf 81' lang='lat' dir='ltr'><strong>ferunt.</strong></span> <span class='ocrx_word' id='word_1_249' title='bbox 619 2910 842 2953; x_wconf 81' lang='lat' dir='ltr'><strong>Nimirum</strong></span> <span class='ocrx_word' id='word_1_250' title='bbox 875 2911 948 2952; x_wconf 89' lang='lat' dir='ltr'><strong>ab·</strong></span> 
     </span>
     <span class='ocr_line' id='line_1_50' title="bbox 60 2967 949 3026; baseline -0.012 -7"><span class='ocrx_word' id='word_1_251' title='bbox 60 2974 192 3019; x_wconf 85' lang='lat' dir='ltr'><strong>surda</strong></span> <span class='ocrx_word' id='word_1_252' title='bbox 217 2971 366 3014; x_wconf 82' lang='lat' dir='ltr'><strong>multis</strong></span> <span class='ocrx_word' id='word_1_253' title='bbox 389 2968 622 3011; x_wconf 84' lang='lat' dir='ltr'><strong>videbatur</strong></span> <span class='ocrx_word' id='word_1_254' title='bbox 639 2976 815 3026; x_wconf 84' lang='lat' dir='ltr'><strong>recepta</strong></span> <span class='ocrx_word' id='word_1_255' title='bbox 841 2967 949 3010; x_wconf 84' lang='lat' dir='ltr'><strong>scri·</strong></span> 
     </span>
     <span class='ocr_line' id='line_1_51' title="bbox 59 3024 949 3092; baseline -0.009 -18"><span class='ocrx_word' id='word_1_256' title='bbox 59 3041 212 3092; x_wconf 86' lang='lat' dir='ltr'><strong>ptura,</strong></span> <span class='ocrx_word' id='word_1_257' title='bbox 259 3028 361 3085; x_wconf 81' lang='lat' dir='ltr'><strong>quia</strong></span> <span class='ocrx_word' id='word_1_258' title='bbox 403 3025 666 3082; x_wconf 68' lang='lat' dir='ltr'><strong>in1erpretes</strong></span> <span class='ocrx_word' id='word_1_259' title='bbox 707 3041 799 3067; x_wconf 90' lang='lat' dir='ltr'><strong>non</strong></span> <span class='ocrx_word' id='word_1_260' title='bbox 846 3024 949 3067; x_wconf 83' lang='lat' dir='ltr'><strong>satis</strong></span> 
     </span>
     <span class='ocr_line' id='line_1_52' title="bbox 59 3080 949 3141; baseline -0.01 -9"><span class='ocrx_word' id='word_1_261' title='bbox 59 3097 181 3134; x_wconf 80' lang='lat' dir='ltr'><strong>recte</strong></span> <span class='ocrx_word' id='word_1_262' title='bbox 226 3101 323 3138; x_wconf 87' lang='lat' dir='ltr'><strong>eam</strong></span> <span class='ocrx_word' id='word_1_263' title='bbox 367 3082 681 3141; x_wconf 79' lang='lat' dir='ltr'><strong>expiicuerant.</strong></span> <span class='ocrx_word' id='word_1_264' title='bbox 783 3081 838 3125; x_wconf 83' lang='lat' dir='ltr'><strong>Et</strong></span> <span class='ocrx_word' id='word_1_265' title='bbox 878 3080 949 3123; x_wconf 86' lang='lat' dir='ltr'><strong>Pi-</strong></span> 
     </span>
     <span class='ocr_line' id='line_1_53' title="bbox 59 3138 950 3201; baseline -0.007 -14"><span class='ocrx_word' id='word_1_266' title='bbox 59 3146 199 3196; x_wconf 77' lang='lat' dir='ltr'><strong>ehena</strong></span> <span class='ocrx_word' id='word_1_267' title='bbox 223 3141 403 3201; x_wconf 84' lang='lat' dir='ltr'><strong>quidem</strong></span> <span class='ocrx_word' id='word_1_268' title='bbox 423 3141 656 3182; x_wconf 82' lang='lat' dir='ltr'><strong>incertam</strong></span> <span class='ocrx_word' id='word_1_269' title='bbox 681 3142 861 3181; x_wconf 82' lang='lat' dir='ltr'><strong>undam</strong></span> <span class='ocrx_word' id='word_1_270' title='bbox 884 3138 950 3181; x_wconf 90' lang='lat' dir='ltr'><strong>in·</strong></span> 
     </span>
     <span class='ocr_line' id='line_1_54' title="bbox 27 3196 949 3259; baseline -0.012 -11"><span class='ocrx_word' id='word_1_271' title='bbox 27 3199 222 3259; x_wconf 71' lang='lat' dir='ltr'><strong>&#39;telligit</strong></span> <span class='ocrx_word' id='word_1_272' title='bbox 253 3216 373 3250; x_wconf 88' lang='lat' dir='ltr'><strong>eam,</strong></span> <span class='ocrx_word' id='word_1_273' title='bbox 423 3213 534 3255; x_wconf 80' lang='lat' dir='ltr'><strong>quae</strong></span> <span class='ocrx_word' id='word_1_274' title='bbox 564 3198 788 3240; x_wconf 79' lang='lat' dir='ltr'><strong>intuentes</strong></span> <span class='ocrx_word' id='word_1_275' title='bbox 825 3196 949 3253; x_wconf 84' lang='lat' dir='ltr'><strong>quasi</strong></span> 
     </span>
     <span class='ocr_line' id='line_1_55' title="bbox 59 3252 952 3316; baseline -0.011 -11"><span class='ocrx_word' id='word_1_276' title='bbox 59 3260 286 3316; x_wconf 77' lang='lat' dir='ltr'><strong>ambigere</strong></span> <span class='ocrx_word' id='word_1_277' title='bbox 324 3264 481 3314; x_wconf 79' lang='lat' dir='ltr'><strong>cogat,</strong></span> <span class='ocrx_word' id='word_1_278' title='bbox 529 3269 692 3298; x_wconf 78' lang='lat' dir='ltr'><strong>verane</strong></span> <span class='ocrx_word' id='word_1_279' title='bbox 731 3253 850 3296; x_wconf 86' lang='lat' dir='ltr'><strong>unda</strong></span> <span class='ocrx_word' id='word_1_280' title='bbox 895 3252 952 3296; x_wconf 91' lang='lat' dir='ltr'><strong>sit</strong></span> 
     </span>
     <span class='ocr_line' id='line_1_56' title="bbox 57 3311 953 3367; baseline -0.011 -6"><span class='ocrx_word' id='word_1_281' title='bbox 57 3334 114 3361; x_wconf 87' lang='lat' dir='ltr'><strong>au</strong></span> <span class='ocrx_word' id='word_1_282' title='bbox 147 3315 340 3359; x_wconf 85' lang='lat' dir='ltr'><strong>solidum</strong></span> <span class='ocrx_word' id='word_1_283' title='bbox 375 3311 551 3362; x_wconf 85' lang='lat' dir='ltr'><strong>solum,</strong></span> <span class='ocrx_word' id='word_1_284' title='bbox 598 3311 736 3366; x_wconf 88' lang='lat' dir='ltr'><strong>idque</strong></span> <span class='ocrx_word' id='word_1_285' title='bbox 768 3319 953 3367; x_wconf 84' lang='lat' dir='ltr'><strong>propter</strong></span> 
     </span>
     <span class='ocr_line' id='line_1_57' title="bbox 58 3367 954 3419; baseline -0.01 -2"><span class='ocrx_word' id='word_1_286' title='bbox 58 3371 291 3419; x_wconf 81' lang='lat' dir='ltr'><strong>bituminis</strong></span> <span class='ocrx_word' id='word_1_287' title='bbox 347 3369 567 3414; x_wconf 77' lang='lat' dir='ltr'><strong>colorem.</strong></span> <span class='ocrx_word' id='word_1_288' title='bbox 653 3367 954 3416; x_wconf 78' lang='lat' dir='ltr'><strong>Consentiunt</strong></span> 
     </span>
     <span class='ocr_line' id='line_1_58' title="bbox 62 3423 951 3481; baseline -0.011 -6"><span class='ocrx_word' id='word_1_289' title='bbox 62 3434 95 3476; x_wconf 87' lang='lat'><strong>1.</strong></span> <span class='ocrx_word' id='word_1_290' title='bbox 133 3428 268 3481; x_wconf 78' lang='lat' dir='ltr'><strong>Frid.</strong></span> <span class='ocrx_word' id='word_1_291' title='bbox 295 3425 577 3477; x_wconf 76' lang='lat' dir='ltr'><strong>Gronovius,</strong></span> <span class='ocrx_word' id='word_1_292' title='bbox 626 3423 860 3468; x_wconf 85' lang='lat' dir='ltr'><strong>Ernestius</strong></span> <span class='ocrx_word' id='word_1_293' title='bbox 907 3431 951 3466; x_wconf 82' lang='lat' dir='ltr'><strong>et</strong></span> 
     </span>
     <span class='ocr_line' id='line_1_59' title="bbox 60 3482 948 3536; baseline -0.005 -8"><span class='ocrx_word' id='word_1_294' title='bbox 60 3483 334 3533; x_wconf 60' lang='lat' dir='ltr'><strong>Oberlinus:</strong></span> <span class='ocrx_word' id='word_1_295' title='bbox 403 3482 699 3536; x_wconf 56' lang='lat' dir='ltr'><strong>,structuram</strong></span> <span class='ocrx_word' id='word_1_296' title='bbox 735 3490 776 3525; x_wconf 87' lang='lat' dir='ltr'><strong>et</strong></span> <span class='ocrx_word' id='word_1_297' title='bbox 808 3482 948 3530; x_wconf 81' lang='lat' dir='ltr'><strong>inter-</strong></span> 
     </span>
    </p>
   </div>
   <div class='ocr_carea' id='block_1_18' title="bbox 147 3541 534 3607">
    <p class='ocr_par' dir='ltr' id='par_1_18' title="bbox 147 3541 534 3607">
     <span class='ocr_line' id='line_1_60' title="bbox 147 3541 534 3607; baseline -0.021 0"><span class='ocrx_word' id='word_1_298' title='bbox 147 3544 390 3607; x_wconf 52' lang='lat' dir='ltr'><strong>TAcx&#39;Tus</strong></span> <span class='ocrx_word' id='word_1_299' title='bbox 416 3541 534 3601; x_wconf 69' lang='grc' dir='ltr'><strong>ΛΙΙΙ.</strong></span> 
     </span>
    </p>
   </div>
   <div class='ocr_carea' id='block_1_19' title="bbox 1693 984 1914 1042">
    <p class='ocr_par' dir='ltr' id='par_1_19' title="bbox 1693 984 1914 1042">
     <span class='ocr_line' id='line_1_61' title="bbox 1693 984 1914 1042; baseline 0.014 -3"><span class='ocrx_word' id='word_1_300' title='bbox 1693 984 1775 1040; x_wconf 89' lang='lat' dir='ltr'><strong>sic</strong></span> <span class='ocrx_word' id='word_1_301' title='bbox 1810 1006 1914 1042; x_wconf 87' lang='lat' dir='ltr'><strong>ve-</strong></span> 
     </span>
    </p>
   </div>
   <div class='ocr_carea' id='block_1_20' title="bbox 1015 1305 1924 3427">
    <p class='ocr_par' dir='ltr' id='par_1_20' title="bbox 1015 1305 1919 2780">
     <span class='ocr_line' id='line_1_62' title="bbox 1023 1305 1912 1365; baseline 0.01 -16"><span class='ocrx_word' id='word_1_302' title='bbox 1023 1307 1319 1365; x_wconf 85' lang='lat' dir='ltr'><strong>punctionem</strong></span> <span class='ocrx_word' id='word_1_303' title='bbox 1334 1305 1411 1354; x_wconf 82' lang='lat' dir='ltr'><strong>alii</strong></span> <span class='ocrx_word' id='word_1_304' title='bbox 1425 1308 1759 1353; x_wconf 80' lang='lat' dir='ltr'><strong>constituerunt</strong></span> <span class='ocrx_word' id='word_1_305' title='bbox 1770 1308 1912 1358; x_wconf 66' lang='lat' dir='ltr'><strong>hanes</strong></span> 
     </span>
     <span class='ocr_line' id='line_1_63' title="bbox 1023 1365 1914 1420; baseline 0.009 -15"><span class='ocrx_word' id='word_1_306' title='bbox 1023 1365 1238 1407; x_wconf 83' lang='lat' dir='ltr'><strong>Incertae</strong></span> <span class='ocrx_word' id='word_1_307' title='bbox 1285 1368 1472 1409; x_wconf 82' lang='lat' dir='ltr'><strong>undae.-</strong></span> <span class='ocrx_word' id='word_1_308' title='bbox 1525 1369 1796 1420; x_wconf 76' lang='lat' dir='ltr'><strong>superiacta</strong></span> <span class='ocrx_word' id='word_1_309' title='bbox 1829 1379 1914 1416; x_wconf 87' lang='lat' dir='ltr'><strong>etc.</strong></span> 
     </span>
     <span class='ocr_line' id='line_1_64' title="bbox 1023 1421 1915 1483; baseline 0.007 -18"><span class='ocrx_word' id='word_1_310' title='bbox 1023 1421 1138 1465; x_wconf 81' lang='lat' dir='ltr'><strong>Alii:</strong></span> <span class='ocrx_word' id='word_1_311' title='bbox 1194 1423 1397 1464; x_wconf 79' lang='lat' dir='ltr'><strong>incertae</strong></span> <span class='ocrx_word' id='word_1_312' title='bbox 1437 1427 1592 1466; x_wconf 84' lang='lat' dir='ltr'><strong>undae</strong></span> <span class='ocrx_word' id='word_1_313' title='bbox 1629 1425 1798 1483; x_wconf 65' lang='lat' dir='ltr'><strong>(dam.)</strong></span> <span class='ocrx_word' id='word_1_314' title='bbox 1833 1443 1915 1470; x_wconf 83' lang='lat' dir='ltr'><strong>su-</strong></span> 
     </span>
     <span class='ocr_line' id='line_1_65' title="bbox 1016 1479 1912 1549; baseline 0.009 -30"><span class='ocrx_word' id='word_1_315' title='bbox 1016 1482 1229 1534; x_wconf 73' lang='lat' dir='ltr'><strong>periacta</strong></span> <span class='ocrx_word' id='word_1_316' title='bbox 1262 1490 1349 1523; x_wconf 82' lang='lat' dir='ltr'><strong>etc.</strong></span> <span class='ocrx_word' id='word_1_317' title='bbox 1439 1479 1528 1523; x_wconf 80' lang='lat' dir='ltr'><strong>Alii</strong></span> <span class='ocrx_word' id='word_1_318' title='bbox 1566 1481 1782 1549; x_wconf 87' lang='lat' dir='ltr'><strong>denique:</strong></span> <span class='ocrx_word' id='word_1_319' title='bbox 1835 1487 1912 1527; x_wconf 82' lang='lat' dir='ltr'><strong>in-</strong></span> 
     </span>
     <span class='ocr_line' id='line_1_66' title="bbox 1021 1538 1913 1595; baseline 0.002 -17"><span class='ocrx_word' id='word_1_320' title='bbox 1021 1546 1176 1578; x_wconf 79' lang='lat' dir='ltr'><strong>certae</strong></span> <span class='ocrx_word' id='word_1_321' title='bbox 1244 1540 1404 1579; x_wconf 81' lang='lat' dir='ltr'><strong>undae</strong></span> <span class='ocrx_word' id='word_1_322' title='bbox 1450 1538 1774 1595; x_wconf 70' lang='lat' dir='ltr'><strong>(nominativ.)</strong></span> <span class='ocrx_word' id='word_1_323' title='bbox 1831 1550 1913 1586; x_wconf 68' lang='grc' dir='ltr'><strong>ευ-</strong></span> 
     </span>
     <span class='ocr_line' id='line_1_67' title="bbox 1015 1597 1915 1651; baseline 0.011 -17"><span class='ocrx_word' id='word_1_324' title='bbox 1015 1599 1226 1649; x_wconf 80' lang='lat' dir='ltr'><strong>periacta</strong></span> <span class='ocrx_word' id='word_1_325' title='bbox 1269 1601 1321 1635; x_wconf 84' lang='lat' dir='ltr'><strong>ut</strong></span> <span class='ocrx_word' id='word_1_326' title='bbox 1355 1597 1502 1636; x_wconf 78' lang='lat' dir='ltr'><strong>solido</strong></span> <span class='ocrx_word' id='word_1_327' title='bbox 1525 1597 1712 1651; x_wconf 83' lang='lat' dir='ltr'><strong>jerunt.</strong></span> <span class='ocrx_word' id='word_1_328' title='bbox 1794 1598 1850 1644; x_wconf 82' lang='lat' dir='ltr'><strong>Et</strong></span> <span class='ocrx_word' id='word_1_329' title='bbox 1883 1602 1915 1646; x_wconf 87' lang='lat' dir='ltr'><strong>ii</strong></span> 
     </span>
     <span class='ocr_line' id='line_1_68' title="bbox 1021 1651 1916 1708; baseline 0.01 -16"><span class='ocrx_word' id='word_1_330' title='bbox 1021 1651 1200 1708; x_wconf 86' lang='lat' dir='ltr'><strong>quidem</strong></span> <span class='ocrx_word' id='word_1_331' title='bbox 1229 1661 1373 1702; x_wconf 87' lang='lat' dir='ltr'><strong>recte,</strong></span> <span class='ocrx_word' id='word_1_332' title='bbox 1403 1651 1506 1695; x_wconf 82' lang='lat' dir='ltr'><strong>licet</strong></span> <span class='ocrx_word' id='word_1_333' title='bbox 1531 1653 1738 1697; x_wconf 78' lang='lat' dir='ltr'><strong>incertae</strong></span> <span class='ocrx_word' id='word_1_334' title='bbox 1757 1662 1916 1702; x_wconf 82' lang='lat' dir='ltr'><strong>undae</strong></span> 
     </span>
     <span class='ocr_line' id='line_1_69' title="bbox 1021 1708 1915 1767; baseline 0.009 -18"><span class='ocrx_word' id='word_1_335' title='bbox 1021 1724 1116 1750; x_wconf 89' lang='lat' dir='ltr'><strong>non</strong></span> <span class='ocrx_word' id='word_1_336' title='bbox 1146 1708 1259 1759; x_wconf 84' lang='lat' dir='ltr'><strong>sint,</strong></span> <span class='ocrx_word' id='word_1_337' title='bbox 1303 1724 1411 1765; x_wconf 90' lang='lat' dir='ltr'><strong>quas</strong></span> <span class='ocrx_word' id='word_1_338' title='bbox 1442 1709 1710 1767; x_wconf 81' lang='lat' dir='ltr'><strong>plerumque</strong></span> <span class='ocrx_word' id='word_1_339' title='bbox 1741 1713 1806 1756; x_wconf 79' lang='lat' dir='ltr'><strong>illi</strong></span> <span class='ocrx_word' id='word_1_340' title='bbox 1842 1731 1915 1756; x_wconf 79' lang='lat' dir='ltr'><strong>vo·</strong></span> 
     </span>
     <span class='ocr_line' id='line_1_70' title="bbox 1022 1766 1912 1830; baseline 0.008 -21"><span class='ocrx_word' id='word_1_341' title='bbox 1022 1767 1135 1809; x_wconf 81' lang='lat' dir='ltr'><strong>lunt.</strong></span> <span class='ocrx_word' id='word_1_342' title='bbox 1227 1766 1442 1809; x_wconf 79' lang='lat' dir='ltr'><strong>Incertae</strong></span> <span class='ocrx_word' id='word_1_343' title='bbox 1479 1771 1633 1811; x_wconf 82' lang='lat' dir='ltr'><strong>undae</strong></span> <span class='ocrx_word' id='word_1_344' title='bbox 1663 1767 1735 1812; x_wconf 87' lang='lat' dir='ltr'><strong>bic</strong></span> <span class='ocrx_word' id='word_1_345' title='bbox 1772 1787 1912 1830; x_wconf 90' lang='lat' dir='ltr'><strong>oppo-</strong></span> 
     </span>
     <span class='ocr_line' id='line_1_71' title="bbox 1021 1823 1915 1874; baseline 0.01 -9"><span class='ocrx_word' id='word_1_346' title='bbox 1021 1832 1193 1869; x_wconf 83' lang='lat' dir='ltr'><strong>nuntur</strong></span> <span class='ocrx_word' id='word_1_347' title='bbox 1222 1825 1384 1867; x_wconf 76' lang='lat' dir='ltr'><strong>solido.</strong></span> <span class='ocrx_word' id='word_1_348' title='bbox 1444 1823 1657 1867; x_wconf 78' lang='lat' dir='ltr'><strong>Solidum</strong></span> <span class='ocrx_word' id='word_1_349' title='bbox 1683 1823 1793 1871; x_wconf 83' lang='lat' dir='ltr'><strong>vero</strong></span> <span class='ocrx_word' id='word_1_350' title='bbox 1820 1845 1915 1874; x_wconf 86' lang='lat' dir='ltr'><strong>non</strong></span> 
     </span>
     <span class='ocr_line' id='line_1_72' title="bbox 1022 1879 1919 1939; baseline 0.009 -17"><span class='ocrx_word' id='word_1_351' title='bbox 1022 1889 1086 1924; x_wconf 87' lang='lat' dir='ltr'><strong>est</strong></span> <span class='ocrx_word' id='word_1_352' title='bbox 1099 1879 1226 1935; x_wconf 79' lang='lat' dir='ltr'><strong>feste</strong></span> <span class='ocrx_word' id='word_1_353' title='bbox 1248 1880 1394 1930; x_wconf 83' lang='lat' dir='ltr'><strong>Erde,</strong></span> <span class='ocrx_word' id='word_1_354' title='bbox 1426 1882 1658 1939; x_wconf 82' lang='lat' dir='ltr'><strong>quomodo</strong></span> <span class='ocrx_word' id='word_1_355' title='bbox 1681 1884 1827 1930; x_wconf 83' lang='lat' dir='ltr'><strong>solent</strong></span> <span class='ocrx_word' id='word_1_356' title='bbox 1850 1887 1919 1930; x_wconf 88' lang='lat' dir='ltr'><strong>in·</strong></span> 
     </span>
     <span class='ocr_line' id='line_1_73' title="bbox 1020 1937 1915 1999; baseline 0.009 -19"><span class='ocrx_word' id='word_1_357' title='bbox 1020 1937 1281 1996; x_wconf 74' lang='lat' dir='ltr'><strong>terpretari,</strong></span> <span class='ocrx_word' id='word_1_358' title='bbox 1329 1939 1404 1980; x_wconf 82' lang='lat' dir='ltr'><strong>sed</strong></span> <span class='ocrx_word' id='word_1_359' title='bbox 1438 1939 1604 1996; x_wconf 83' lang='lat' dir='ltr'><strong>cogitat</strong></span> <span class='ocrx_word' id='word_1_360' title='bbox 1632 1940 1828 1999; x_wconf 86' lang='lat' dir='ltr'><strong>scriptor</strong></span> <span class='ocrx_word' id='word_1_361' title='bbox 1859 1944 1915 1988; x_wconf 87' lang='lat' dir='ltr'><strong>de</strong></span> 
     </span>
     <span class='ocr_line' id='line_1_74' title="bbox 1021 1994 1917 2056; baseline 0.007 -19"><span class='ocrx_word' id='word_1_362' title='bbox 1021 2010 1132 2038; x_wconf 84' lang='lat' dir='ltr'><strong>nave</strong></span> <span class='ocrx_word' id='word_1_363' title='bbox 1159 1994 1231 2037; x_wconf 84' lang='lat' dir='ltr'><strong>vel</strong></span> <span class='ocrx_word' id='word_1_364' title='bbox 1255 1994 1447 2038; x_wconf 77' lang='lat' dir='ltr'><strong>ratibus:</strong></span> <span class='ocrx_word' id='word_1_365' title='bbox 1479 2011 1580 2038; x_wconf 87' lang='lat' dir='ltr'><strong>nam</strong></span> <span class='ocrx_word' id='word_1_366' title='bbox 1611 1998 1836 2056; x_wconf 80' lang='lat' dir='ltr'><strong>navigium</strong></span> <span class='ocrx_word' id='word_1_367' title='bbox 1867 2018 1917 2046; x_wconf 84' lang='lat' dir='ltr'><strong>ex</strong></span> 
     </span>
     <span class='ocr_line' id='line_1_75' title="bbox 1023 2053 1918 2109; baseline 0.01 -17"><span class='ocrx_word' id='word_1_368' title='bbox 1023 2053 1306 2109; x_wconf 85' lang='lat' dir='ltr'><strong>oppositione</strong></span> <span class='ocrx_word' id='word_1_369' title='bbox 1338 2054 1562 2095; x_wconf 88' lang='lat' dir='ltr'><strong>undarum</strong></span> <span class='ocrx_word' id='word_1_370' title='bbox 1603 2061 1667 2100; x_wconf 78' lang='lat' dir='ltr'><strong>est</strong></span> <span class='ocrx_word' id='word_1_371' title='bbox 1700 2059 1918 2104; x_wconf 79' lang='lat' dir='ltr'><strong>solidum.</strong></span> 
     </span>
     <span class='ocr_line' id='line_1_76' title="bbox 1022 2109 1916 2170; baseline 0.009 -18"><span class='ocrx_word' id='word_1_372' title='bbox 1022 2109 1277 2152; x_wconf 66' lang='lat' dir='ltr'><strong>sententiat</strong></span> <span class='ocrx_word' id='word_1_373' title='bbox 1310 2109 1456 2152; x_wconf 89' lang='lat' dir='ltr'><strong>nudae</strong></span> <span class='ocrx_word' id='word_1_374' title='bbox 1478 2109 1648 2162; x_wconf 84' lang='lat' dir='ltr'><strong>undae,</strong></span> <span class='ocrx_word' id='word_1_375' title='bbox 1673 2129 1786 2170; x_wconf 87' lang='lat' dir='ltr'><strong>quae</strong></span> <span class='ocrx_word' id='word_1_376' title='bbox 1809 2115 1916 2160; x_wconf 82' lang='lat' dir='ltr'><strong>alias</strong></span> 
     </span>
     <span class='ocr_line' id='line_1_77' title="bbox 1021 2165 1918 2226; baseline 0.01 -19"><span class='ocrx_word' id='word_1_377' title='bbox 1021 2165 1219 2210; x_wconf 80' lang='lat' dir='ltr'><strong>incertae</strong></span> <span class='ocrx_word' id='word_1_378' title='bbox 1252 2182 1346 2209; x_wconf 89' lang='lat' dir='ltr'><strong>esse</strong></span> <span class='ocrx_word' id='word_1_379' title='bbox 1375 2166 1543 2218; x_wconf 86' lang='lat' dir='ltr'><strong>solent,</strong></span> <span class='ocrx_word' id='word_1_380' title='bbox 1575 2169 1824 2226; x_wconf 87' lang='lat' dir='ltr'><strong>superiacta</strong></span> <span class='ocrx_word' id='word_1_381' title='bbox 1857 2174 1918 2216; x_wconf 83' lang='lat' dir='ltr'><strong>ita</strong></span> 
     </span>
     <span class='ocr_line' id='line_1_78' title="bbox 1018 2222 1918 2287; baseline 0.008 -21"><span class='ocrx_word' id='word_1_382' title='bbox 1018 2222 1196 2274; x_wconf 80' lang='lat' dir='ltr'><strong>ferunt,</strong></span> <span class='ocrx_word' id='word_1_383' title='bbox 1247 2231 1463 2282; x_wconf 87' lang='lat' dir='ltr'><strong>tanquam</strong></span> <span class='ocrx_word' id='word_1_384' title='bbox 1500 2225 1696 2269; x_wconf 66' lang='lat' dir='ltr'><strong>‘solidum</strong></span> <span class='ocrx_word' id='word_1_385' title='bbox 1731 2228 1918 2287; x_wconf 84' lang='lat' dir='ltr'><strong>aliquid,</strong></span> 
     </span>
     <span class='ocr_line' id='line_1_79' title="bbox 1019 2280 1916 2339; baseline 0.008 -17"><span class='ocrx_word' id='word_1_386' title='bbox 1019 2288 1071 2323; x_wconf 84' lang='lat' dir='ltr'><strong>ut</strong></span> <span class='ocrx_word' id='word_1_387' title='bbox 1093 2281 1239 2332; x_wconf 82' lang='lat' dir='ltr'><strong>navis,</strong></span> <span class='ocrx_word' id='word_1_388' title='bbox 1271 2280 1469 2339; x_wconf 84' lang='lat' dir='ltr'><strong>lignum,</strong></span> <span class='ocrx_word' id='word_1_389' title='bbox 1502 2283 1716 2326; x_wconf 80' lang='lat' dir='ltr'><strong>subesset.</strong></span> <span class='ocrx_word' id='word_1_390' title='bbox 1742 2310 1798 2318; x_wconf 89' lang='lat'>-</span> <span class='ocrx_word' id='word_1_391' title='bbox 1834 2287 1916 2332; x_wconf 83' lang='lat' dir='ltr'><strong>Ce-</strong></span> 
     </span>
     <span class='ocr_line' id='line_1_80' title="bbox 1020 2338 1914 2388; baseline 0.008 -7"><span class='ocrx_word' id='word_1_392' title='bbox 1020 2347 1168 2381; x_wconf 78' lang='lat' dir='ltr'><strong>terum</strong></span> <span class='ocrx_word' id='word_1_393' title='bbox 1214 2354 1318 2381; x_wconf 82' lang='lat' dir='ltr'><strong>cum</strong></span> <span class='ocrx_word' id='word_1_394' title='bbox 1362 2338 1521 2381; x_wconf 84' lang='lat' dir='ltr'><strong>Tacito</strong></span> <span class='ocrx_word' id='word_1_395' title='bbox 1564 2340 1634 2383; x_wconf 75' lang='lat' dir='ltr'><strong>vix</strong></span> <span class='ocrx_word' id='word_1_396' title='bbox 1678 2343 1914 2388; x_wconf 85' lang='lat' dir='ltr'><strong>conciliari</strong></span> 
     </span>
     <span class='ocr_line' id='line_1_81' title="bbox 1022 2393 1916 2455; baseline 0.01 -19"><span class='ocrx_word' id='word_1_397' title='bbox 1022 2393 1187 2451; x_wconf 88' lang='lat' dir='ltr'><strong>poterit</strong></span> <span class='ocrx_word' id='word_1_398' title='bbox 1209 2395 1405 2438; x_wconf 83' lang='lat' dir='ltr'><strong>Iustinus</strong></span> <span class='ocrx_word' id='word_1_399' title='bbox 1437 2395 1506 2447; x_wconf 77' lang='grc'><strong>36,</strong></span> <span class='ocrx_word' id='word_1_400' title='bbox 1538 2396 1607 2446; x_wconf 79' lang='grc'><strong>3.,</strong></span> <span class='ocrx_word' id='word_1_401' title='bbox 1651 2399 1724 2455; x_wconf 90' lang='lat' dir='ltr'><strong>qui</strong></span> <span class='ocrx_word' id='word_1_402' title='bbox 1762 2401 1816 2444; x_wconf 88' lang='lat' dir='ltr'><strong>de</strong></span> <span class='ocrx_word' id='word_1_403' title='bbox 1842 2417 1916 2444; x_wconf 91' lang='lat' dir='ltr'><strong>eo·</strong></span> 
     </span>
     <span class='ocr_line' id='line_1_82' title="bbox 1021 2450 1917 2513; baseline 0.008 -20"><span class='ocrx_word' id='word_1_404' title='bbox 1021 2451 1122 2494; x_wconf 84' lang='lat' dir='ltr'><strong>dem</strong></span> <span class='ocrx_word' id='word_1_405' title='bbox 1156 2450 1257 2494; x_wconf 87' lang='lat' dir='ltr'><strong>lacu</strong></span> <span class='ocrx_word' id='word_1_406' title='bbox 1297 2452 1476 2496; x_wconf 83' lang='lat' dir='ltr'><strong>scribit:</strong></span> <span class='ocrx_word' id='word_1_407' title='bbox 1529 2468 1681 2511; x_wconf 84' lang='lat' dir='ltr'><strong>neque</strong></span> <span class='ocrx_word' id='word_1_408' title='bbox 1713 2459 1917 2513; x_wconf 74' lang='lat' dir='ltr'><strong>naviga-</strong></span> 
     </span>
     <span class='ocr_line' id='line_1_83' title="bbox 1021 2509 1918 2566; baseline 0.012 -16"><span class='ocrx_word' id='word_1_409' title='bbox 1021 2509 1162 2550; x_wconf 71' lang='lat' dir='ltr'><strong>tionis</strong></span> <span class='ocrx_word' id='word_1_410' title='bbox 1179 2511 1367 2562; x_wconf 77' lang='lat' dir='ltr'><strong>patiens</strong></span> <span class='ocrx_word' id='word_1_411' title='bbox 1389 2518 1480 2563; x_wconf 82' lang='lat' dir='ltr'><strong>est,</strong></span> <span class='ocrx_word' id='word_1_412' title='bbox 1514 2515 1732 2566; x_wconf 83' lang='lat' dir='ltr'><strong>quoniam</strong></span> <span class='ocrx_word' id='word_1_413' title='bbox 1755 2510 1918 2560; x_wconf 80' lang='lat' dir='ltr'><strong>omnia</strong></span> 
     </span>
     <span class='ocr_line' id='line_1_84' title="bbox 1020 2567 1918 2624; baseline 0.012 -19"><span class='ocrx_word' id='word_1_414' title='bbox 1020 2567 1117 2606; x_wconf 76' lang='lat' dir='ltr'><strong>vica</strong></span> <span class='ocrx_word' id='word_1_415' title='bbox 1144 2567 1360 2608; x_wconf 84' lang='lat' dir='ltr'><strong>carentia</strong></span> <span class='ocrx_word' id='word_1_416' title='bbox 1388 2568 1436 2608; x_wconf 82' lang='lat' dir='ltr'><strong>in</strong></span> <span class='ocrx_word' id='word_1_417' title='bbox 1461 2568 1755 2624; x_wconf 82' lang='lat' dir='ltr'><strong>profundum</strong></span> <span class='ocrx_word' id='word_1_418' title='bbox 1786 2589 1918 2617; x_wconf 86' lang='lat' dir='ltr'><strong>mer-</strong></span> 
     </span>
     <span class='ocr_line' id='line_1_85' title="bbox 1019 2627 1917 2678; baseline 0.013 -15"><span class='ocrx_word' id='word_1_419' title='bbox 1019 2631 1222 2676; x_wconf 78' lang='lat' dir='ltr'><strong>guntur.-</strong></span> <span class='ocrx_word' id='word_1_420' title='bbox 1252 2638 1334 2666; x_wconf 88' lang='lat' dir='ltr'><strong>nec</strong></span> <span class='ocrx_word' id='word_1_421' title='bbox 1355 2627 1611 2668; x_wconf 80' lang='lat' dir='ltr'><strong>materiam</strong></span> <span class='ocrx_word' id='word_1_422' title='bbox 1636 2630 1785 2673; x_wconf 79' lang='lat' dir='ltr'><strong>ullam</strong></span> <span class='ocrx_word' id='word_1_423' title='bbox 1814 2646 1917 2678; x_wconf 79' lang='lat' dir='ltr'><strong>sus·</strong></span> 
     </span>
     <span class='ocr_line' id='line_1_86' title="bbox 1021 2680 1917 2738; baseline 0.017 -19"><span class='ocrx_word' id='word_1_424' title='bbox 1021 2680 1165 2728; x_wconf 76' lang='lat' dir='ltr'><strong>tinet,</strong></span> <span class='ocrx_word' id='word_1_425' title='bbox 1220 2682 1310 2725; x_wconf 80' lang='lat' dir='ltr'><strong>m&#39;si</strong></span> <span class='ocrx_word' id='word_1_426' title='bbox 1351 2696 1470 2738; x_wconf 82' lang='lat' dir='ltr'><strong>qnae</strong></span> <span class='ocrx_word' id='word_1_427' title='bbox 1505 2686 1715 2730; x_wconf 80' lang='lat' dir='ltr'><strong>alumine</strong></span> <span class='ocrx_word' id='word_1_428' title='bbox 1753 2690 1917 2734; x_wconf 85' lang='lat' dir='ltr'><strong>illina-</strong></span> 
     </span>
     <span class='ocr_line' id='line_1_87' title="bbox 1020 2744 1114 2780; baseline 0.021 -2"><span class='ocrx_word' id='word_1_429' title='bbox 1020 2744 1114 2780; x_wconf 79' lang='lat' dir='ltr'><strong>tur.</strong></span> 
     </span>
    </p>

    <p class='ocr_par' dir='ltr' id='par_1_21' title="bbox 1021 2795 1916 2969">
     <span class='ocr_line' id='line_1_88' title="bbox 1077 2795 1915 2851; baseline 0.012 -17"><span class='ocrx_word' id='word_1_430' title='bbox 1077 2796 1372 2837; x_wconf 74' lang='lat' dir='ltr'><strong>attollantur.</strong></span> <span class='ocrx_word' id='word_1_431' title='bbox 1466 2795 1565 2840; x_wconf 87' lang='lat' dir='ltr'><strong>MS.</strong></span> <span class='ocrx_word' id='word_1_432' title='bbox 1611 2797 1726 2844; x_wconf 88' lang='lat' dir='ltr'><strong>Bud.</strong></span> <span class='ocrx_word' id='word_1_433' title='bbox 1770 2810 1915 2851; x_wconf 74' lang='lat' dir='ltr'><strong>attol-</strong></span> 
     </span>
     <span class='ocr_line' id='line_1_89' title="bbox 1021 2851 1916 2920; baseline 0.011 -29"><span class='ocrx_word' id='word_1_434' title='bbox 1021 2852 1141 2893; x_wconf 82' lang='lat' dir='ltr'><strong>lunt.</strong></span> <span class='ocrx_word' id='word_1_435' title='bbox 1221 2851 1332 2894; x_wconf 89' lang='lat' dir='ltr'><strong>Rem</strong></span> <span class='ocrx_word' id='word_1_436' title='bbox 1376 2851 1651 2910; x_wconf 84' lang='lat' dir='ltr'><strong>Vespasiano</strong></span> <span class='ocrx_word' id='word_1_437' title='bbox 1693 2873 1916 2920; x_wconf 70' lang='lat' dir='ltr'><strong>expertam</strong></span> 
     </span>
     <span class='ocr_line' id='line_1_90' title="bbox 1023 2908 1847 2969; baseline 0.01 -20"><span class='ocrx_word' id='word_1_438' title='bbox 1023 2909 1155 2950; x_wconf 73' lang='lat' dir='ltr'><strong>tradit·</strong></span> <span class='ocrx_word' id='word_1_439' title='bbox 1179 2908 1353 2969; x_wconf 66' lang='lat' dir='ltr'><strong>ioseph.</strong></span> <span class='ocrx_word' id='word_1_440' title='bbox 1382 2909 1435 2953; x_wconf 89' lang='lat' dir='ltr'><strong>B.</strong></span> <span class='ocrx_word' id='word_1_441' title='bbox 1462 2913 1497 2954; x_wconf 75' lang='lat'><strong>1.</strong></span> <span class='ocrx_word' id='word_1_442' title='bbox 1529 2913 1570 2960; x_wconf 82' lang='lat'><strong>4,</strong></span> <span class='ocrx_word' id='word_1_443' title='bbox 1595 2913 1636 2958; x_wconf 87' lang='lat'><strong>5.</strong></span> <span class='ocrx_word' id='word_1_444' title='bbox 1844 2938 1847 2943; x_wconf 48' lang='lat' dir='ltr'><em>s</em></span> 
     </span>
    </p>

    <p class='ocr_par' dir='ltr' id='par_1_22' title="bbox 1022 2967 1924 3308">
     <span class='ocr_line' id='line_1_91' title="bbox 1079 2967 1914 3032; baseline 0.016 -25"><span class='ocrx_word' id='word_1_445' title='bbox 1079 2974 1208 3008; x_wconf 80' lang='lat' dir='ltr'><strong>certo</strong></span> <span class='ocrx_word' id='word_1_446' title='bbox 1230 2969 1356 3010; x_wconf 88' lang='lat' dir='ltr'><strong>anni.</strong></span> <span class='ocrx_word' id='word_1_447' title='bbox 1402 2967 1477 3011; x_wconf 83' lang='lat' dir='ltr'><strong>Sic</strong></span> <span class='ocrx_word' id='word_1_448' title='bbox 1490 2969 1623 3013; x_wconf 84' lang='lat' dir='ltr'><strong>MSS.</strong></span> <span class='ocrx_word' id='word_1_449' title='bbox 1644 2973 1682 3016; x_wconf 93' lang='lat' dir='ltr'><strong>F</strong></span> <span class='ocrx_word' id='word_1_450' title='bbox 1685 2973 1767 3019; x_wconf 76' lang='lat' dir='ltr'><strong>lor.</strong></span> <span class='ocrx_word' id='word_1_451' title='bbox 1783 2974 1914 3032; x_wconf 56' lang='lat' dir='ltr'><strong>(teste</strong></span> 
     </span>
     <span class='ocr_line' id='line_1_92' title="bbox 1022 3021 1918 3093; baseline 0.013 -31"><span class='ocrx_word' id='word_1_452' title='bbox 1022 3021 1248 3079; x_wconf 76' lang='lat' dir='ltr'><strong>Victorio)</strong></span> <span class='ocrx_word' id='word_1_453' title='bbox 1271 3023 1415 3068; x_wconf 86' lang='lat' dir='ltr'><strong>Vatic.</strong></span> <span class='ocrx_word' id='word_1_454' title='bbox 1442 3025 1545 3069; x_wconf 80' lang='lat' dir='ltr'><strong>edd.</strong></span> <span class='ocrx_word' id='word_1_455' title='bbox 1568 3027 1703 3087; x_wconf 84' lang='lat' dir='ltr'><strong>Lipsii</strong></span> <span class='ocrx_word' id='word_1_456' title='bbox 1727 3049 1824 3093; x_wconf 85' lang='lat' dir='ltr'><strong>sqq.</strong></span> <span class='ocrx_word' id='word_1_457' title='bbox 1859 3065 1918 3074; x_wconf 80' lang='grc'><em>...-</em></span> 
     </span>
     <span class='ocr_line' id='line_1_93' title="bbox 1022 3082 1924 3139; baseline 0.018 -19"><span class='ocrx_word' id='word_1_458' title='bbox 1022 3087 1148 3122; x_wconf 79' lang='lat' dir='ltr'><strong>certo</strong></span> <span class='ocrx_word' id='word_1_459' title='bbox 1178 3083 1285 3122; x_wconf 76' lang='grc' dir='ltr'><em>ᾶηίυ</em></span> <span class='ocrx_word' id='word_1_460' title='bbox 1309 3082 1376 3124; x_wconf 77' lang='lat' dir='ltr'><strong>ed.</strong></span> <span class='ocrx_word' id='word_1_461' title='bbox 1403 3082 1518 3139; x_wconf 83' lang='lat' dir='ltr'><strong>Spir.</strong></span> <span class='ocrx_word' id='word_1_462' title='bbox 1566 3110 1596 3118; x_wconf 63' lang='grc'><strong>«-</strong></span> <span class='ocrx_word' id='word_1_463' title='bbox 1662 3098 1782 3135; x_wconf 73' lang='lat' dir='ltr'><strong>certa</strong></span> <span class='ocrx_word' id='word_1_464' title='bbox 1804 3097 1924 3137; x_wconf 80' lang='lat' dir='ltr'><strong>anni</strong></span> 
     </span>
     <span class='ocr_line' id='line_1_94' title="bbox 1023 3138 1914 3194; baseline 0.015 -16"><span class='ocrx_word' id='word_1_465' title='bbox 1023 3144 1238 3188; x_wconf 77' lang='lat' dir='ltr'><strong>tempore</strong></span> <span class='ocrx_word' id='word_1_466' title='bbox 1272 3138 1407 3183; x_wconf 87' lang='lat' dir='ltr'><strong>MSS.</strong></span> <span class='ocrx_word' id='word_1_467' title='bbox 1440 3139 1592 3185; x_wconf 84' lang='lat' dir='ltr'><strong>Guelf.</strong></span> <span class='ocrx_word' id='word_1_468' title='bbox 1622 3143 1744 3192; x_wconf 79' lang='lat' dir='ltr'><strong>Harl.</strong></span> <span class='ocrx_word' id='word_1_469' title='bbox 1782 3149 1914 3194; x_wconf 77' lang='lat' dir='ltr'><strong>Bodl.</strong></span> 
     </span>
     <span class='ocr_line' id='line_1_95' title="bbox 1025 3194 1914 3261; baseline 0.017 -25"><span class='ocrx_word' id='word_1_470' title='bbox 1025 3195 1107 3261; x_wconf 76' lang='lat' dir='ltr'><strong>les.</strong></span> <span class='ocrx_word' id='word_1_471' title='bbox 1135 3194 1249 3236; x_wconf 79' lang='lat' dir='ltr'><strong>Bud.</strong></span> <span class='ocrx_word' id='word_1_472' title='bbox 1290 3195 1393 3239; x_wconf 82' lang='lat' dir='ltr'><strong>edd.</strong></span> <span class='ocrx_word' id='word_1_473' title='bbox 1418 3196 1596 3243; x_wconf 81' lang='lat' dir='ltr'><strong>Puteol.</strong></span> <span class='ocrx_word' id='word_1_474' title='bbox 1621 3198 1719 3261; x_wconf 75' lang='lat' dir='ltr'><strong>sqq.</strong></span> <span class='ocrx_word' id='word_1_475' title='bbox 1754 3206 1807 3248; x_wconf 87' lang='lat' dir='ltr'><strong>ad</strong></span> <span class='ocrx_word' id='word_1_476' title='bbox 1825 3207 1914 3251; x_wconf 72' lang='lat' dir='ltr'><strong>,Li-</strong></span> 
     </span>
     <span class='ocr_line' id='line_1_96' title="bbox 1026 3267 1498 3308; baseline 0.008 -16"><span class='ocrx_word' id='word_1_477' title='bbox 1026 3267 1188 3308; x_wconf 79' lang='lat' dir='ltr'><strong>psmm.</strong></span> <span class='ocrx_word' id='word_1_478' title='bbox 1493 3269 1498 3272; x_wconf 93' lang='lat'>·</span> 
     </span>
    </p>

    <p class='ocr_par' dir='ltr' id='par_1_23' title="bbox 1028 3310 1919 3427">
     <span class='ocr_line' id='line_1_97' title="bbox 1082 3310 1916 3367; baseline 0.019 -18"><span class='ocrx_word' id='word_1_479' title='bbox 1082 3313 1295 3364; x_wconf 72' lang='lat' dir='ltr'><strong>tradant.</strong></span> <span class='ocrx_word' id='word_1_480' title='bbox 1356 3310 1457 3354; x_wconf 83' lang='lat' dir='ltr'><strong>MS.</strong></span> <span class='ocrx_word' id='word_1_481' title='bbox 1482 3310 1631 3356; x_wconf 87' lang='lat' dir='ltr'><strong>Guelf.</strong></span> <span class='ocrx_word' id='word_1_482' title='bbox 1664 3321 1916 3367; x_wconf 81' lang='lat' dir='ltr'><strong>traddunt.</strong></span> 
     </span>
     <span class='ocr_line' id='line_1_98' title="bbox 1028 3365 1919 3427; baseline 0.018 -21"><span class='ocrx_word' id='word_1_483' title='bbox 1028 3390 1080 3401; x_wconf 89' lang='lat'>-</span> <span class='ocrx_word' id='word_1_484' title='bbox 1112 3366 1233 3408; x_wconf 86' lang='lat' dir='ltr'><strong>ldem</strong></span> <span class='ocrx_word' id='word_1_485' title='bbox 1259 3365 1527 3424; x_wconf 76' lang='lat' dir='ltr'><strong>liber-paulo</strong></span> <span class='ocrx_word' id='word_1_486' title='bbox 1559 3381 1659 3427; x_wconf 91' lang='lat' dir='ltr'><strong>post</strong></span> <span class='ocrx_word' id='word_1_487' title='bbox 1691 3367 1919 3423; x_wconf 71' lang='lat' dir='ltr'><strong>inaruerit</strong></span> 
     </span>
    </p>
   </div>
   <div class='ocr_carea' id='block_1_21' title="bbox 1023 3427 1916 3525">
    <p class='ocr_par' dir='ltr' id='par_1_24' title="bbox 1023 3427 1916 3525">
     <span class='ocr_line' id='line_1_99' title="bbox 1023 3427 1916 3492; baseline 0.017 -28"><span class='ocrx_word' id='word_1_488' title='bbox 1023 3441 1046 3465; x_wconf 77' lang='lat' dir='ltr'><strong>a</strong></span> <span class='ocrx_word' id='word_1_489' title='bbox 1064 3439 1152 3467; x_wconf 82' lang='lat' dir='ltr'><strong>sec.</strong></span> <span class='ocrx_word' id='word_1_490' title='bbox 1170 3439 1332 3478; x_wconf 83' lang='lat' dir='ltr'><strong>manu;</strong></span> <span class='ocrx_word' id='word_1_491' title='bbox 1354 3427 1619 3470; x_wconf 82' lang='lat' dir='ltr'><strong>inaruerint</strong></span> <span class='ocrx_word' id='word_1_492' title='bbox 1630 3429 1712 3474; x_wconf 83' lang='lat' dir='ltr'><strong>fuit</strong></span> <span class='ocrx_word' id='word_1_493' title='bbox 1730 3449 1752 3474; x_wconf 87' lang='lat' dir='ltr'><strong>a</strong></span> <span class='ocrx_word' id='word_1_494' title='bbox 1771 3437 1916 3492; x_wconf 81' lang='lat' dir='ltr'><strong>prima</strong></span> 
     </span>
     <span class='ocr_line' id='line_1_100' title="bbox 1026 3496 1251 3525; baseline 0.013 -2"><span class='ocrx_word' id='word_1_495' title='bbox 1026 3496 1182 3525; x_wconf 82' lang='lat' dir='ltr'><strong>manu.</strong></span> <span class='ocrx_word' id='word_1_496' title='bbox 1247 3503 1251 3510; x_wconf 94' lang='lat'>·</span> 
     </span>
    </p>
   </div>
   <div class='ocr_carea' id='block_1_22' title="bbox 1274 3540 1338 3605">
    <p class='ocr_par' dir='ltr' id='par_1_25' title="bbox 1274 3540 1338 3605">
     <span class='ocr_line' id='line_1_101' title="bbox 1274 3540 1338 3605; baseline -0.063 0"><span class='ocrx_word' id='word_1_497' title='bbox 1274 3540 1338 3605; x_wconf 86' lang='lat' dir='ltr'><strong>Ii</strong></span> 
     </span>
    </p>
   </div>
  </div>
 </body>
</html>
