2138 4030
250 234 301 268 A.
317 231 368 268 U.
384 230 468 266 82³.

246 277 299 312 A.
318 275 364 312 C.
405 275 467 310 70.

662 232 837 294 LIB.
871 231 948 295 ΙΙ.
1017 231 1213 293 CAP.
1240 229 1337 294 99.
1372 237 1508 296 100.
1879 238 2005 301 247

155 367 231 422 ad
255 366 481 422 bellum
506 363 683 421 iubet.
756 363 1110 437 praemissus
1133 359 1411 419 Caecina:
1455 363 1763 422 Valentem
1787 387 1817 422 e
1837 369 2000 440 gravi

153 451 416 524 corporis
441 448 649 506 morbo
674 459 816 504 tunc
836 448 1094 522 primum
1118 448 1527 520 adsurgentem
1548 449 1855 508 infirmitas
1875 464 1997 509 tar-

151 536 345 594 dabat.
409 533 614 606 Longe
638 532 753 588 alia
775 532 1192 606 proficiscentis
1218 552 1284 588 ex
1309 524 1453 588 urbe
1470 529 1808 591 Germanici
1833 557 1995 593 exer·
2062 538 2068 544 ’

151 619 300 677 citus
326 618 571 694 species:
624 637 748 674 non
779 617 948 689 vigor
977 617 1354 691 corporibus,
1396 637 1520 673 non
1550 618 1726 675 ardor
1754 621 1991 677 animis:

148 704 377 761 lentum
402 715 458 761 et
482 722 681 759 rarum
709 720 947 774 agmen,
999 702 1157 758 fluxa
1185 722 1375 770 arma,
1429 721 1632 775 segnes
1663 705 1822 779 equi:
1879 705 1994 761 im·-

148 789 376 864 patiens
413 789 582 856 solis,
624 786 884 861 pulveris
901 832 917 856 ‚
961 797 1394 860 tempestatum,
1450 799 1850 864 quantumque
1887 786 1993 846 he·-

145 874 247 929 bes
275 872 349 929 ad
374 873 785 930 sustinendum
812 872 1074 927 laborem
1099 871 1267 926 miles
1285 917 1301 940 ,
1357 883 1520 928 tanto
1560 873 1632 928 ad
1673 873 1992 931 discordias

142 959 490 1033 promptior.
576 954 907 1014 Accedebat
926 952 1042 1013 huc
1054 954 1337 1012 Caecinae
1361 957 1604 1013 ambitio
1629 969 1824 1027 vetus,
1869 970 1993 1014 tor-

143 1063 254 1118 por
280 1062 512 1111 recenS,
555 1042 739 1098 nimia
766 1038 1037 1098 fortunae
1063 1041 1427 1114 indulgentia
1455 1042 1632 1099 soluti
1659 1043 1724 1097 in
1762 1043 1990 1100 luxum:

145 1147 247 1184 seu
279 1129 586 1203 perfidiam
619 1126 901 1183 meditato
938 1126 1258 1198 infringere
1287 1127 1568 1184 exercitus
1593 1128 1870 1183 virtutem
1898 1129 1993 1183 in-

143 1224 232 1270 ter
257 1225 406 1270 artes
435 1226 575 1271 erat.
661 1209 977 1268 Credidere
1004 1210 1266 1286 plerique
1291 1209 1484 1267 Flavii
1498 1211 1707 1268 Sabini
1732 1213 1991 1268 consiliis

143 1318 483 1354 concussam
514 1295 798 1354 Caecinae
838 1307 1126 1364 mentem,
1179 1295 1449 1352 ministro
1490 1317 1828 1353 sermonum
1858 1296 1990 1356 Ru-

141 1383 273 1439 brio
305 1380 510 1439 Gallo:
555 1394 678 1437 rata
707 1383 863 1455 apud
889 1379 1315 1453 Vespasianum
1342 1381 1468 1437 sore
1495 1394 1658 1455 pacta
1690 1383 1992 1458 transitio-

140 1467 260 1522 nis:
322 1468 495 1522 simul
534 1467 809 1522 odiorum
848 1465 1222 1540 invidiaeque
1253 1485 1384 1538 erga
1408 1464 1659 1522 Fabium
1680 1465 1990 1543 Valentem

140 1553 595 1620 admonebatur,
637 1563 703 1606 ut
728 1550 919 1624 impar
941 1551 1095 1624 apud
1119 1549 1428 1607 Vitellium
1457 1552 1700 1624 gratiam
1722 1553 1991 1629 viresque

139 1637 296 1712 apud
325 1657 547 1693 novum
574 1635 899 1710 principem
923 1645 1171 1710 pararet.

305 1741 373 1801 C.
412 1742 663 1801 Caecina
686 1743 994 1817 complexu
1015 1740 1245 1798 Vitellii
1273 1745 1461 1802 multo
1489 1765 1621 1802 cum
1646 1740 1875 1802 bonore
1897 1749 1990 1802 di-
2048 1783 2056 1795 -

138 1849 363 1903 gressus
390 1841 612 1904 partem
640 1829 900 1905 equitum
928 1828 1001 1883 ad
1027 1829 1430 1902 occupandam
1443 1829 1795 1888 Cremonam
1819 1852 1990 1906 prae·—

194 2061 321 2095 tunc,
340 2051 566 2107 primum.
636 2048 713 2093 Sic
752 2048 856 2092 MS.
891 2048 1027 2092 Corb.
1098 2047 1325 2092 Bekkerus
1346 2049 1554 2107 praetulit
1574 2051 1841 2104 medicanti,
1864 2052 1989 2109 quod

102 2116 105 2120 '
137 2109 406 2167 ed.Spir.—-·
429 2110 750 2164 tumprimum
764 2104 1027 2150 MS.Gue1f.
1098 2124 1146 2148 ex
1178 2107 1359 2162 ingenio
1385 2107 1590 2150 Rhenani
1622 2107 1876 2164 profectum
1912 2126 1986 2152 re—

134 2167 238 2211 edd.
263 2166 365 2210 Put.
389 2182 487 2223 sqq.
1098 2163 1269 2219 peritur
1301 2165 1347 2206 in
1378 2165 1478 2208 edd.
1498 2164 1642 2207 Rhen.
1663 2165 1767 2208 Ald.
1802 2183 1899 2224 sqq.
1933 2166 1986 2209 ad

1094 2222 1269 2264 Ernest.
1339 2220 1510 2264 Verum
1550 2225 1777 2264 meditato
1816 2223 1985 2266 felicis-

1093 2279 1203 2321 sima
1228 2284 1292 2320 est
1316 2280 1597 2327 coniectura,
1629 2278 1730 2336 quia
1758 2279 1887 2335 plane
1920 2281 1987 2324 sic

1094 2334 1315 2392 αόρίσῖως
1337 2344 1568 2393 ponuntur
1595 2335 1823 2395 participia
1847 2345 1983 2395 praet.

1095 2394 1261 2450 depon.
1323 2392 1383 2435 ef.
1408 2392 1676 2436 Ramshorn.
1706 2392 1785 2436 Gr.
1818 2398 1858 2448 §.
1885 2395 1980 2452 ln·

191 2238 376 2291 species.
464 2235 548 2277 Ed.
588 2233 796 2277 Beroald.
841 2234 1023 2288 speties.

133 2294 251 2337 Viet.
274 2310 297 2336 e
319 2294 418 2336 MS.
439 2294 560 2336 Flor.
586 2293 768 2344 species.

174 2363 322 2420 fluxa
355 2378 513 2405 arma.
573 2361 647 2403 Sic
670 2360 804 2404 MSS.
842 2371 885 2404 et
919 2369 1021 2404 vett.

132 2421 362 2465 editiones.
384 2419 591 2463 Secunda
605 2418 672 2461 ed.
686 2417 822 2462 Rhen.
838 2418 962 2462 habet
980 2427 1024 2460 et

122 2479 265 2546 fluxa
287 2492 440 2544 „arma
472 2490 695 2573 ea·que}i³·⁰
732 2474 807 2575 ulg
834 2476 1022 2532 inrepsit

130 2534 1020 2648 {thlgifdtiluiiiissjl'ddiif‘laeicgiirolnnlnsqsqsiq'

182 2664 396 2718 pulveris.
455 2661 538 2703 Ed.
565 2660 681 2715 Spir.
703 2662 951 2714 pulverum
977 2660 1019 2702 et

131 2736 233 2763 mox
274 2736 378 2763 cum
416 2718 517 2761 MS.
555 2716 709 2760 Guelf.
753 2734 778 2760 a
821 2717 1018 2759 secunda

129 2793 267 2822 manu
298 2783 747 2830 tempestatumque,
786 2782 829 2817 et
856 2774 1016 2817 deinde

127 2835 220 2878 sola
253 2835 439 2876 labores
472 2848 556 2888 pro
592 2833 828 2882 laborem,
868 2838 1019 2872 metus

129 2908 212 2949 pro
251 2897 398 2934 vetus.
469 2890 572 2932 MS.
607 2887 756 2931 Guelf.
793 2897 1017 2944 quantum

129 2950 270 2991 habes
291 2963 374 3004 pro
397 2955 713 3003 quantumque
734 2947 882 2989 hebes.

182 3033 262 3061 seu
279 3032 365 3073 per
382 3019 527 3060 cdiam
549 3017 788 3059 meditato.
847 3014 886 3057 E
911 3015 1016 3058 con'-

130 3077 298 3119 iectura
366 3091 430 3118 ac.
470 3072 642 3124 Gron.,
695 3085 829 3130 quam
875 3072 1016 3115 secuti

127 3140 232 3176 sunt
274 3130 448 3174 Ernest.
496 3138 538 3173 et
577 3130 703 3173 Brot.
755 3153 813 3162 —
881 3127 1014 3174 MSS.

131 3190 256 3232 Flor.
291 3190 406 3242 (test.
442 3188 529 3230 lac.
562 3187 727 3243 Grou.)
762 3186 875 3230 Bud.
905 3186 1015 3242 ch.
1048 3231 1050 3234 ,

129 3247 265 3290 Corb.
295 3245 417 3289 Harl.
448 3245 578 3287 Bodl.
614 3245 696 3287 les.
728 3242 880 3287 Guelf.
911 3243 1012 3286 edd.

128 3305 245 3362 Spir.
279 3303 379 3344 Put.
406 3301 509 3344 Ber.
547 3302 667 3356 (cum
702 3300 846 3344 silent.
876 3299 1013 3356 Vici.)

65 3388 68 3392 ·
133 3362 230 3406 Ale.
253 3361 513 3416 meditatie.
554 3382 607 3393 -
665 3357 718 3400 Bi
755 3366 829 3401 ,et
853 3357 1012 3401 Oberl.

130 3417 323 3465 maluere
354 3415 620 3474 scripturam
646 3374 751 3458 corii
777 3415 883 3472 Agr.
922 3430 1013 3456 me-

127 3475 347 3522 ditantis,
379 3472 501 3532 quod
529 3471 764 3515 molestum
790 3481 853 3515 est
876 3472 933 3515 ob
957 3473 1013 3515 al-

134 3540 303 3576 terum·
346 3529 594 3589 genitivum
651 3529 897 3574 exercitus.
961 3558 1017 3566 --

1094 2451 1253 2508 p.455.
1279 2450 1440 2493 Not.1.
1498 2450 1582 2493 Ed.
1606 2449 1723 2507 Spir.
1751 2458 1896 2493 totum
1921 2446 1982 2494 lo-

1093 2523 1195 2550 cum
1220 2506 1389 2549 exhibet
1410 2507 1492 2550 ita:
1518 2523 1598 2549 seu
1616 2508 1866 2564 perfidiam
1890 2523 1980 2550 me·

1091 2565 1257 2617 vdicatio
1299 2563 1576 2618 infringitur
1610 2567 1828 2607 virtutem
1861 2566 1983 2613 inter·
2032 2605 2038 2617 ,

1091 2629 1219 2663 artes
1243 2627 1360 2663 erat.
1402 2632 1403 2635 ’

1145 2691 1366 2734 consiliis.
1427 2688 1531 2733 MS.
1554 2690 1708 2754 Gue'lf.
1735 2698 1951 2751 consules.

1147 2775 1338 2817 Rubrio.
1398 2772 1515 2817 Edd.
1534 2774 1742 2819 Beroald.
1757 2777 1859 2822 Ale.
1881 2780 1977 2823 Ra-

1089 2834 1203 2875 brc'o.
1268 2830 1495 2873 Victorius
1526 2847 1549 2874 e
1583 2833 1682 2875 cod.
1715 2834 1837 2878 Flor.
1873 2847 1975 2895 sup·

1089 2889 1260 2948 peditat
1282 2889 1455 2953 Rubrio
1472 2919 1484 2942 ‚
1528 2888 1574 2931 in
1600 2905 1691 2948 quo
1715 2892 1852 2936 ceteri
1877 2892 1978 2938 libri

1088 2952 1392 2990 eonsenuunt.
1612 2974 1615 2975 ν

1144 3019 1272 3070 apud
1288 3016 1337 3058 V
1331 3017 1539 3058 itellc‘um.
1598 3015 1676 3062 Sic
1698 3018 1833 3065 MSS.
1853 3021 1890 3063 F
1893 3021 1975 3065 l'or.

1089 3072 1242 3118 Guelf.
1274 3072 1389 3114 Bud.
1428 3073 1528 3116 edd.
1555 3068 1791 3122 Put.'Ber..
1811 3093 1904 3136 sqq.
1937 3088 1978 3122 et

1088 3131 1246 3174 deinde
1275 3129 1400 3172 Pich.
1424 3129 1560 3198 Lipsii
1583 3131 1730 3199 pbstr.
1758 3134 1976 3193 Rei-negg.

1085 3205 1111 3288 ⁵1
1141 3204 1212 3289 ‘a
1238 3185 1804 3342 ιῑεεῖἷῆἔὲἷῖἐίἕωρῗῖἶῗῗ·
1834 3192 1974 3292 30ἶῖἓί

1089 3317 1188 3344 rum
1214 3317 1288 3344 ver
1322 3316 1345 3342 a
1366 3303 1492 3356 apud
1515 3301 1559 3342 V
1558 3304 1749 3346 ilellium
1771 3306 1975 3358 gratiam

1089 3359 1293 3413 viresque
1326 3358 1372 3400 in
1397 3358 1466 3401 ed.
1488 3359 1604 3416 Spir.
1632 3377 1722 3403 non
1753 3362 1975 3419 leguntur.

1094 3419 1125 3457 A
1161 3417 1260 3458 MS.
1294 3413 1399 3473 Reg.
1436 3415 1648 3459 dicunntur
1681 3419 1828 3460 abesse
1860 3435 1975 3474 gra—

1091 3475 1206 3515 tiam
1240 3471 1475 3528 viresqne:
1530 3474 1605 3516 sed
1643 3474 1828 3517 sortasse
1870 3491 1973 3522 eum

1091 3530 1158 3574 cd.
1183 3529 1304 3590 Spir.
1325 3530 1406 3575 iste
1435 3529 1545 3575 liber
1571 3532 1807 3576 consentit.
1980 3542 1982 3544 ’
