2138 4030
179 235 394 275 A.U:82&

174 281 290 318 M„
335 281 395 314 w,
586 236 763 300 Lm.
803 236 882 299 11.
963 234 1162 298 CAP.
1200 237 1442 314 2³24.
1820 251 1938 310 163

89 372 287 441 tatim,
330 382 397 428 ut
427 368 674 445 quisque
699 366 899 422 animo
934 364 1210 438 ignavuS,
1251 386 1465 440 procax
1497 364 1626 441 ore,
1672 373 1937 437 Annium

91 456 334 513 Gallum
379 466 436 511 et
488 452 842 510 Suetonium
892 449 1234 530 Paullinum
1286 463 1343 507 et
1389 447 1651 511 Marium
1698 459 1936 525 Celsum

85 540 252 618 (nam
282 559 380 596 eos
407 557 642 615 quoque
666 532 832 592 Otho
860 533 1238 611 praefecerat)
1262 536 1440 594 variis
1467 540 1811 603 criminibus
1840 551 1936 606 in·-

84 637 391 684 cesserant.
497 621 780 679 acerrima
831 617 1208 676 seditionum'
1239 640 1305 677 ac
1353 622 1683 682 discordiae
1727 630 1936 692 incita-

83 703 284 768 menta
332 709 732 765 interfectores
773 704 1025 762 Galbae:
1093 703 1307 761 scelere
1357 717 1414 763 et
1460 721 1622 774 metu
1661 721 1937 777 vecordes

84 797 326 851 miscere
349 804 583 861 cuncta,
626 792 804 847 modo
833 790 1026 864 palam
1062 789 1315 845 turbidis
1349 792 1592 850 vocibus
1625 800 1804 856 modo
1838 825 1937 860 oc-

82 880 255 937 cultis
280 880 355 935 ad
385 874 690 934 Othonem
717 875 951 932 litteris:
995 873 1099 950 qui
1124 871 1473 932 humillimo¹
1494 880 1705 956 cuique
1729 889 1938 944 credu-

84 966 206 1034 luS‚
242 966 433 1020 bonos
458 973 723 1019 metuens
750 960 1109 1035 trepidabat,
1151 960 1326 1015 rebus
1355 965 1650 1037 prosperis
1679 966 1938 1030 incertus

82 1063 140 1108 et
177 1050 333 1106 inter
369 1048 611 1104 adversa
646 1046 872 1105 melior.
959 1044 1140 1117 igitur
1169 1042 1476 1102 Titianum
1509 1049 1749 1109 fratrem
1786 1059 1938 1114 acci-

85 1147 210 1191 tum
244 1132 403 1190 bello
440 1131 798 1208 praeposuit.
894 1127 1122 1186 Interea
1158 1126 1423 1187 Paullini
1463 1145 1519 1190 et
1553 1132 1711 1193 Celsi
1755 1142 1936 1199 ductu

84 1240 177 1275 res
204 1219 429 1291 egregie
456 1229 664 1291 gestae.
1095 1219 1098 1228 '

252 1302 474 1361 XXIV.
560 1299 875 1374 Angebant
921 1297 1235 1356 Caecinam
1282 1302 1683 1379 nequidquam
1737 1313 1937 1370 omnia

84 1400 285 1464 coepta
327 1399 384 1444 et
424 1405 725 1442 senescens
759 1384 1042 1440 exercitus
1079 1385 1171 1440 sui
1202 1385 1376 1446 fama.
1463 1390 1668 1461 pulsus
1692 1389 1938 1453 Placen-

84 1474 194 1542 tia,
238 1473 417 1529 caesis
445 1491 636 1545 nuper
670 1469 905 1526 auxiliis
934 1470 1108 1525 etiam
1140 1490 1246 1544 per
1282 1491 1633 1529 concursum
1669 1481 1937 1553 explora-

83 1570 279 1614 torum
303 1553 530 1633 (crebra
556 1556 740 1628 magis
766 1574 942 1632 quam
980 1555 1157 1627 digna
1194 1569 1519 1613 memoratu
1552 1562 1802 1640 proelia)
1840 1568 1936 1622 in-

82 1644 290 1709 ferior,
325 1643 759 1718 propinquante
784 1639 968 1698 Fabio
993 1637 1242 1694 Valente
1275 1661 1348 1696 ne
1378 1646 1729 1703 omnefbelli
1762 1638 1937 1708 decus

85 1729 225 1791 illuc
261 1728 632 1793 concederet,
672 1726 995 1798 reciperare
1032 1725 1280 1796 gloriam
1313 1727 1544 1783 avidius
1579 1751 1756 1806 quam
1793 1757 1936 1792 con-

83 1813 292 1870 sultius
332 1812 702 1886 properabat.
787 1811 860 1864 ad
895 1809 1311 1865 duodecimum
1351 1832 1382 1867 a
1419 1810 1708 1872 Cremona
1747 1815 1938 1895 (locus

83 1895 394 1957 Castorum
434 1892 701 1972 vocatur)
739 1893 1151 1952 ‚ferocissimos
1194 1896 1568 1954 auxiliarium
1621 1901 1938 1963 imminen-

84 2097 465 2170 aeaei'stinusntibus
493 2123 562 2167 ed.
584 2124 715 2181 'Spin
789 2124 845 2168 cf.
879 2133 972 2167 not.

84 2186 139 2229 ad
162 2182 248 2228 An.
275 2184 337 2234 13,
363 2183 428 2226 17.
447 2209 506 2219 —-
546 2182 649 2224 MS.
667 2180 820 2224 Guels.
844 2183 970 2223 exti-

86 2245 335 2285 mantibus.

1046 2125 1154 2182 Agr.
1188 2126 1368 2168 intereo
1406 2127 1618 2171 Paullim'
1649 2136 1856 2178 consiliis
1882 2124 1935 2180 ‘et

1043 2186 1199 2224 ducta.
1280 2183 1521 2241 Vulgatum
1568 2195 1750 2232 tuentur
1796 2193 1932 2238 MSS.

1045 2240 1158 2283 ssud.
1181 2238 1333 2282 Guelf.
1360 2242 1460 2285 edd.
1482 2242 1583 2285 Pnt.
1609 2245 1811 2292 Beroald.
1836 2267 1933 2310 sqq.

137 2315 252 2341 nam
285 2311 366 2340 eos
397 2311 572 2353 quoque
604 2295 727 2338 Otho
753 2303 838 2338 etc.
897 2294 972 2338 Sic
1045 2296 1208 2339 Veram
1234 2297 1365 2340 huius
1395 2298 1479 2342 loci
1504 2301 1838 2348 distinctionem
1861 2311 1932 2351 de-

84 2357 183 2401 MS.
219 2355 370 2399 Guelf.
403 2354 505 2396 edd.
543 2352 663 2410 Spir.
703 2353 802 2395 Put.
834 2354 901 2396 M.
930 2362 972 2396 et

84 2415 140 2458 V.
166 2412 372 2456 Beroald.
398 2413 521 2464 (cum
547 2410 615 2452 sil.
641 2410 773 2464 Vici.)
801 2411 897 2452 Alc.
915 2437 973 2445 -

83 2486 198 2513 nam
235 2485 313 2514 eos
336 2469 456 2511 Otho
493 2483 668 2523 quoque
700 2467 799 2511 edd.
831 2467 970 2510 Rhen.

84 2529 307 2586 A⁵‘¹'⁵‘¹q‘
538 2583 613 2627 sie
660 2581 797 2625 Mss.
846 2581 970 2625 uari.

141 2588 442 2629 incesserant.

85 2643 214 2686 Bodl.
241 2643 319 2687 les.
345 2640 494 2684 Guelf.
523 2640 636 2682 Bud.
659 2640 759 2682 edd.
785 2640 883 2683 Put.
904 2639 973 2685 M.

83 2711 125 2744 et
150 2700 200 2742 V.
225 2698 435 2742 Beroald.
461 2700 585 2752 (cum
617 2699 683 2740 sil.
710 2695 850 2752 Viet.)
875 2712 972 2754 sqq.

84 2760 139 2802 ad
164 2756 410 2816 Ryckium,
443 2756 516 2812 qui
546 2772 567 2796 e
594 2756 691 2797 MS.
717 2757 822 2811 Agr.
850 2753 972 2797 dedit

85 2818 394 2861 incessebant,
425 2813 548 2869 quod
581 2812 716 2855 hodie
749 2811 970 2868 vulgatur.

84 2874 170 2917 Sed
193 2880 316 2914 vetus
334 2870 552 2926 scriptura
574 2869 689 2911 haud
710 2869 855 2926 inepta
880 2876 967 2910 est:

83 2939 248 2989 spectat
278 2929 333 2971 ad
362 2927 652 2980 praeposuit.
713 2926 821 2968 Nam
847 2925 970 2968 Otho

82 2989 266 3033 fratrem
301 2983 582 3044 praeposuit,
617 2983 719 3040 quia
752 2983 861 3025 alios
893 2985 972 3025 du-

85 3062 156 3089 cvs
199 3046 471 3086 incesserant
513 3040 647 3085 variis
685 3040 968 3083 criminibus.

83 3103 164 3145 Ed.
194 3099 310 3158 Spir.
343 3100 415 3142 dat
452 3101 737 3141 mcesserent.
798 3097 971 3139 Eodem

84 3160 175 3202 fere
211 3157 345 3199 modo
380 3154 867 3213 plusquamperfectum
895 3170 973 3213 po»

84 3218 207 3259 nitur
232 3216 318 3256 An.
344 3214 383 3263 2,
407 3214 477 3255 22.
502 3213 850 3255 miserationem
881 3215 971 3253 ad·-

86 3275 288 3316 diderat.

140 3329 410 3372 humillimo.

86 3388 249 3430 Eadem
265 3401 364 3427 mox
387 3385 506 3424 inita
531 3398 612 3440 pro
631 3390 836 3435 znterea;
858 3383 972 3424 Con·

86 3446 222 3486 salini
254 3458 336 3499 pro
363 3442 497 3484 Celsi.
559 3439 657 3483 MS.
689 3439 807 3482 Flor.
845 3448 971 3490 (teste

91 3500 276 3556 Ryckio)
307 3498 486 3541 consilii
514 3500 668 3538 ductu.
742 3495 970 3539 Victorius

86 3558 314 3612 vulgatum
343 3556 564 3598 intactum
598 3553 795 3609 reliquit.
869 3553 972 3597 MS.

491 3325 572 3367 Ed.
608 3326 640 3367 S
629 3326 729 3392 pir.
767 3327 971 3368 minimo.

1043 2354 1202 2395 bemus
1216 2354 1447 2399 Rhenano.
1506 2357 1687 2402 Priores
1710 2378 1933 2408 consensu

1045 2411 1308 2453 cod.Guelf.
1335 2414 1589 2457 ediderant:
1621 2432 1697 2459 res·
1723 2425 1932 2475 egregiae
1996 2450 1999 2462 .

1043 2475 1204 2521 gestae
1228 2472 1463 2522 angebant
1478 2473 1727 2516 Caecinam
1748 2482 1932 2533 nequid·

1045 2541 1187 2580 qaam
1210 2527 1371 2568 omnia
1393 2537 1566 2582 coepta.
1607 2530 1666 2571 Et
1687 2541 1771 2576 etc.
1840 2535 1932 2581 Pro

1045 2584 1260 2637 egregiae
1293 2583 1341 2624 in
1364 2585 1466 2627 edd.
1494 2585 1597 2629 Put.
1621 2604 1721 2646 sqq.
1759 2593 1932 2636 restitui

1047 2641 1221 2696 egregie
1242 2656 1264 2682 e
1287 2641 1419 2684 MSS.
1439 2642 1561 2686 Harl.
1577 2644 1706 2689 Bodl.
1728 2647 1798 2691 ed.
1815 2649 1934 2708 Spir.

1102 2697 1211 2741 CAP.
1227 2699 1298 2740 24.
1346 2703 1675 2756 nequidquam.
1715 2703 1930 2765 Ed.Spir.

1043 2770 1357 2810 nequaquam.
1754 2768 1759 2774 '

1099 2814 1379 2865 reciperare.
1438 2813 1512 2856 Sic
1535 2814 1635 2859 MS.
1659 2817 1783 2863 Flor.
1811 2821 1927 2875 (test.

1043 2868 1183 2924 Vict.)
1204 2869 1301 2911 edd.
1323 2869 1440 2927 Lips.
1465 2887 1560 2928 sqq.
1576 2896 1633 2907 -
1658 2889 1930 2930 recuperare

1043 2926 1141 2969 edd.
1167 2934 1273 2969 vett.
1297 2942 1402 2969 cum
1426 2928 1526 2970 MS.
1548 2927 1698 2974 Guelf.

1100 2986 1226 3025 locus
1276 2983 1550 3029 Castorum.
1625 2988 1762 3034 MSS.
1802 2992 1927 3038 Harl.

1042 3041 1175 3083 Bodl.
1214 3041 1290 3084 les.
1329 3040 1483 3085 Guelf.
1512 3042 1627 3088 Bud.
1671 3047 1776 3092 edd.
1818 3061 1927 3096 vett.

1043 3099 1166 3153 (cum
1189 3097 1256 3140 sil.
1280 3097 1415 3154 Viet.)
1439 3109 1480 3142 et
1501 3099 1619 3157 Lips.
1643 3103 1785 3160 prima
1804 3110 1930 3151 locus
2002 3142 2004 3144 -

1043 3162 1318 3198 castrorum.
1392 3156 1478 3198 Sed
1514 3159 1715 3204 Alciatus
1747 3164 1833 3207 iam
1870 3169 1927 3208 vif·

1044 3212 1168 3254 derat
1208 3227 1256 3253 ex
1300 3211 1438 3256 Oros.
1477 3213 1518 3262 7,
1556 3215 1596 3258 8.
1642 3218 1928 3266 scribendum

1044 3284 1137 3310 esse
1170 3271 1294 3311 locus
1330 3269 1598 3316 Castorum.
1657 3275 1716 3318 cf.
1741 3275 1930 3324 Sueton.

1047 3325 1156 3368 Oth.
1188 3342 1226 3368 c.
1257 3326 1301 3369 9.
1392 3327 1440 3369 ln
1475 3338 1730 3374 contextum
1764 3335 1927 3379 Alciati

1043 3382 1403 3426 emendationem
1431 3401 1638 3443 recepere
1661 3389 1778 3446 Lips.
1806 3392 1932 3438 Picb.

1045 3439 1178 3482 Grut.
1204 3455 1300 3508 sqq.
1875 3487 1878 3490 ,

1039 3555 1077 3594 Γ
1099 3498 1427 3563 aaxz'lzarium.
1485 3499 1590 3545 MS.
1615 3501 1762 3546 Guelf.
1787 3510 1931 3549 auxi-

1060 3568 1222 3597 tanos.

1195 3614 1329 3674 Le
