2138 4030
167 204 182 215 ·
267 191 424 235 ΒΑΜ.

239 235 314 274 .c.
368 238 426 270 71.

612 166 787 256 Lis.
824 193 961 255 1v.‡-
999 190 1195 253 c-A-P.
1218 140 1324 258 74}
1364 191 1464 255 75.

1832 193 1958 300 425⁷

109 346 337 404 „quam
370 324 512 403 victi
534 322 901 398 victoresque
933 323 1141 378 eodem
1177 321 1306 378 iure
1341 322 1708 398 obtinemuS,
1749 318 1960 398 amat'e5

109 410 347 489 „colite.
446 407 737 465 Moneant
776 427 882 463 vos
913 407 1219 483 utriusque
1263 403 1535 463 fortunae
1587 409 1958 480 documenta,

109 516 234 566 „ne
273 493 703 551 contumaciam
749 512 879 548 cum
916 492 1175 566 pernicie
1215 511 1394 567 quam
1437 492 1784 570 obsequium
1827 517 1965 553 cum

109 625 146 650 ‚‚
158 580 462 636 securitate
497 576 733 635 malitiS.
749 575 774 594 ”

112 664 438 739 composuit
469 663 780 737 erexitque.

861 574 1000 632 Tali
1032 576 1296 633 oratione
1331 577 1599 649 graviora
1635 591 1960 638 metuentes
2006 611 2016 622 =

277 746 522 810 LXXY.
589 746 976 802 Tenebantur
999 746 1221 801 victore
1248 746 1502 802 exercitu
1520 744 1791 819 Treveri,
1825 771 1958 814 cum

111 833 319 909 Civilis
353 845 408 889 et
438 830 728 888 Classicus
766 831 973 886 misere
1013 830 1287 905 epistolas
1325 832 1400 886 ad
1437 820 1751 903 Cerialem,
1814 856 1962 911 qua-

110 941 246 977 rum
271 915 415 974 haec
439 917 726 973 sententia
753 916 893 972 fuit:
942 913 1367 989 Vespasianum
1381 935 1411 984 ,“
1441 936 1776 992 quanquam
1801 940 1962 976 nun-

110 1005 223 1062 tios
261 1004 651 1070 occultarent,
694 1000 997 1056 excessisse
1035 1000 1174 1056 vita.

110 1090 345 1145 interno
369 1087 526 1144 bello
553 1097 977 1160 consumptam.

113 1186 170 1231 et
210 1175 332 1230 sine
368 1173 596 1230 viribus
635 1171 898 1229 nomina.

1261 998 1485 1058 Urbem
1519 1013 1692 1077 atque
1730 1001 1962 1061 ltaliam

1067 1083 1337 1141 Muciani
1362 1106 1427 1142 ac
1455 1084 1785 1144 Domitiani
1810 1108 1970 1157 vana⁴

986 1169 1054 1227 Si
1090 1167 1338 1226 Cerialis
1380 1171 1695 1245 imperium
1731 1169 1962 1231 Gallia-

111 1280 247 1315 rum
298 1259 467 1326 velit‚
534 1257 691 1331 ipsos
741 1256 958 1310 finibus
1007 1255 1311 1311 civitatum
1349 1274 1591 1312 suarum
1627 1269 1960 1318 contentos:

112 1344 162 1401 si
183 1344 474 1420 proelium
499 1342 724 1411 mallet,
765 1361 840 1396 ne
875 1340 935 1397 id
982 1339 1224 1415 quidem
1259 1340 1534 1402 abnuere.

106 1623 341 1679 prouida).
371 1646 429 1655 —
485 1621 654 1665 Eadem
684 1635 788 1663 mox
809 1616 1007 1663 amante?

126 1698 193 1724 ›ro
213 1689 397 1730 amate;
426 1687 643 1722 moveant
657 1694 738 1735 pro
760 1684 1000 1723 moneant.

168 1740 215 1783 S.
252 1739 328 1780 les.
366 1736 533 1780 omittit
575 1752 658 1792 que
696 1736 741 1777 in
780 1737 998 1777 victores-

109 1811 210 1852 que.
279 1795 384 1838 MS.
411 1795 547 1839 Corb.
574 1793 882 1836 obtinebimus
913 1807 996 1848 pro

112 1855 386 1899 obtinemus.

165 1941 225 1968 ne
246 1925 607 1967 contumaciam.
666 1922 752 1965 Ed.
776 1921 893 1981 Spir.
916 1938 1001 1966 nee

111 1983 472 2026 contumaciam.

169 2051 280 2097 CAP.
322 2053 393 2096 75.
487 2051 694 2094 Treveri.
778 2050 853 2093 Sic
892 2049 997 2094 MS.

110 2109 233 2155 Flor.
267 2114 396 2164 (test.
419 2108 566 2164 Viet.)
603 2116 645 2150 et
679 2107 748 2150 ed.
781 2107 902 2164 Spir.
941 2130 998 2142 —

112 2168 299 2210 Treviri
327 2167 430 2210 MS.
457 2165 606 2208 Guelf.
639 2164 740 2208 edd.
772 2163 873 2207 Put.
895 2181 947 2223 sq
984 2196 998 2207 .

111 2232 383 2268 constanter.
463 2222 693 2265 Victorius
725 2221 773 2263 in
811 2181 998 2279 exempil.

111 2298 192 2323 suo
223 2280 497 2323 Beroaldino
530 2280 794 2336 plerumque
833 2296 857 2321 e
893 2279 997 2323 cod.

108 2339 236 2382 Flor.
284 2339 474 2380 correxit
510 2337 729 2379 Treveri:
776 2352 993 2379 nonnun-

113 2411 244 2453 quam
266 2393 446 2452 reliquit
472 2394 665 2436 Treviri.

156 2463 390 2523 'epistolas
410 2469 476 2508 ad
488 2465 732 2507 Cerialem.
781 2462 864 2505 Ed.
880 2462 998 2520 Spir.
1068 2482 1074 2485 *

112 2528 176 2568 ad
198 2525 427 2580 Cerialem
453 2523 689 2574 epistolas.
722 2546 774 2554 —
828 2521 995 2564 Eadem

112 2599 217 2626 mox
227 2582 325 2637 fuit
343 2581 596 2623 sententia.

169 2665 442 2709 quanquam
471 2649 661 2692 nuntios
693 2651 996 2690 occultarent.

114 2710 188 2755 Sic
221 2708 358 2753 MSS.
392 2706 544 2751 Guelf.
581 2706 702 2749 Harl.
743 2706 872 2748 Bodl.
916 2705 997 2748 les.

112 2766 228 2810 Bud.
265 2765 366 2809 edd.
401 2765 505 2808 Put.
531 2763 738 2806 Beroald.
773 2765 894 2815 (cum
928 2761 997 2804 sil.

113 2825 250 2878 Vici.)
270 2837 368 2879 sqq.
393 2851 451 2858 -
489 2823 645 2862 nuntii
666 2819 798 2864 MSS.
818 2819 998 2862 Farnes.

114 2881 252 2926 Corb.
278 2882 386 2935 Agr.
414 2879 482 2922 ed.
503 2877 718 2920 Broterii.
779 2877 902 2919 Idem
925 2892 998 2918 vo-

114 2939 295 2982 luerunt
333 2935 536 2979 exhibere
566 2935 668 2978 MS.
701 2933 810 2991 Reg.
851 2942 892 2976 et
928 2934 997 2975 ed.

114 2995 259 3053 Spin,
294 2994 397 3036 dum
435 2994 572 3035 edunt
602 2999 736 3034 nutu.
796 2991 850 3033 lit
873 3006 998 3032 nun-

114 3055 167 3094 tii
188 3067 279 3095 non
304 3067 485 3108 prorsus
512 3049 712 3106 ineptum
738 3056 817 3090 est.
879 3047 998 3089 Tum

115 3109 271 3154 Civilis
302 3117 343 3150 et
369 3106 587 3150 Classicus
616 3105 797 3149 mittunt
831 3104 999 3161 episto-

116 3166 178 3209 las
231 3165 285 3208 ad
327 3164 546 3208 Cerialem
595 3171 807 3220 tanquam
853 3163 999 3218 ipsum

114 3222 316 3266 educturi
339 3222 391 3264 de
415 3235 589 3264 excessu
609 3218 893 3276 Vespasiani,
926 3218 1001 3261 ad-

114 3281 312 3337 dumque
350 3292 617 3334 quanquam
653 3277 808 3318 nuntii
849 3279 998 3317 occul-

116 3344 274 3380 tarent
333 3335 376 3378 h.
442 3351 479 3377 e.
539 3350 794 3392 quanquam
850 3331 1000 3375 nuntii

115 3394 459 3449 (Nachrn‘chten)
473 3424 485 3442 ,
520 3407 633 3449 quos
651 3390 832 3434 Cerialis
854 3390 999 3432 Roma

114 3450 361 3507 acciperet,
402 3448 514 3491 nihil
537 3448 592 3490 de
626 3447 704 3491 illo
738 3447 864 3490 obitu
899 3462 1000 3489 me-

117 3516 359 3551 morarent.
438 3504 721 3550 simulabant
753 3506 888 3564 igitur
923 3519 1002 3547 ac-

1622 1339 1720 1399 Ad
1754 1363 1820 1401 ea
1847 1341 1960 1404 Ce-

1072 1620 1345 1664 curatiorem
1373 1619 1428 1663 de
1462 1622 1598 1664 rebus
1619 1621 1791 1665 Romae
1826 1626 1958 1682 gestis

1070 1678 1301 1729 notitiam,
1355 1693 1468 1734 quae
1509 1678 1717 1722 nondum
1765 1683 1959 1727 venisset

1068 1735 1123 1777 ad
1150 1751 1275 1792 aures
1289 1733 1490 1780 Cerialis.
1514 1760 1573 1770 —-·
1622 1737 1734 1780 Mox
1757 1737 1960 1801 ed.Spir.

1069 1793 1218 1835 vitam
1243 1809 1324 1850 pro
1347 1795 1458 1838 vita.

1127 1875 1337 1918 Muciam·
1352 1892 1408 1918 ac
1429 1876 1701 1920 Domitiani
1716 1895 1841 1923 vana
1871 1892 1966 1928 etc.⁴

1071 1933 1293 1989 Copulam
1340 1951 1395 1976 ac
1443 1933 1638 1981 Pichena
1689 1937 1883 1983 restituit
1933 1949 1970 1984 e'

1071 1992 1205 2035 MSS.
1230 1990 1354 2034 Flor.
1391 2001 1433 2033 et
1454 1992 1567 2036 Bud.
1599 2021 1657 2028 -—
1715 2002 1763 2036 et
1795 1995 1959 2041 habent

1071 2049 1171 2091 MS.
1194 2044 1346 2091 Guelf.
1370 2048 1472 2092 edd.
1497 2048 1599 2093 Put.
1621 2050 1691 2093 M.
1713 2061 1756 2094 et
1773 2050 1829 2096 V.
1852 2055 1958 2101 Alc.

1070 2106 1210 2147 Rhen.
1231 2120 1325 2161 sqq.
1354 2106 1408 2147 ad
1432 2105 1692 2151 Pichenam.
1713 2134 1767 2141 —
1819 2120 1961 2168 atque

1069 2161 1384 2211 MS.C01·b.let
1406 2163 1606 2220 ed.·Spi1·.
1623 2189 1679 2196 —
1716 2165 1807 2209 Pro
1832 2183 1959 2212 vana

1069 2220 1172 2263 MS.
1212 2218 1364 2263 Guelf.
1400 2220 1569 2263 exhibet
1608 2238 1727 2276 una,
1783 2225 1958 2283 vulgari

1070 2277 1354 2320 confusione.
1443 2277 1526 2322 Ed.
1562 2278 1680 2335 Spir.
1721 2281 1810 2323 hoc
1852 2283 1955 2327 loco

1069 2334 1155 2376 fert
1205 2334 1408 2376 Cerealis
1446 2343 1489 2377 et
1533 2337 1798 2380 Cerealem:
1848 2339 1955 2384 alibi

1073 2391 1286 2446 Cenabis,
1320 2399 1369 2432 ut
1394 2392 1529 2435 ceteri
1553 2392 1673 2437 libri.

1124 2475 1170 2516 si
1187 2504 1198 2514 .
1223 2507 1234 2516 .
1262 2505 1274 2516 .
1299 2474 1411 2516 v‘elz‘t
1435 2506 1446 2517 .
1476 2506 1489 2518 .
1516 2505 1554 2527 .,
1596 2476 1640 2518 si
1664 2509 1676 2520 .
1698 2509 1711 2520 .
1741 2509 1752 2520 .
1772 2483 1956 2525 mallet.

1068 2528 1144 2573 Sic
1176 2530 1276 2572 libri
1311 2540 1499 2576 veteres.
1589 2535 1820 2579 Ernestius
1858 2553 1956 2580 cor-

1068 2587 1182 2630 rexit
1209 2589 1361 2632 malit.
1430 2589 1543 2631 Nam
1571 2594 1678 2633 velit
1705 2624 1716 2635 .
1732 2625 1741 2633 .
1759 2625 1768 2635 .
1797 2597 1974 2638 mallee.

1069 2645 1281 2689 vitiosum
1315 2661 1406 2688 esse
1442 2647 1649 2692 adfirmat
1688 2649 1958 2706 legendum-

1070 2718 1154 2759 que
1201 2710 1275 2744 aut
1308 2706 1438 2745 vellet
1472 2714 1546 2746 aut
1583 2708 1734 2750 malit.
1807 2707 1958 2752 Erne-

1071 2760 1203 2802 stium
1231 2759 1391 2804 imitati
1413 2771 1516 2805 sunt
1529 2762 1782 2820 Bipontini,
1811 2766 1958 2811 Ober-

1069 2815 1186 2859 linus
1219 2833 1318 2874 sqq.
1397 2817 1484 2860 Sed
1516 2822 1689 2877 egregie
1723 2820 1958 2870 falluntur.

1068 2875 1223 2930 Aeque
1238 2874 1481 2918 benevetus
1494 2878 1711 2933 scriptura
1723 2879 1852 2923 huius
1866 2881 1956 2926 loci

1069 2948 1114 2974 se
1140 2931 1270 2973 habet
1291 2946 1342 2974 ac
1373 2931 1500 2975 locus
1533 2950 1572 2976 c.
1595 2936 1667 2978 ΞΟ.
1687 2935 1731 2978 si
1749 2967 1760 2979 .
1780 2969 1793 2981 .
1809 2969 1820 2981 .
1842 2941 1956 2981 obsi-

1068 2994 1211 3030 steret
1230 3019 1241 3030 .
1254 3019 1265 3029 .
1281 3020 1293 3032 .
1309 3019 1321 3036 ,
1345 2990 1419 3031 sin
1439 3021 1450 3033 .
1463 3023 1474 3033 .
1493 3022 1502 3031 .
1522 3002 1785 3036 occurrant.
1838 2994 1958 3039 Scri-

1071 3045 1192 3088 bitur
1218 3062 1344 3088 vero:
1378 3050 1423 3089 si
1442 3049 1580 3100 velit;
1610 3049 1802 3093 offerunt
1835 3054 1956 3096 enim

1071 3102 1307 3159 imperium
1324 3116 1596 3162 suinumque
1608 3107 1695 3150 hoc
1707 3106 1799 3151 fieri
1815 3127 1956 3167 posse.

1073 3159 1240 3202 Contra
1261 3161 1305 3201 si
1324 3163 1486 3203 mallet
1505 3163 1569 3206 illi
1592 3164 1823 3221 scripsere,
1853 3167 1957 3223 quia

1070 3217 1180 3259 haec
1209 3232 1278 3259 res
1306 3218 1470 3274 pendet
1501 3237 1524 3263 e
1554 3222 1822 3277 cogitatione
1854 3232 1958 3267 tan-

1072 3283 1182 3325 tum,
1213 3282 1256 3315 et
1293 3276 1549 3320 nesciebant
1576 3295 1630 3320 au
1667 3295 1719 3320 eo
1751 3295 1823 3322 res
1852 3297 1957 3324 veu-

1072 3341 1172 3374 tura
1208 3340 1334 3374 esset.
1408 3333 1464 3376 cf.
1497 3345 1591 3378 not.
1625 3336 1678 3378 ad
1705 3337 1796 3379 An.
1827 3340 1864 3385 1,
1892 3339 1957 3382 19.

1071 3388 1123 3430 ln
1148 3388 1238 3444 ipsa
1262 3388 1445 3446 epistola
1465 3393 1593 3435 verba
1619 3391 1744 3434 fuere
1771 3393 1817 3436 in
1838 3394 1960 3439 hunc

1071 3446 1259 3511 niodum
1282 3445 1470 3503 scripta:
1500 3449 1556 3490 Si
1578 3450 1827 3503 imperium
1847 3451 1958 3494 Gal-

1070 3504 1250 3546 liarum
1279 3505 1390 3547 velis
1421 3507 1579 3558 (werm
1607 3508 1670 3549 du
1699 3509 1882 3564 witlst),
1917 3519 1962 3555 et

1266 3562 1452 3638 Gg2
