2138 4030
82 231 89 243 ·
174 215 396 300 &28:⁸35
608 215 789 278 LI-B.
822 217 868 277 1.
948 214 1147 277 cAP.
1187 215 1288 278 53.
1324 215 1426 278 54.
1863 223 1942 281 81

51 341 59 345 ³
91 352 311 432 quia'ct
343 351 500 408 inter
533 365 792 424 paganos
828 347 1163 423 corruptior
1201 343 1372 404 miles
1410 358 1466 405 et
1499 349 1565 404 in
1590 348 1942 426 Verginium

86 434 264 497 favor'
282 434 613 510 cuicunque
635 432 739 489 alii
762 432 1126 507 profuturuS.

189 589 193 591 .
253 544 410 607 LIV.
475 542 726 619 Miserat
769 542 978 600 civitas
1025 542 1368 617 Lingonum
1420 554 1615 600 vetere
1670 546 1938 609 instituto

88 636 246 692 dona
266 630 600 706 legionibus
625 629 854 685 dextras
869 674 886 698 ‚
929 624 1175 706 hospitii
1201 629 1446 702 insigne.
1532 630 1709 703 legati
1734 652 1937 693 eorum

17 769 20 772 ⁴
87 721 154 777 in
202 717 535 798 squalorem
582 713 1053 790 maestitiamque
1109 714 1420 789 compositi
1472 734 1581 789 per
1628 716 1939 793 principia,

83 821 192 880 per
214 799 600 860 contubernia
627 799 806 854 modo
839 818 972 855 suas
1001 798 1277 869 iniuriam,
1318 799 1497 856 modo
1522 800 1825 858 civitatum
1848 805 1941 860 vi-

83 886 352 946 cinarum
387 883 678 961 praemia,
729 894 786 939 et
826 884 934 941 ubi
972 884 1178 960 pronis
1215 883 1474 941 militum
1509 885 1752 943 auribus
1788 889 1941 945 acci—

84 974 430 1049 piebantur,
471 969 655 1045 ipsius
681 969 967 1026 exercitus
991 969 1252 1045 pericula
1283 981 1338 1027 et
1374 971 1761 1028 contumelias
1795 993 1940 1030 con-

85 1063 392 1135 querentes
434 1053 831 1111 accendebant
865 1054 1114 1113 animos,
1219 1075 1329 1111 nec
1383 1057 1591 1130 procul
1649 1058 1939 1117 seditione

85 1143 356 1211 aberant,
399 1160 532 1197 cum
562 1137 944 1196 Hordeonius
983 1138 1226 1197 Flaccus
1267 1141 1429 1197 abire
1451 1142 1713 1215 *legatos³
1756 1154 1940 1222 utque

85 1227 368 1285 occultior
410 1225 703 1298 digressus
746 1236 923 1293 esset,
986 1237 1158 1282 nocte
1200 1226 1399 1284 castris
1445 1228 1717 1284 excedere
1756 1229 1940 1292 iubet.

86 1313 224 1369 inde
273 1322 437 1368 atrox
486 1329 694 1366 rumor
747 1302 1193 1367 adfirmantibus
1238 1312 1533 1388 plerisque
1580 1314 1937 1388 interfectOS‚

85 1417 151 1454 ac
193 1395 310 1453 nisi
358 1395 474 1472 ipsi
520 1394 930 1464 consulerent,
983 1396 1111 1451 fore
1151 1406 1220 1452 -ut
1268 1397 1541 1453 acerrimi
1582 1399 1842 1457 militum
1878 1414 1935 1460 et

83 1481 409 1558 praesentia
437 1481 744 1557 conquesti
765 1500 870 1554 per
892 1482 1162 1537 tenebras
1190 1492 1247 1537 et
1278 1482 1573 1538 inscitiam
1609 1495 1937 1543 ceterorum

83 1568 506 1624 occiderentur.
592 1561 1068 1639 Obstringuntur
1091 1566 1247 1622 inter
1275 1587 1334 1622 se
1361 1568 1536 1624 tacito
1575 1569 1811 1626 foedere
1849 1572 1936 1628 le-

83 1653 303 1725 giones,
388 1649 728 1707 adsciscitur
760 1651 1118 1707 auxiliorum
1148 1651 1349 1724 mileS‚
1392 1654 1585 1727 primo
1621 1667 1936 1730 suspectus,

79 1750 362 1813 ,tanquam
399 1735 771 1793 circumdatis
805 1732 1148 1794 cohortibus
1184 1737 1416 1814 alisque
1442 1739 1694 1813 impetus
1740 1740 1806 1796 in
1840 1742 1937 1799 le-

140 1978 253 2022 GAP.
276 1975 345 2018 54.
405 1974 687 2028 Lingonum.
747 1973 831 2017 Ed.
855 1974 974 2033 Spir.
1046 1982 1125 2017 tur
1161 1951 1383 2033 punctum
1418 1977 1560 2033 ponit.
1642 1978 1746 2025 MS.
1779 1981 1930 2027 Guelf.
1996 2008 2005 2017 ·

88 2033 384 2087 Lingonium.
1045 2040 1146 2089 post
1167 2047 1332 2074 rumor
1353 2032 1486 2077 habet
1506 2051 1707 2080 rasuram
1734 2046 1787 2082 eo
1813 2040 1934 2094 loco,

137 2090 354 2134 dextras.
435 2087 499 2132 cf.
548 2086 876 2137 Montesalcon.
925 2090 973 2132 in
1045 2090 1123 2131 ubi
1145 2089 1208 2132 illi
1231 2089 1332 2132 libri
1358 2090 1509 2134 ferunt
1530 2101 1592 2136 et.

11 2111 13 2114 ι
64 2148 238 2205 Antiq.
262 2145 390 2205 Expl.
421 2153 453 2188 t.
477 2145 520 2189 3.
551 2145 615 2205 pl.
639 2143 735 2190 197.
808 2145 974 2190 Noster

85 2204 192 2248 infr.
217 2205 261 2253 2,
286 2205 328 2247 8.

136 2263 330 2316 insigne.
417 2260 521 2304 MS.
574 2260 693 2305 Bud.
747 2261 971 2315 insignes.

0 2360 2 2362 ,
82 2320 165 2363 Ed.
189 2318 294 2363 Put.
321 2317 376 2363 V.
402 2320 629 2372 insingne.
704 2335 709 2339 ’

139 2392 281 2432 modo
324 2402 453 2432 suas.
543 2387 645 2431 MS.
681 2386 805 2432 Flor.
860 2396 971 2432 teste

84 2446 286 2490 Victorio
316 2449 456 2488 modo
490 2446 539 2487 in
562 2460 686 2488 suas.

138 2505 395 2547 civitatum.
475 2502 559 2546 Ed.
599 2501 807 2545 Beroald.
845 2502 970 2557 (cum

84 2561 261 2605 silentio
295 2559 504 2617 Victorii)
538 2559 812 2602 civitatium.
906 2560 967 2602 cf.

82 2627 176 2662 not.
191 2617 246 2660 ad
259 2616 347 2661 An.
365 2615 405 2668 3,
421 2617 493 2661 63.
514 2617 637 2667 4‚14.
696 2617 797 2660 MS.
812 2615 968 2659 Guelf.

82 2678 339 2718 vicinarum
363 2677 617 2717 civitatum.

138 2732 349 2775 auribus.
418 2731 494 2775 Sic
529 2731 662 2774 MSS.
694 2730 814 2779 Flor.
849 2736 968 2787 (test.

83 2788 205 2832 Vict.
251 2804 355 2832 cum
392 2788 612 2843 Piehena)
650 2787 766 2830 Bud.
815 2787 967 2832 Guelf.

84 2846 192 2903 Reg.
227 2846 310 2888 les.
341 2847 384 2900 (a
416 2861 505 2889 sec.
537 2850 694 2900 manu)
721 2846 819 2889 edd.
840 2845 967 2888 Pich.

83 2903 201 2961 Lips.
222 2901 383 2958 (1607.)
409 2901 544 2945 Grut.
563 2918 663 2963 sqq.
687 2927 743 2934 --
795 2904 971 2946 animis

84 2961 184 3003 edd.
203 2959 323 3018 Spir.
347 2959 449 3002 Put.
475 2973 572 3016 sqq.
603 2960 658 3002 ad
679 2960 940 3003 Pichenam.

143 3024 278 3072 utque
299 3018 531 3059 occultior.
582 3015 665 3059 Ed.
682 3017 797 3076 Spir.
818 3024 869 3059 ut
890 3018 974 3073 qui

84 3075 320 3125 occultior,
359 3074 483 3131 quod
513 3072 669 3116 vitium
702 3092 726 3117 e
749 3089 967 3132 compen-

39 3129 42 3134 *
85 3131 159 3175 dio
182 3129 427 3188 scripturae
450 3138 599 3174 ortum
623 3140 741 3187 puta.

138 3189 506 3244 adfirmantibus.
597 3188 672 3231 Sic
704 3188 802 3232 MS.
840 3188 966 3232 Flor.

84 3253 192 3288 teste
217 3243 437 3287 Victorio.
505 3243 850 3300 affirmantibus
866 3246 968 3290 MS.

86 3301 236 3345 Guelf.
279 3301 381 3346 edd.
415 3307 522 3344 vett.
563 3325 621 3334 —
679 3301 817 3347 MSS.
854 3302 966 3362 Reg-

86 3359 224 3403 Corb.
274 3357 345 3402 ed.
391 3357 512 3415 Spir.
564 3366 664 3402 ante
715 3354 965 3416 affirnion-

86 3417 203 3458 tibus
224 3414 394 3458 addunt
413 3421 481 3466 et,
509 3422 560 3457 ut
580 3415 688 3459 haec
721 3415 969 3478 coniungas

89 3486 190 3515 cum
225 3472 367 3517 verbo
389 3473 789 3527 obstringuntur.
821 3473 967 3532 q‘uan‘-

89 3543 220 3585 quam
267 3529 337 3571 ed.
382 3528 499 3587 Spir.
550 3539 651 3588 post
701 3533 969 3585 occiderem·-

173 3594 413 3646 TAcvrth
451 3593 550 3646 III.

1102 2160 1192 2201 nisi
1211 2160 1305 2213 ipsi
1326 2164 1637 2208 consulerent.
1697 2166 1772 2211 Sic
1792 2169 1929 2215 MSS.

1042 2216 1165 2260 Flor.
1186 2221 1311 2273 (teste
1326 2219 1414 2261 lac.
1431 2218 1683 2279 Gronovio)
1697 2225 1804 2282 Agr.
1816 2227 1931 2274 Bud.

1044 2273 1195 2318 Guelf.
1220 2274 1326 2333 Reg.
1351 2275 1582 2335 edd.Spi1·.
1601 2279 1704 2324 Put.
1727 2282 1794 2326 M.
1820 2294 1863 2329 et
1875 2286 1932 2331 V.

1039 2332 1144 2375 Ber.
1177 2334 1299 2389 (cum
1330 2333 1396 2377 sil.
1425 2333 1562 2391 Vict.)
1583 2336 1684 2382 Alc.
1707 2347 1748 2382 et
1770 2342 1930 2386 deinde

1041 2389 1188 2447 Ryck.
1218 2389 1304 2432 lac.
1318 2389 1528 2436 Gronov.
1551 2409 1650 2452 sqq.
1674 2420 1731 2429 —
1773 2400 1936 2443 nisibi

1043 2450 1329 2490 consulerent
1349 2448 1448 2492 edd.
1473 2449 1616 2494 Rhen.
1643 2453 1709 2508 (ex
1730 2455 1929 2514 ingenio)

1040 2505 1145 2547 Ald.
1165 2520 1262 2562 sqq.
1288 2505 1342 2555 ad
1358 2504 1399 2547 R
1432 2505 1599 2551 ckium.
1621 2537 1678 2546 --
1711 2513 1810 2556 nisi
1827 2530 1930 2557 con·

1039 2565 1247 2604 solerent
1271 2560 1373 2605 MS.
1446 2564 1526 2609 arl.
1582 2575 1584 2577 ’

1084 2632 1197 2688 fore
1221 2640 1286 2675 ut.
1345 2632 1432 2676 Ed.
1456 2633 1575 2692 Spir.
1590 2637 1725 2692 fot-Et
1747 2649 1837 2684 ut„

1096 2704 1341 2747 inscitiam.
1399 2703 1502 2748 MS.
1523 2706 1641 2750 Bud.
1676 2710 1927 2759 inscientia.

1041 2760 1159 2803 Hinc
1206 2760 1447 2804 Rhenanus
1501 2765 1694 2808 coniecit
1746 2770 1929 2814 inscitia

1042 2833 1136 2860 non
1162 2818 1264 2860 satis
1284 2817 1494 2870 feliciter,
1525 2828 1575 2863 ut
1597 2822 1705 2866 mihi
1730 2826 1925 2872 videtur.

1039 2874 1165 2918 Solet
1198 2875 1380 2932 quidem
1412 2875 1575 2920 Noster
1607 2881 1782 2926 variare
1813 2895 1928 2929 stru-

1042 2941 1241 2977 cturam:
1273 2933 1351 2975 sed
1369 2931 1441 2976 hie
1453 2934 1583 2979 verba
1599 2951 1690 2990 per
1710 2945 1927 2988 tenebras

1041 2999 1086 3032 et
1119 2990 1354 3032 inscitiam
1396 2991 1530 3035 artius
1561 2993 1822 3048 cohaerent,
1877 3012 1927 3046 ut

1042 3063 1184 3091 unum
1218 3047 1404 3103 explicet
1437 3048 1643 3094 alterum.

1098 3118 1382 3161 adsciscitur.
1433 3118 1508 3162 Sic
1522 3121 1653 3167 MSS.
1669 3124 1791 3171 Flor.
1810 3129 1925 3183 (test.

1040 3175 1182 3228 Vict.)
1206 3173 1357 3218 Guelf.
1383 3182 1424 3218 et
1448 3176 1515 3220 ed.
1534 3178 1648 3234 Spir.
1665 3206 1720 3222 -.-
1750 3188 1925 3230 ascisci-

1039 3231 1255 3333 Zuffirdd.
1282 3231 1387 3276 Put.
1420 3233 1627 3280 Beroald.
1653 3239 1752 3285 Alc.
1777 3241 1923 3288 Rhen.

1095 3360 1291 3415 alisque.
1337 3360 1418 3404 Ed.
1433 3361 1548 3421 Spir.
1573 3367 1782 3422 aliisque.
1842 3369 1924 3413 Ea·

1039 3418 1139 3462 dem
1156 3433 1258 3459 mox
1273 3418 1322 3459 in
1335 3420 1517 3472 legione
1535 3423 1745 3477 impetus.
1793 3425 1923 3470 Teste

1022 3474 1243 3518 victorio
1277 3475 1405 3519 etiam
1432 3477 1533 3522 MS.
1557 3479 1680 3523 Flor.
1719 3482 1848 3527 habet
1873 3486 1926 3526 'in

1038 3533 1232 3585 legion&

1400 3599 1447 3654 F
