<?xml version="1.0" encoding="UTF-8"?>
<!DOCTYPE html PUBLIC "-//W3C//DTD XHTML 1.0 Transitional//EN"
    "http://www.w3.org/TR/xhtml1/DTD/xhtml1-transitional.dtd">
<html xmlns="http://www.w3.org/1999/xhtml" xml:lang="en" lang="en">
 <head>
  <title>
</title>
<meta http-equiv="Content-Type" content="text/html;charset=utf-8" />
  <meta name='ocr-system' content='tesseract 3.04.00' />
  <meta name='ocr-capabilities' content='ocr_page ocr_carea ocr_par ocr_line ocrx_word'/>
</head>
<body>
  <div class='ocr_page' id='page_1' title='image "./operarecensuitet03taciuoft/operarecensuitet03taciuoft_0323.png"; bbox 0 0 2138 4030; ppageno 0'>
   <div class='ocr_carea' id='block_1_1' title="bbox 189 189 408 289">
    <p class='ocr_par' dir='ltr' id='par_1_1' title="bbox 189 189 408 289">
     <span class='ocr_line' id='line_1_1' title="bbox 189 189 408 246; baseline -0.014 -4"><span class='ocrx_word' id='word_1_1' title='bbox 189 189 237 242; x_wconf 68' lang='lat' dir='ltr'><strong>A&#39;.</strong></span> <span class='ocrx_word' id='word_1_2' title='bbox 253 207 306 246; x_wconf 87' lang='lat' dir='ltr'><strong>U.</strong></span> <span class='ocrx_word' id='word_1_3' title='bbox 324 206 408 245; x_wconf 75' lang='lat'><strong>823.</strong></span> 
     </span>
     <span class='ocr_line' id='line_1_2' title="bbox 189 248 408 289; baseline 0.009 -5"><span class='ocrx_word' id='word_1_4' title='bbox 189 251 241 289; x_wconf 79' lang='lat' dir='ltr'><strong>A.</strong></span> <span class='ocrx_word' id='word_1_5' title='bbox 259 248 305 286; x_wconf 88' lang='lat' dir='ltr'><strong>C.</strong></span> <span class='ocrx_word' id='word_1_6' title='bbox 347 250 408 286; x_wconf 78' lang='grc' dir='ltr'><strong>το.</strong></span> 
     </span>
    </p>
   </div>
   <div class='ocr_carea' id='block_1_2' title="bbox 587 206 1944 271">
    <p class='ocr_par' dir='ltr' id='par_1_2' title="bbox 587 206 1944 271">
     <span class='ocr_line' id='line_1_3' title="bbox 587 206 1944 271; baseline 0.002 -4"><span class='ocrx_word' id='word_1_7' title='bbox 587 208 760 270; x_wconf 88' lang='lat' dir='ltr'><strong>LIB.</strong></span> <span class='ocrx_word' id='word_1_8' title='bbox 800 207 905 271; x_wconf 77' lang='grc' dir='ltr'><strong>[ΙΙ.</strong></span> <span class='ocrx_word' id='word_1_9' title='bbox 983 207 1179 268; x_wconf 81' lang='lat' dir='ltr'><strong>CAP.</strong></span> <span class='ocrx_word' id='word_1_10' title='bbox 1215 206 1313 267; x_wconf 83' lang='lat'><strong>48.</strong></span> <span class='ocrx_word' id='word_1_11' title='bbox 1350 207 1448 268; x_wconf 86' lang='lat'><strong>49.</strong></span> <span class='ocrx_word' id='word_1_12' title='bbox 1820 212 1944 270; x_wconf 81' lang='lat'><strong>313</strong></span> 
     </span>
    </p>
   </div>
   <div class='ocr_carea' id='block_1_3' title="bbox 16 334 2010 1500">
    <p class='ocr_par' dir='ltr' id='par_1_3' title="bbox 16 334 2010 1500">
     <span class='ocr_line' id='line_1_4' title="bbox 16 334 1946 418; baseline -0.002 -19"><span class='ocrx_word' id='word_1_13' title='bbox 16 338 22 353; x_wconf 85' lang='lat'><em>&#39;</em></span> <span class='ocrx_word' id='word_1_14' title='bbox 102 343 438 418; x_wconf 80' lang='lat' dir='ltr'><strong>effectisque</strong></span> <span class='ocrx_word' id='word_1_15' title='bbox 492 339 704 414; x_wconf 86' lang='lat' dir='ltr'><strong>raptim</strong></span> <span class='ocrx_word' id='word_1_16' title='bbox 762 336 1070 394; x_wconf 83' lang='lat' dir='ltr'><strong>liburnicis</strong></span> <span class='ocrx_word' id='word_1_17' title='bbox 1121 336 1461 412; x_wconf 88' lang='lat' dir='ltr'><strong>adsequitur</strong></span> <span class='ocrx_word' id='word_1_18' title='bbox 1516 334 1835 396; x_wconf 70' lang='lat' dir='ltr'><strong>Anicetum.</strong></span> <span class='ocrx_word' id='word_1_19' title='bbox 1880 339 1946 395; x_wconf 81' lang='lat' dir='ltr'><strong>in</strong></span> 
     </span>
     <span class='ocr_line' id='line_1_5' title="bbox 103 415 1947 497; baseline -0.002 -13"><span class='ocrx_word' id='word_1_20' title='bbox 103 427 252 484; x_wconf 88' lang='lat' dir='ltr'><strong>ostio</strong></span> <span class='ocrx_word' id='word_1_21' title='bbox 303 425 565 482; x_wconf 90' lang='lat' dir='ltr'><strong>fluminis</strong></span> <span class='ocrx_word' id='word_1_22' title='bbox 607 418 824 480; x_wconf 89' lang='lat' dir='ltr'><strong>Cohibi</strong></span> <span class='ocrx_word' id='word_1_23' title='bbox 868 434 1060 486; x_wconf 88' lang='lat' dir='ltr'><strong>tutum</strong></span> <span class='ocrx_word' id='word_1_24' title='bbox 1115 422 1224 478; x_wconf 88' lang='lat' dir='ltr'><strong>sub</strong></span> <span class='ocrx_word' id='word_1_25' title='bbox 1276 415 1747 482; x_wconf 85' lang='lat' dir='ltr'>Sedochezorum</span> <span class='ocrx_word' id='word_1_26' title='bbox 1795 423 1947 497; x_wconf 79' lang='lat' dir='ltr'><strong>regis</strong></span> 
     </span>
     <span class='ocr_line' id='line_1_6' title="bbox 102 505 1947 586; baseline -0.002 -18"><span class='ocrx_word' id='word_1_27' title='bbox 102 510 352 579; x_wconf 84' lang='lat' dir='ltr'><strong>auxilio,</strong></span> <span class='ocrx_word' id='word_1_28' title='bbox 431 529 605 586; x_wconf 87' lang='lat' dir='ltr'><strong>quem</strong></span> <span class='ocrx_word' id='word_1_29' title='bbox 668 507 914 583; x_wconf 89' lang='lat' dir='ltr'><strong>pecunia</strong></span> <span class='ocrx_word' id='word_1_30' title='bbox 972 506 1257 582; x_wconf 88' lang='lat' dir='ltr'><strong>donisque</strong></span> <span class='ocrx_word' id='word_1_31' title='bbox 1305 506 1380 561; x_wconf 88' lang='lat' dir='ltr'><strong>ad</strong></span> <span class='ocrx_word' id='word_1_32' title='bbox 1436 505 1765 563; x_wconf 82' lang='lat' dir='ltr'><strong>societatem</strong></span> <span class='ocrx_word' id='word_1_33' title='bbox 1811 519 1947 583; x_wconf 74' lang='lat' dir='ltr'><strong>per&#39;-</strong></span> 
     </span>
     <span class='ocr_line' id='line_1_7' title="bbox 101 590 1943 671; baseline -0.003 -18"><span class='ocrx_word' id='word_1_34' title='bbox 101 597 349 671; x_wconf 91' lang='lat' dir='ltr'><strong>pulerat.</strong></span> <span class='ocrx_word' id='word_1_35' title='bbox 436 604 502 650; x_wconf 89' lang='lat' dir='ltr'><strong>ac</strong></span> <span class='ocrx_word' id='word_1_36' title='bbox 530 593 722 668; x_wconf 90' lang='lat' dir='ltr'><strong>primo</strong></span> <span class='ocrx_word' id='word_1_37' title='bbox 747 611 847 647; x_wconf 86' lang='lat' dir='ltr'><strong>rex</strong></span> <span class='ocrx_word' id='word_1_38' title='bbox 874 592 1052 646; x_wconf 89' lang='lat' dir='ltr'><strong>minis</strong></span> <span class='ocrx_word' id='word_1_39' title='bbox 1079 590 1368 667; x_wconf 86' lang='lat' dir='ltr'><strong>armisque</strong></span> <span class='ocrx_word' id='word_1_40' title='bbox 1407 591 1726 664; x_wconf 87' lang='lat' dir='ltr'><strong>supplicem</strong></span> <span class='ocrx_word' id='word_1_41' title='bbox 1764 592 1943 650; x_wconf 88' lang='lat' dir='ltr'><strong>tueri:</strong></span> 
     </span>
     <span class='ocr_line' id='line_1_8' title="bbox 101 675 2010 757; baseline -0.003 -19"><span class='ocrx_word' id='word_1_42' title='bbox 101 692 411 757; x_wconf 81' lang='lat' dir='ltr'>postquam</span> <span class='ocrx_word' id='word_1_43' title='bbox 454 697 673 734; x_wconf 86' lang='lat' dir='ltr'><strong>merces</strong></span> <span class='ocrx_word' id='word_1_44' title='bbox 723 676 1078 751; x_wconf 80' lang='lat' dir='ltr'><strong>proditionis</strong></span> <span class='ocrx_word' id='word_1_45' title='bbox 1113 686 1214 732; x_wconf 91' lang='lat' dir='ltr'><strong>aut</strong></span> <span class='ocrx_word' id='word_1_46' title='bbox 1248 675 1472 730; x_wconf 71' lang='lat' dir='ltr'><strong>bellum</strong></span> <span class='ocrx_word' id='word_1_47' title='bbox 1516 677 1946 747; x_wconf 83' lang='lat' dir='ltr'><strong>ostendebatur,</strong></span> <span class='ocrx_word' id='word_1_48' title='bbox 2007 678 2010 681; x_wconf 63' lang='grc'>’</span> 
     </span>
     <span class='ocr_line' id='line_1_9' title="bbox 101 757 1948 836; baseline -0.001 -16"><span class='ocrx_word' id='word_1_49' title='bbox 101 766 258 823; x_wconf 83' lang='lat' dir='ltr'><strong>fluxa</strong></span> <span class='ocrx_word' id='word_1_50' title='bbox 280 776 347 821; x_wconf 88' lang='lat' dir='ltr'><strong>ut</strong></span> <span class='ocrx_word' id='word_1_51' title='bbox 370 775 454 821; x_wconf 87' lang='lat' dir='ltr'><strong>est</strong></span> <span class='ocrx_word' id='word_1_52' title='bbox 479 762 742 819; x_wconf 84' lang='lat' dir='ltr'><strong>barbaris</strong></span> <span class='ocrx_word' id='word_1_53' title='bbox 768 761 881 816; x_wconf 89' lang='lat' dir='ltr'><strong>fide</strong></span> <span class='ocrx_word' id='word_1_54' title='bbox 916 772 1116 836; x_wconf 87' lang='lat' dir='ltr'><strong>pactus</strong></span> <span class='ocrx_word' id='word_1_55' title='bbox 1144 757 1379 817; x_wconf 83' lang='lat' dir='ltr'><strong>Aniceti</strong></span> <span class='ocrx_word' id='word_1_56' title='bbox 1407 759 1648 816; x_wconf 87' lang='lat' dir='ltr'><strong>exitium</strong></span> <span class='ocrx_word' id='word_1_57' title='bbox 1678 763 1948 835; x_wconf 71' lang='lat' dir='ltr'><strong>perfugas</strong></span> 
     </span>
     <span class='ocr_line' id='line_1_10' title="bbox 102 842 1947 923; baseline -0.002 -17"><span class='ocrx_word' id='word_1_58' title='bbox 102 851 346 906; x_wconf 83' lang='lat' dir='ltr'><strong>tradidit</strong></span> <span class='ocrx_word' id='word_1_59' title='bbox 392 849 665 923; x_wconf 87' lang='lat' dir='ltr'><strong>belloque</strong></span> <span class='ocrx_word' id='word_1_60' title='bbox 720 846 918 902; x_wconf 89' lang='lat' dir='ltr'><strong>servili</strong></span> <span class='ocrx_word' id='word_1_61' title='bbox 975 845 1107 900; x_wconf 89' lang='lat' dir='ltr'><strong>finis</strong></span> <span class='ocrx_word' id='word_1_62' title='bbox 1158 843 1483 919; x_wconf 81' lang='lat' dir='ltr'><strong>impositus,</strong></span> <span class='ocrx_word' id='word_1_63' title='bbox 1587 842 1835 901; x_wconf 85' lang='lat' dir='ltr'><strong>Laetum</strong></span> <span class='ocrx_word' id='word_1_64' title='bbox 1880 866 1947 902; x_wconf 88' lang='lat' dir='ltr'><strong>ea</strong></span> 
     </span>
     <span class='ocr_line' id='line_1_11' title="bbox 102 928 1950 1007; baseline -0.002 -17"><span class='ocrx_word' id='word_1_65' title='bbox 102 934 346 991; x_wconf 80' lang='lat' dir='ltr'><strong>victoria</strong></span> <span class='ocrx_word' id='word_1_66' title='bbox 375 931 796 1007; x_wconf 68' lang='lat' dir='ltr'><strong>Vespasianum</strong></span> <span class='ocrx_word' id='word_1_67' title='bbox 831 931 1052 987; x_wconf 88' lang='lat' dir='ltr'><strong>cunctis</strong></span> <span class='ocrx_word' id='word_1_68' title='bbox 1093 950 1268 1004; x_wconf 85' lang='lat' dir='ltr'><strong>super</strong></span> <span class='ocrx_word' id='word_1_69' title='bbox 1306 939 1440 986; x_wconf 88' lang='lat' dir='ltr'><strong>vota</strong></span> <span class='ocrx_word' id='word_1_70' title='bbox 1463 929 1784 986; x_wconf 88' lang='lat' dir='ltr'><strong>fluentibus</strong></span> <span class='ocrx_word' id='word_1_71' title='bbox 1807 928 1950 987; x_wconf 91' lang='lat' dir='ltr'><strong>Cre-</strong></span> 
     </span>
     <span class='ocr_line' id='line_1_12' title="bbox 103 1009 1947 1092; baseline -0.002 -18"><span class='ocrx_word' id='word_1_72' title='bbox 103 1019 400 1076; x_wconf 90' lang='lat' dir='ltr'><strong>monensis</strong></span> <span class='ocrx_word' id='word_1_73' title='bbox 453 1017 666 1092; x_wconf 89' lang='lat' dir='ltr'><strong>proelii</strong></span> <span class='ocrx_word' id='word_1_74' title='bbox 708 1015 953 1071; x_wconf 89' lang='lat' dir='ltr'><strong>nuntius</strong></span> <span class='ocrx_word' id='word_1_75' title='bbox 1000 1015 1064 1070; x_wconf 92' lang='lat' dir='ltr'><strong>in</strong></span> <span class='ocrx_word' id='word_1_76' title='bbox 1100 1009 1366 1092; x_wconf 84' lang='lat' dir='ltr'><strong>Aegypto</strong></span> <span class='ocrx_word' id='word_1_77' title='bbox 1415 1014 1771 1088; x_wconf 87' lang='lat' dir='ltr'><strong>adsequitur.</strong></span> <span class='ocrx_word' id='word_1_78' title='bbox 1879 1035 1947 1071; x_wconf 87' lang='lat' dir='ltr'><strong>eo</strong></span> 
     </span>
     <span class='ocr_line' id='line_1_13' title="bbox 103 1096 1952 1179; baseline -0.003 -19"><span class='ocrx_word' id='word_1_79' title='bbox 103 1102 513 1179; x_wconf 78' lang='lat' dir='ltr'><strong>properantius</strong></span> <span class='ocrx_word' id='word_1_80' title='bbox 536 1098 955 1158; x_wconf 73' lang='lat' dir='ltr'><strong>Alexandriam</strong></span> <span class='ocrx_word' id='word_1_81' title='bbox 984 1099 1202 1174; x_wconf 82' lang='lat' dir='ltr'><strong>pergit,</strong></span> <span class='ocrx_word' id='word_1_82' title='bbox 1231 1101 1311 1154; x_wconf 87' lang='lat' dir='ltr'><strong>&#39;ut</strong></span> <span class='ocrx_word' id='word_1_83' title='bbox 1330 1099 1512 1155; x_wconf 86' lang='lat' dir='ltr'><strong>fracto</strong></span> <span class='ocrx_word' id='word_1_84' title='bbox 1532 1096 1761 1155; x_wconf 87' lang='lat' dir='ltr'><strong>Vitellii</strong></span> <span class='ocrx_word' id='word_1_85' title='bbox 1787 1118 1952 1156; x_wconf 86' lang='lat' dir='ltr'><strong>exer-</strong></span> 
     </span>
     <span class='ocr_line' id='line_1_14' title="bbox 111 1183 1952 1263; baseline -0.001 -18"><span class='ocrx_word' id='word_1_86' title='bbox 111 1190 232 1246; x_wconf 89' lang='lat' dir='ltr'><strong>citu</strong></span> <span class='ocrx_word' id='word_1_87' title='bbox 283 1189 607 1263; x_wconf 89' lang='lat' dir='ltr'><strong>urbemque</strong></span> <span class='ocrx_word' id='word_1_88' title='bbox 661 1197 930 1242; x_wconf 78' lang='lat' dir='ltr'><strong>externae</strong></span> <span class='ocrx_word' id='word_1_89' title='bbox 985 1183 1113 1259; x_wconf 88' lang='lat' dir='ltr'><strong>opis</strong></span> <span class='ocrx_word' id='word_1_90' title='bbox 1168 1184 1432 1257; x_wconf 79' lang='lat' dir='ltr'><strong>indigam</strong></span> <span class='ocrx_word' id='word_1_91' title='bbox 1483 1184 1636 1239; x_wconf 87' lang='lat' dir='ltr'><strong>fame</strong></span> <span class='ocrx_word' id='word_1_92' title='bbox 1704 1196 1952 1256; x_wconf 87' lang='lat' dir='ltr'><strong>urgeret.</strong></span> 
     </span>
     <span class='ocr_line' id='line_1_15' title="bbox 105 1266 1951 1348; baseline -0.001 -20"><span class='ocrx_word' id='word_1_93' title='bbox 105 1293 356 1348; x_wconf 87' lang='lat' dir='ltr'><strong>namque</strong></span> <span class='ocrx_word' id='word_1_94' title='bbox 407 1284 462 1329; x_wconf 87' lang='lat' dir='ltr'><strong>et</strong></span> <span class='ocrx_word' id='word_1_95' title='bbox 513 1266 774 1327; x_wconf 83' lang='lat' dir='ltr'><strong>Africam</strong></span> <span class='ocrx_word' id='word_1_96' title='bbox 818 1270 1022 1326; x_wconf 87' lang='lat' dir='ltr'><strong>eodem</strong></span> <span class='ocrx_word' id='word_1_97' title='bbox 1068 1269 1248 1325; x_wconf 88' lang='lat' dir='ltr'><strong>latere</strong></span> <span class='ocrx_word' id='word_1_98' title='bbox 1285 1269 1455 1324; x_wconf 88' lang='lat' dir='ltr'><strong>sitam</strong></span> <span class='ocrx_word' id='word_1_99' title='bbox 1492 1279 1646 1325; x_wconf 86' lang='lat' dir='ltr'><strong>terra</strong></span> <span class='ocrx_word' id='word_1_100' title='bbox 1685 1269 1951 1346; x_wconf 86' lang='lat' dir='ltr'><strong>marique</strong></span> 
     </span>
     <span class='ocr_line' id='line_1_16' title="bbox 107 1350 1954 1432; baseline -0.001 -19"><span class='ocrx_word' id='word_1_101' title='bbox 107 1359 383 1415; x_wconf 83' lang='lat' dir='ltr'><strong>invadere</strong></span> <span class='ocrx_word' id='word_1_102' title='bbox 419 1356 687 1432; x_wconf 79' lang='lat' dir='ltr'><strong>parabat,</strong></span> <span class='ocrx_word' id='word_1_103' title='bbox 729 1354 937 1411; x_wconf 88' lang='lat' dir='ltr'><strong>clausis</strong></span> <span class='ocrx_word' id='word_1_104' title='bbox 971 1374 1241 1410; x_wconf 86' lang='lat' dir='ltr'><strong>annonae</strong></span> <span class='ocrx_word' id='word_1_105' title='bbox 1275 1353 1552 1410; x_wconf 77' lang='lat' dir='ltr'><strong>subsidiis</strong></span> <span class='ocrx_word' id='word_1_106' title='bbox 1591 1350 1856 1429; x_wconf 86' lang='lat' dir='ltr'><strong>inopiam</strong></span> <span class='ocrx_word' id='word_1_107' title='bbox 1889 1375 1954 1412; x_wconf 88' lang='lat' dir='ltr'><strong>ac</strong></span> 
     </span>
     <span class='ocr_line' id='line_1_17' title="bbox 107 1437 940 1500; baseline -0.004 0"><span class='ocrx_word' id='word_1_108' title='bbox 107 1443 460 1500; x_wconf 80' lang='lat' dir='ltr'><strong>discordiam</strong></span> <span class='ocrx_word' id='word_1_109' title='bbox 485 1437 644 1497; x_wconf 87' lang='lat' dir='ltr'><strong>hosti</strong></span> <span class='ocrx_word' id='word_1_110' title='bbox 664 1441 940 1497; x_wconf 79' lang='lat' dir='ltr'><strong>facturus·</strong></span> 
     </span>
    </p>
   </div>
   <div class='ocr_carea' id='block_1_4' title="bbox 106 1532 1958 1864">
    <p class='ocr_par' dir='ltr' id='par_1_4' title="bbox 106 1532 1958 1864">
     <span class='ocr_line' id='line_1_18' title="bbox 252 1532 1958 1598; baseline -0.001 -3"><span class='ocrx_word' id='word_1_111' title='bbox 252 1537 488 1598; x_wconf 76' lang='lat' dir='ltr'><strong>XLIX.</strong></span> <span class='ocrx_word' id='word_1_112' title='bbox 570 1535 732 1594; x_wconf 87' lang='lat' dir='ltr'><strong>Dum</strong></span> <span class='ocrx_word' id='word_1_113' title='bbox 784 1532 894 1592; x_wconf 83' lang='lat' dir='ltr'><strong>hac</strong></span> <span class='ocrx_word' id='word_1_114' title='bbox 939 1535 1118 1591; x_wconf 88' lang='lat' dir='ltr'><strong>totius</strong></span> <span class='ocrx_word' id='word_1_115' title='bbox 1169 1536 1330 1592; x_wconf 88' lang='lat' dir='ltr'><strong>orbis</strong></span> <span class='ocrx_word' id='word_1_116' title='bbox 1376 1535 1681 1592; x_wconf 88' lang='lat' dir='ltr'><strong>nutatione</strong></span> <span class='ocrx_word' id='word_1_117' title='bbox 1716 1536 1958 1594; x_wconf 86' lang='lat' dir='ltr'><strong>fortuna</strong></span> 
     </span>
     <span class='ocr_line' id='line_1_19' title="bbox 106 1615 1958 1700; baseline -0.002 -20"><span class='ocrx_word' id='word_1_118' title='bbox 106 1624 337 1700; x_wconf 82' lang='lat' dir='ltr'><strong>imperii</strong></span> <span class='ocrx_word' id='word_1_119' title='bbox 377 1622 614 1689; x_wconf 85' lang='lat' dir='ltr'><strong>transit,</strong></span> <span class='ocrx_word' id='word_1_120' title='bbox 668 1619 905 1677; x_wconf 87' lang='lat' dir='ltr'><strong>Primus</strong></span> <span class='ocrx_word' id='word_1_121' title='bbox 940 1615 1240 1677; x_wconf 89' lang='lat' dir='ltr'><strong>Antonius</strong></span> <span class='ocrx_word' id='word_1_122' title='bbox 1282 1641 1650 1696; x_wconf 87' lang='lat' dir='ltr'><strong>nequaquam</strong></span> <span class='ocrx_word' id='word_1_123' title='bbox 1699 1621 1828 1695; x_wconf 86' lang='lat' dir='ltr'><strong>pari</strong></span> <span class='ocrx_word' id='word_1_124' title='bbox 1861 1622 1958 1677; x_wconf 88' lang='lat' dir='ltr'><strong>in·-</strong></span> 
     </span>
     <span class='ocr_line' id='line_1_20' title="bbox 107 1695 1957 1784; baseline -0.002 -19"><span class='ocrx_word' id='word_1_125' title='bbox 107 1708 379 1765; x_wconf 87' lang='lat' dir='ltr'><strong>nocentia</strong></span> <span class='ocrx_word' id='word_1_126' title='bbox 406 1720 539 1784; x_wconf 89' lang='lat' dir='ltr'><strong>post</strong></span> <span class='ocrx_word' id='word_1_127' title='bbox 562 1705 914 1764; x_wconf 86' lang='lat' dir='ltr'><strong>Cremonam</strong></span> <span class='ocrx_word' id='word_1_128' title='bbox 942 1705 1174 1778; x_wconf 86' lang='lat' dir='ltr'><strong>agebat,</strong></span> <span class='ocrx_word' id='word_1_129' title='bbox 1210 1695 1574 1763; x_wconf 84' lang='lat' dir='ltr'><strong>&#39;satisfactum</strong></span> <span class='ocrx_word' id='word_1_130' title='bbox 1605 1707 1762 1762; x_wconf 87' lang='lat' dir='ltr'><strong>bello</strong></span> <span class='ocrx_word' id='word_1_131' title='bbox 1796 1718 1957 1765; x_wconf 89' lang='lat' dir='ltr'><strong>ratus</strong></span> 
     </span>
     <span class='ocr_line' id='line_1_21' title="bbox 107 1790 1958 1864; baseline -0.002 -12"><span class='ocrx_word' id='word_1_132' title='bbox 107 1806 163 1852; x_wconf 86' lang='lat' dir='ltr'><strong>et</strong></span> <span class='ocrx_word' id='word_1_133' title='bbox 187 1804 374 1852; x_wconf 88' lang='lat' dir='ltr'><strong>cetera</strong></span> <span class='ocrx_word' id='word_1_134' title='bbox 399 1813 465 1850; x_wconf 86' lang='lat' dir='ltr'><strong>ex</strong></span> <span class='ocrx_word' id='word_1_135' title='bbox 489 1791 679 1862; x_wconf 89' lang='lat' dir='ltr'><strong>facili,</strong></span> <span class='ocrx_word' id='word_1_136' title='bbox 723 1810 824 1848; x_wconf 88' lang='lat' dir='ltr'><strong>seu</strong></span> <span class='ocrx_word' id='word_1_137' title='bbox 846 1790 1094 1848; x_wconf 82' lang='lat' dir='ltr'><strong>felicitas</strong></span> <span class='ocrx_word' id='word_1_138' title='bbox 1129 1790 1193 1845; x_wconf 93' lang='lat' dir='ltr'><strong>in</strong></span> <span class='ocrx_word' id='word_1_139' title='bbox 1220 1791 1325 1847; x_wconf 87' lang='lat' dir='ltr'><strong>tali</strong></span> <span class='ocrx_word' id='word_1_140' title='bbox 1361 1790 1597 1864; x_wconf 86' lang='lat' dir='ltr'><strong>ingenio</strong></span> <span class='ocrx_word' id='word_1_141' title='bbox 1635 1791 1958 1860; x_wconf 65' lang='lat' dir='ltr'><strong>avaritiam3</strong></span> 
     </span>
    </p>
   </div>
   <div class='ocr_carea' id='block_1_5' title="bbox 74 2032 1008 3402">
    <p class='ocr_par' dir='ltr' id='par_1_5' title="bbox 107 2032 995 2193">
     <span class='ocr_line' id='line_1_22' title="bbox 165 2032 994 2090; baseline -0.001 -14"><span class='ocrx_word' id='word_1_142' title='bbox 165 2036 214 2076; x_wconf 83' lang='lat' dir='ltr'><strong>in</strong></span> <span class='ocrx_word' id='word_1_143' title='bbox 237 2034 371 2077; x_wconf 78' lang='lat' dir='ltr'><strong>ostio.</strong></span> <span class='ocrx_word' id='word_1_144' title='bbox 431 2033 506 2077; x_wconf 88' lang='lat' dir='ltr'><strong>Sic</strong></span> <span class='ocrx_word' id='word_1_145' title='bbox 528 2032 629 2077; x_wconf 81' lang='lat' dir='ltr'><strong>edd.</strong></span> <span class='ocrx_word' id='word_1_146' title='bbox 654 2032 788 2090; x_wconf 85' lang='lat' dir='ltr'><strong>Lipsii</strong></span> <span class='ocrx_word' id='word_1_147' title='bbox 807 2047 906 2090; x_wconf 89' lang='lat' dir='ltr'><strong>sqq.</strong></span> <span class='ocrx_word' id='word_1_148' title='bbox 940 2053 994 2063; x_wconf 94' lang='lat'><strong>-·</strong></span> 
     </span>
     <span class='ocr_line' id='line_1_23' title="bbox 107 2089 995 2148; baseline -0.003 -14"><span class='ocrx_word' id='word_1_149' title='bbox 107 2094 155 2135; x_wconf 82' lang='lat' dir='ltr'><strong>in</strong></span> <span class='ocrx_word' id='word_1_150' title='bbox 186 2091 337 2134; x_wconf 73' lang='lat' dir='ltr'><strong>hostio</strong></span> <span class='ocrx_word' id='word_1_151' title='bbox 375 2090 480 2134; x_wconf 82' lang='lat' dir='ltr'><strong>edd.</strong></span> <span class='ocrx_word' id='word_1_152' title='bbox 522 2098 622 2134; x_wconf 84' lang='lat' dir='ltr'><strong>ante</strong></span> <span class='ocrx_word' id='word_1_153' title='bbox 654 2089 853 2148; x_wconf 86' lang='lat' dir='ltr'><strong>Lipsium</strong></span> <span class='ocrx_word' id='word_1_154' title='bbox 890 2105 995 2133; x_wconf 85' lang='lat' dir='ltr'><strong>cum</strong></span> 
     </span>
     <span class='ocr_line' id='line_1_24' title="bbox 111 2147 399 2193; baseline -0.01 0"><span class='ocrx_word' id='word_1_155' title='bbox 111 2149 213 2193; x_wconf 89' lang='lat' dir='ltr'><strong>MS.</strong></span> <span class='ocrx_word' id='word_1_156' title='bbox 247 2147 399 2190; x_wconf 82' lang='lat' dir='ltr'><strong>Guelf.</strong></span> 
     </span>
    </p>

    <p class='ocr_par' dir='ltr' id='par_1_6' title="bbox 108 2202 1001 2422">
     <span class='ocr_line' id='line_1_25' title="bbox 150 2202 993 2261; baseline -0.002 -14"><span class='ocrx_word' id='word_1_157' title='bbox 150 2205 369 2261; x_wconf 78' lang='lat' dir='ltr'><strong>fluminis</strong></span> <span class='ocrx_word' id='word_1_158' title='bbox 392 2203 566 2247; x_wconf 73' lang='lat' dir='ltr'><strong>Cohibi.</strong></span> <span class='ocrx_word' id='word_1_159' title='bbox 624 2203 762 2248; x_wconf 88' lang='lat' dir='ltr'><strong>MSS.</strong></span> <span class='ocrx_word' id='word_1_160' title='bbox 784 2203 895 2261; x_wconf 86' lang='lat' dir='ltr'><strong>Reg.</strong></span> <span class='ocrx_word' id='word_1_161' title='bbox 912 2202 993 2246; x_wconf 86' lang='lat' dir='ltr'><strong>les.</strong></span> 
     </span>
     <span class='ocr_line' id='line_1_26' title="bbox 109 2260 1001 2311; baseline -0.007 -4"><span class='ocrx_word' id='word_1_162' title='bbox 109 2264 318 2307; x_wconf 75' lang='lat' dir='ltr'><strong>cohibiti.</strong></span> <span class='ocrx_word' id='word_1_163' title='bbox 388 2261 506 2304; x_wconf 79' lang='lat' dir='ltr'><strong>Ptin.</strong></span> <span class='ocrx_word' id='word_1_164' title='bbox 544 2262 585 2310; x_wconf 81' lang='lat'><strong>6,</strong></span> <span class='ocrx_word' id='word_1_165' title='bbox 606 2260 648 2304; x_wconf 83' lang='lat'><strong>4.</strong></span> <span class='ocrx_word' id='word_1_166' title='bbox 687 2261 884 2311; x_wconf 75' lang='lat' dir='ltr'><strong>Cabum,</strong></span> <span class='ocrx_word' id='word_1_167' title='bbox 917 2261 1001 2302; x_wconf 75' lang='lat' dir='ltr'><strong>Ar-</strong></span> 
     </span>
     <span class='ocr_line' id='line_1_27' title="bbox 108 2314 1000 2377; baseline -0.003 -14"><span class='ocrx_word' id='word_1_168' title='bbox 108 2321 222 2364; x_wconf 78' lang='lat' dir='ltr'><strong>rian.</strong></span> <span class='ocrx_word' id='word_1_169' title='bbox 245 2320 290 2364; x_wconf 86' lang='lat' dir='ltr'><strong>in</strong></span> <span class='ocrx_word' id='word_1_170' title='bbox 307 2319 474 2377; x_wconf 88' lang='lat' dir='ltr'><strong>Peripl.</strong></span> <span class='ocrx_word' id='word_1_171' title='bbox 489 2314 742 2364; x_wconf 76' lang='lat' dir='ltr'><strong>Pon&#39;tAEux.</strong></span> <span class='ocrx_word' id='word_1_172' title='bbox 756 2320 918 2377; x_wconf 84' lang='grc' dir='ltr'>χῶβον</span> <span class='ocrx_word' id='word_1_173' title='bbox 937 2318 1000 2360; x_wconf 88' lang='lat' dir='ltr'><strong>di·</strong></span> 
     </span>
     <span class='ocr_line' id='line_1_28' title="bbox 111 2378 188 2422; baseline 0 0"><span class='ocrx_word' id='word_1_174' title='bbox 111 2378 188 2422; x_wconf 84' lang='lat' dir='ltr'><strong>cit.</strong></span> 
     </span>
    </p>

    <p class='ocr_par' dir='ltr' id='par_1_7' title="bbox 74 2431 1007 3165">
     <span class='ocr_line' id='line_1_29' title="bbox 169 2431 998 2484; baseline -0.001 -9"><span class='ocrx_word' id='word_1_175' title='bbox 169 2435 552 2484; x_wconf 76' lang='lat' dir='ltr'><strong>Sedochezorum.</strong></span> <span class='ocrx_word' id='word_1_176' title='bbox 610 2432 685 2476; x_wconf 84' lang='lat' dir='ltr'><strong>Sic</strong></span> <span class='ocrx_word' id='word_1_177' title='bbox 711 2433 848 2482; x_wconf 85' lang='lat' dir='ltr'><strong>MSS.</strong></span> <span class='ocrx_word' id='word_1_178' title='bbox 872 2431 998 2478; x_wconf 82' lang='lat' dir='ltr'><strong>Harl.</strong></span> 
     </span>
     <span class='ocr_line' id='line_1_30' title="bbox 111 2488 996 2546; baseline -0.003 -10"><span class='ocrx_word' id='word_1_179' title='bbox 111 2493 241 2537; x_wconf 81' lang='lat' dir='ltr'><strong>Bodl.</strong></span> <span class='ocrx_word' id='word_1_180' title='bbox 277 2491 380 2534; x_wconf 87' lang='lat' dir='ltr'><strong>edd.</strong></span> <span class='ocrx_word' id='word_1_181' title='bbox 410 2491 513 2534; x_wconf 78' lang='lat' dir='ltr'><strong>Put.</strong></span> <span class='ocrx_word' id='word_1_182' title='bbox 536 2490 745 2534; x_wconf 81' lang='lat' dir='ltr'><strong>Beroatd.</strong></span> <span class='ocrx_word' id='word_1_183' title='bbox 776 2492 897 2546; x_wconf 87' lang='lat' dir='ltr'><strong>(cum</strong></span> <span class='ocrx_word' id='word_1_184' title='bbox 925 2488 996 2533; x_wconf 85' lang='lat' dir='ltr'><strong>sil.</strong></span> 
     </span>
     <span class='ocr_line' id='line_1_31' title="bbox 113 2547 1000 2607; baseline -0.002 -17"><span class='ocrx_word' id='word_1_185' title='bbox 113 2550 252 2606; x_wconf 84' lang='lat' dir='ltr'><strong>Vict.)</strong></span> <span class='ocrx_word' id='word_1_186' title='bbox 276 2564 371 2607; x_wconf 85' lang='lat' dir='ltr'><strong>sqq.</strong></span> <span class='ocrx_word' id='word_1_187' title='bbox 392 2575 451 2587; x_wconf 92' lang='lat'><strong>-.-</strong></span> <span class='ocrx_word' id='word_1_188' title='bbox 489 2547 860 2590; x_wconf 77' lang='lat' dir='ltr'><strong>Sodecheznram</strong></span> <span class='ocrx_word' id='word_1_189' title='bbox 886 2548 1000 2602; x_wconf 89' lang='lat' dir='ltr'><strong>(non</strong></span> 
     </span>
     <span class='ocr_line' id='line_1_32' title="bbox 113 2604 998 2661; baseline -0.006 -12"><span class='ocrx_word' id='word_1_190' title='bbox 113 2607 500 2661; x_wconf 73' lang='lat' dir='ltr'><strong>Sodechezeruuz,</strong></span> <span class='ocrx_word' id='word_1_191' title='bbox 553 2605 616 2647; x_wconf 84' lang='lat' dir='ltr'><strong>uti</strong></span> <span class='ocrx_word' id='word_1_192' title='bbox 662 2604 735 2649; x_wconf 82' lang='lat' dir='ltr'><strong>alii</strong></span> <span class='ocrx_word' id='word_1_193' title='bbox 781 2605 998 2661; x_wconf 79' lang='lat' dir='ltr'><strong>produnt)</strong></span> 
     </span>
     <span class='ocr_line' id='line_1_33' title="bbox 112 2660 1003 2707; baseline -0.002 0"><span class='ocrx_word' id='word_1_194' title='bbox 112 2663 213 2707; x_wconf 88' lang='lat' dir='ltr'><strong>MS.</strong></span> <span class='ocrx_word' id='word_1_195' title='bbox 239 2662 390 2706; x_wconf 86' lang='lat' dir='ltr'><strong>Guelf.</strong></span> <span class='ocrx_word' id='word_1_196' title='bbox 409 2690 468 2698; x_wconf 62' lang='grc' dir='ltr'><strong>-ν</strong></span> <span class='ocrx_word' id='word_1_197' title='bbox 518 2663 879 2706; x_wconf 73' lang='lat' dir='ltr'><strong>Sedothezorum</strong></span> <span class='ocrx_word' id='word_1_198' title='bbox 905 2660 1003 2705; x_wconf 89' lang='lat' dir='ltr'><strong>MS.</strong></span> 
     </span>
     <span class='ocr_line' id='line_1_34' title="bbox 114 2719 1004 2773; baseline 0 -13"><span class='ocrx_word' id='word_1_199' title='bbox 114 2720 268 2764; x_wconf 72' lang='lat' dir='ltr'><strong>Vatie..</strong></span> <span class='ocrx_word' id='word_1_200' title='bbox 284 2748 341 2755; x_wconf 91' lang='lat'><strong>-—</strong></span> <span class='ocrx_word' id='word_1_201' title='bbox 396 2734 444 2762; x_wconf 84' lang='lat' dir='ltr'><strong>se</strong></span> <span class='ocrx_word' id='word_1_202' title='bbox 465 2723 739 2762; x_wconf 77' lang='lat' dir='ltr'><strong>dotozorum</strong></span> <span class='ocrx_word' id='word_1_203' title='bbox 765 2719 871 2765; x_wconf 85' lang='lat' dir='ltr'><strong>MS.</strong></span> <span class='ocrx_word' id='word_1_204' title='bbox 894 2719 1004 2773; x_wconf 78' lang='lat' dir='ltr'><strong>Reg.</strong></span> 
     </span>
     <span class='ocr_line' id='line_1_35' title="bbox 115 2775 1000 2834; baseline -0.002 -14"><span class='ocrx_word' id='word_1_205' title='bbox 115 2778 187 2824; x_wconf 77' lang='lat' dir='ltr'><strong>ed.</strong></span> <span class='ocrx_word' id='word_1_206' title='bbox 218 2776 335 2834; x_wconf 87' lang='lat' dir='ltr'><strong>Spir.</strong></span> <span class='ocrx_word' id='word_1_207' title='bbox 366 2801 424 2808; x_wconf 91' lang='lat'><strong>—</strong></span> <span class='ocrx_word' id='word_1_208' title='bbox 493 2778 862 2820; x_wconf 73' lang='lat' dir='ltr'><strong>Sedochezorum</strong></span> <span class='ocrx_word' id='word_1_209' title='bbox 898 2775 1000 2818; x_wconf 89' lang='lat' dir='ltr'><strong>MS.</strong></span> 
     </span>
     <span class='ocr_line' id='line_1_36' title="bbox 121 2833 1004 2890; baseline -0.002 -14"><span class='ocrx_word' id='word_1_210' title='bbox 121 2836 201 2877; x_wconf 87' lang='lat' dir='ltr'><strong>les.</strong></span> <span class='ocrx_word' id='word_1_211' title='bbox 237 2858 288 2868; x_wconf 89' lang='lat'><strong>--</strong></span> <span class='ocrx_word' id='word_1_212' title='bbox 342 2833 595 2876; x_wconf 77' lang='lat' dir='ltr'><strong>Sedochezi</strong></span> <span class='ocrx_word' id='word_1_213' title='bbox 612 2841 716 2876; x_wconf 86' lang='lat' dir='ltr'><strong>sunt</strong></span> <span class='ocrx_word' id='word_1_214' title='bbox 739 2834 854 2890; x_wconf 85' lang='lat' dir='ltr'><strong>apud</strong></span> <span class='ocrx_word' id='word_1_215' title='bbox 871 2833 1004 2876; x_wconf 81' lang='lat' dir='ltr'><strong>Pom·</strong></span> 
     </span>
     <span class='ocr_line' id='line_1_37' title="bbox 117 2889 1003 2946; baseline -0.001 -14"><span class='ocrx_word' id='word_1_216' title='bbox 117 2889 365 2946; x_wconf 72' lang='lat' dir='ltr'><strong>pomMel.</strong></span> <span class='ocrx_word' id='word_1_217' title='bbox 397 2893 433 2938; x_wconf 87' lang='lat' dir='ltr'><strong>l,</strong></span> <span class='ocrx_word' id='word_1_218' title='bbox 461 2891 525 2934; x_wconf 88' lang='lat'><strong>19.</strong></span> <span class='ocrx_word' id='word_1_219' title='bbox 546 2892 664 2934; x_wconf 64' lang='lat' dir='ltr'><strong>infler</strong></span> <span class='ocrx_word' id='word_1_220' title='bbox 715 2900 834 2933; x_wconf 85' lang='lat' dir='ltr'><strong>entes</strong></span> <span class='ocrx_word' id='word_1_221' title='bbox 859 2890 1003 2932; x_wconf 81' lang='lat' dir='ltr'><strong>Ponto</strong></span> 
     </span>
     <span class='ocr_line' id='line_1_38' title="bbox 116 2946 1007 2991; baseline 0.002 -2"><span class='ocrx_word' id='word_1_222' title='bbox 116 2948 290 2990; x_wconf 79' lang='lat' dir='ltr'><strong>Euxino</strong></span> <span class='ocrx_word' id='word_1_223' title='bbox 312 2947 574 2990; x_wconf 82' lang='lat' dir='ltr'><strong>adsidentes.</strong></span> <span class='ocrx_word' id='word_1_224' title='bbox 590 2970 648 2979; x_wconf 94' lang='lat'><strong>—</strong></span> <span class='ocrx_word' id='word_1_225' title='bbox 700 2962 728 2989; x_wconf 89' lang='lat' dir='ltr'><strong>n</strong></span> <span class='ocrx_word' id='word_1_226' title='bbox 744 2946 1007 2991; x_wconf 82' lang='lat' dir='ltr'><strong>MS.Guelf.</strong></span> 
     </span>
     <span class='ocr_line' id='line_1_39' title="bbox 119 3004 1002 3065; baseline -0.003 -18"><span class='ocrx_word' id='word_1_227' title='bbox 119 3020 204 3065; x_wconf 83' lang='lat' dir='ltr'><strong>pro</strong></span> <span class='ocrx_word' id='word_1_228' title='bbox 226 3007 312 3047; x_wconf 75' lang='lat' dir='ltr'><strong>sub</strong></span> <span class='ocrx_word' id='word_1_229' title='bbox 341 3005 497 3062; x_wconf 82' lang='lat' dir='ltr'><strong>legitur</strong></span> <span class='ocrx_word' id='word_1_230' title='bbox 528 3012 587 3047; x_wconf 87' lang='lat' dir='ltr'><strong>et.</strong></span> <span class='ocrx_word' id='word_1_231' title='bbox 667 3004 768 3060; x_wconf 89' lang='lat' dir='ltr'><strong>MS.</strong></span> <span class='ocrx_word' id='word_1_232' title='bbox 791 3004 902 3062; x_wconf 86' lang='lat' dir='ltr'><strong>Agr.</strong></span> <span class='ocrx_word' id='word_1_233' title='bbox 929 3012 1002 3046; x_wconf 80' lang='lat' dir='ltr'><strong>tu-</strong></span> 
     </span>
     <span class='ocr_line' id='line_1_40' title="bbox 74 3062 1004 3120; baseline 0 -17"><span class='ocrx_word' id='word_1_234' title='bbox 74 3100 76 3102; x_wconf 84' lang='lat'><strong>.</strong></span> <span class='ocrx_word' id='word_1_235' title='bbox 120 3071 222 3104; x_wconf 86' lang='lat' dir='ltr'><strong>tum</strong></span> <span class='ocrx_word' id='word_1_236' title='bbox 257 3065 413 3120; x_wconf 18' lang='lat' dir='ltr'><strong>sedne*</strong></span> <span class='ocrx_word' id='word_1_237' title='bbox 435 3065 681 3117; x_wconf 67' lang='lat' dir='ltr'><strong>magorum</strong></span> <span class='ocrx_word' id='word_1_238' title='bbox 710 3063 830 3116; x_wconf 78' lang='lat' dir='ltr'><strong>regis</strong></span> <span class='ocrx_word' id='word_1_239' title='bbox 858 3062 1004 3104; x_wconf 78' lang='lat' dir='ltr'><strong>auxi-</strong></span> 
     </span>
     <span class='ocr_line' id='line_1_41' title="bbox 121 3121 321 3165; baseline 0.03 -6"><span class='ocrx_word' id='word_1_240' title='bbox 121 3121 199 3162; x_wconf 72' lang='lat' dir='ltr'><strong>It&#39;o.</strong></span> <span class='ocrx_word' id='word_1_241' title='bbox 246 3143 274 3154; x_wconf 36' lang='lat' dir='ltr'><strong>·v</strong></span> <span class='ocrx_word' id='word_1_242' title='bbox 318 3160 321 3165; x_wconf 84' lang='grc'><em>,</em></span> 
     </span>
    </p>

    <p class='ocr_par' dir='ltr' id='par_1_8' title="bbox 121 3173 1008 3402">
     <span class='ocr_line' id='line_1_42' title="bbox 179 3173 1007 3229; baseline 0.005 -14"><span class='ocrx_word' id='word_1_243' title='bbox 179 3175 359 3216; x_wconf 77' lang='lat' dir='ltr'><strong>Aniceti</strong></span> <span class='ocrx_word' id='word_1_244' title='bbox 387 3173 598 3217; x_wconf 62' lang='lat' dir='ltr'><strong>exitium.</strong></span> <span class='ocrx_word' id='word_1_245' title='bbox 654 3174 732 3229; x_wconf 84' lang='lat' dir='ltr'><strong>Sic</strong></span> <span class='ocrx_word' id='word_1_246' title='bbox 761 3174 864 3218; x_wconf 87' lang='lat' dir='ltr'><strong>MS.</strong></span> <span class='ocrx_word' id='word_1_247' title='bbox 894 3173 1007 3219; x_wconf 82' lang='lat' dir='ltr'><strong>Bud.</strong></span> 
     </span>
     <span class='ocr_line' id='line_1_43' title="bbox 121 3229 1006 3290; baseline 0.001 -16"><span class='ocrx_word' id='word_1_248' title='bbox 121 3231 268 3285; x_wconf 70' lang='lat' dir='ltr'><strong>(nodi.</strong></span> <span class='ocrx_word' id='word_1_249' title='bbox 304 3231 386 3289; x_wconf 81' lang='lat' dir='ltr'><strong>les.</strong></span> <span class='ocrx_word' id='word_1_250' title='bbox 418 3229 714 3290; x_wconf 57' lang='lat' dir='ltr'><strong>in&#39;margine)</strong></span> <span class='ocrx_word' id='word_1_251' title='bbox 751 3231 852 3274; x_wconf 85' lang='lat' dir='ltr'><strong>edd.</strong></span> <span class='ocrx_word' id='word_1_252' title='bbox 886 3231 1006 3289; x_wconf 79' lang='lat' dir='ltr'><strong>Spir-</strong></span> 
     </span>
     <span class='ocr_line' id='line_1_44' title="bbox 121 3287 1006 3356; baseline -0.006 -21"><span class='ocrx_word' id='word_1_253' title='bbox 121 3288 223 3341; x_wconf 76' lang='lat' dir='ltr'><strong>Put.</strong></span> <span class='ocrx_word' id='word_1_254' title='bbox 254 3287 461 3333; x_wconf 79' lang='lat' dir='ltr'><strong>Beroald.</strong></span> <span class='ocrx_word' id='word_1_255' title='bbox 490 3290 614 3343; x_wconf 87' lang='lat' dir='ltr'><strong>(cum</strong></span> <span class='ocrx_word' id='word_1_256' title='bbox 651 3289 718 3332; x_wconf 88' lang='lat' dir='ltr'><strong>sil.</strong></span> <span class='ocrx_word' id='word_1_257' title='bbox 743 3288 878 3346; x_wconf 71' lang='lat' dir='ltr'><strong>Vici.)</strong></span> <span class='ocrx_word' id='word_1_258' title='bbox 908 3303 1006 3356; x_wconf 86' lang='lat' dir='ltr'><strong>sqq.</strong></span> 
     </span>
     <span class='ocr_line' id='line_1_45' title="bbox 121 3346 1008 3402; baseline 0.001 -14"><span class='ocrx_word' id='word_1_259' title='bbox 121 3371 178 3381; x_wconf 94' lang='lat'><strong>--</strong></span> <span class='ocrx_word' id='word_1_260' title='bbox 210 3346 439 3389; x_wconf 64' lang='lat' dir='ltr'><strong>excidium</strong></span> <span class='ocrx_word' id='word_1_261' title='bbox 476 3346 576 3390; x_wconf 60' lang='lat' dir='ltr'><strong>MS.</strong></span> <span class='ocrx_word' id='word_1_262' title='bbox 610 3347 720 3402; x_wconf 77' lang='lat' dir='ltr'><strong>Agr.</strong></span> <span class='ocrx_word' id='word_1_263' title='bbox 753 3370 807 3378; x_wconf 92' lang='lat'><em>-</em></span> <span class='ocrx_word' id='word_1_264' title='bbox 859 3361 1008 3389; x_wconf 69' lang='lat' dir='ltr'><strong>auxt-</strong></span> 
     </span>
    </p>
   </div>
   <div class='ocr_carea' id='block_1_6' title="bbox 124 3401 846 3447">
    <p class='ocr_par' dir='ltr' id='par_1_9' title="bbox 124 3401 846 3447">
     <span class='ocr_line' id='line_1_46' title="bbox 124 3401 846 3447; baseline 0.004 -3"><span class='ocrx_word' id='word_1_265' title='bbox 124 3404 239 3446; x_wconf 85' lang='lat' dir='ltr'><strong>lium</strong></span> <span class='ocrx_word' id='word_1_266' title='bbox 265 3401 396 3446; x_wconf 70' lang='lat' dir='ltr'><strong>M&#39;SS.</strong></span> <span class='ocrx_word' id='word_1_267' title='bbox 423 3401 574 3446; x_wconf 74' lang='lat' dir='ltr'><strong>Guelt&#39;.</strong></span> <span class='ocrx_word' id='word_1_268' title='bbox 603 3402 734 3447; x_wconf 79' lang='lat' dir='ltr'><strong>Bodl.</strong></span> <span class='ocrx_word' id='word_1_269' title='bbox 762 3403 846 3447; x_wconf 83' lang='lat' dir='ltr'><strong>les.</strong></span> 
     </span>
    </p>
   </div>
   <div class='ocr_carea' id='block_1_7' title="bbox 177 3457 1600 3518">
    <p class='ocr_par' dir='ltr' id='par_1_10' title="bbox 177 3457 1600 3518">
     <span class='ocr_line' id='line_1_47' title="bbox 177 3457 1600 3518; baseline 0.003 -17"><span class='ocrx_word' id='word_1_270' title='bbox 177 3460 419 3516; x_wconf 70' lang='lat' dir='ltr'><strong>perfugas.</strong></span> <span class='ocrx_word' id='word_1_271' title='bbox 478 3459 589 3505; x_wconf 77' lang='lat' dir='ltr'><strong>Edd.</strong></span> <span class='ocrx_word' id='word_1_272' title='bbox 612 3460 730 3518; x_wconf 83' lang='lat' dir='ltr'><strong>Spir.</strong></span> <span class='ocrx_word' id='word_1_273' title='bbox 751 3460 854 3506; x_wconf 83' lang='lat' dir='ltr'><strong>Put.</strong></span> <span class='ocrx_word' id='word_1_274' title='bbox 877 3460 944 3506; x_wconf 82' lang='lat' dir='ltr'><strong>M.</strong></span> <span class='ocrx_word' id='word_1_275' title='bbox 969 3468 1012 3504; x_wconf 79' lang='lat' dir='ltr'><strong>et</strong></span> <span class='ocrx_word' id='word_1_276' title='bbox 1086 3463 1207 3511; x_wconf 83' lang='lat' dir='ltr'><strong>&lt;cum</strong></span> <span class='ocrx_word' id='word_1_277' title='bbox 1241 3457 1308 3502; x_wconf 88' lang='lat' dir='ltr'><strong>sil.</strong></span> <span class='ocrx_word' id='word_1_278' title='bbox 1334 3457 1468 3514; x_wconf 70' lang='lat' dir='ltr'><strong>Vici.)</strong></span> <span class='ocrx_word' id='word_1_279' title='bbox 1502 3460 1600 3505; x_wconf 83' lang='lat' dir='ltr'><strong>Alc.</strong></span> 
     </span>
    </p>
   </div>
   <div class='ocr_carea' id='block_1_8' title="bbox 130 3516 474 3573">
    <p class='ocr_par' dir='ltr' id='par_1_11' title="bbox 130 3516 474 3573">
     <span class='ocr_line' id='line_1_48' title="bbox 130 3516 474 3573; baseline 0.003 -14"><span class='ocrx_word' id='word_1_280' title='bbox 130 3516 188 3559; x_wconf 87' lang='lat' dir='ltr'><strong>V.</strong></span> <span class='ocrx_word' id='word_1_281' title='bbox 208 3532 292 3572; x_wconf 76' lang='grc' dir='ltr'><strong>ριί·</strong></span> <span class='ocrx_word' id='word_1_282' title='bbox 310 3519 474 3573; x_wconf 68' lang='lat' dir='ltr'><strong>fugas.</strong></span> 
     </span>
    </p>
   </div>
   <div class='ocr_carea' id='block_1_9' title="bbox 1067 2028 1960 2376">
    <p class='ocr_par' dir='ltr' id='par_1_12' title="bbox 1067 2028 1960 2317">
     <span class='ocr_line' id='line_1_49' title="bbox 1124 2028 1958 2088; baseline 0.006 -16"><span class='ocrx_word' id='word_1_283' title='bbox 1124 2032 1392 2087; x_wconf 82' lang='lat' dir='ltr'><strong>urbemque.</strong></span> <span class='ocrx_word' id='word_1_284' title='bbox 1453 2028 1528 2074; x_wconf 80' lang='lat' dir='ltr'><strong>Sic</strong></span> <span class='ocrx_word' id='word_1_285' title='bbox 1545 2031 1678 2074; x_wconf 82' lang='lat' dir='ltr'><strong>MSS.</strong></span> <span class='ocrx_word' id='word_1_286' title='bbox 1693 2032 1731 2074; x_wconf 87' lang='lat' dir='ltr'><strong>F</strong></span> <span class='ocrx_word' id='word_1_287' title='bbox 1733 2031 1817 2076; x_wconf 92' lang='lat' dir='ltr'><strong>lor.</strong></span> <span class='ocrx_word' id='word_1_288' title='bbox 1842 2033 1958 2088; x_wconf 90' lang='lat' dir='ltr'><strong>(test.</strong></span> 
     </span>
     <span class='ocr_line' id='line_1_50' title="bbox 1067 2087 1956 2146; baseline 0.002 -15"><span class='ocrx_word' id='word_1_289' title='bbox 1067 2087 1230 2145; x_wconf 83' lang='lat' dir='ltr'><strong>Ryck.)</strong></span> <span class='ocrx_word' id='word_1_290' title='bbox 1266 2089 1378 2145; x_wconf 81' lang='lat' dir='ltr'><strong>Reg.</strong></span> <span class='ocrx_word' id='word_1_291' title='bbox 1415 2087 1555 2133; x_wconf 87' lang='lat' dir='ltr'><strong>Corb.</strong></span> <span class='ocrx_word' id='word_1_292' title='bbox 1588 2088 1697 2146; x_wconf 75' lang='lat' dir='ltr'><strong>Agr.</strong></span> <span class='ocrx_word' id='word_1_293' title='bbox 1729 2089 1846 2133; x_wconf 90' lang='lat' dir='ltr'><strong>Bud.</strong></span> <span class='ocrx_word' id='word_1_294' title='bbox 1884 2091 1956 2139; x_wconf 79' lang='lat' dir='ltr'><strong>ed.</strong></span> 
     </span>
     <span class='ocr_line' id='line_1_51' title="bbox 1067 2144 1960 2203; baseline 0.002 -14"><span class='ocrx_word' id='word_1_295' title='bbox 1067 2145 1184 2203; x_wconf 88' lang='lat' dir='ltr'><strong>Spir.</strong></span> <span class='ocrx_word' id='word_1_296' title='bbox 1249 2146 1397 2189; x_wconf 81' lang='lat' dir='ltr'><strong>Recte.</strong></span> <span class='ocrx_word' id='word_1_297' title='bbox 1453 2144 1509 2188; x_wconf 83' lang='lat' dir='ltr'><strong>cf.</strong></span> <span class='ocrx_word' id='word_1_298' title='bbox 1537 2154 1631 2188; x_wconf 87' lang='lat' dir='ltr'><strong>not.</strong></span> <span class='ocrx_word' id='word_1_299' title='bbox 1647 2147 1700 2195; x_wconf 78' lang='lat' dir='ltr'><strong>ad</strong></span> <span class='ocrx_word' id='word_1_300' title='bbox 1714 2149 1800 2190; x_wconf 81' lang='lat' dir='ltr'><strong>An.</strong></span> <span class='ocrx_word' id='word_1_301' title='bbox 1828 2150 1865 2200; x_wconf 88' lang='lat'><strong>1,</strong></span> <span class='ocrx_word' id='word_1_302' title='bbox 1887 2148 1960 2191; x_wconf 73' lang='lat'><strong>28.</strong></span> 
     </span>
     <span class='ocr_line' id='line_1_52' title="bbox 1071 2203 1960 2259; baseline 0.004 -15"><span class='ocrx_word' id='word_1_303' title='bbox 1071 2227 1127 2235; x_wconf 93' lang='lat'>—</span> <span class='ocrx_word' id='word_1_304' title='bbox 1154 2205 1317 2246; x_wconf 81' lang='lat' dir='ltr'><strong>urbem</strong></span> <span class='ocrx_word' id='word_1_305' title='bbox 1347 2218 1523 2259; x_wconf 80' lang='lat' dir='ltr'><strong>quoque</strong></span> <span class='ocrx_word' id='word_1_306' title='bbox 1543 2203 1644 2247; x_wconf 91' lang='lat' dir='ltr'><strong>MS.</strong></span> <span class='ocrx_word' id='word_1_307' title='bbox 1669 2203 1821 2248; x_wconf 86' lang='lat' dir='ltr'><strong>Guelf.</strong></span> <span class='ocrx_word' id='word_1_308' title='bbox 1855 2205 1960 2248; x_wconf 88' lang='lat' dir='ltr'><strong>edd.</strong></span> 
     </span>
     <span class='ocr_line' id='line_1_53' title="bbox 1072 2259 1372 2317; baseline 0.003 -15"><span class='ocrx_word' id='word_1_309' title='bbox 1072 2259 1249 2303; x_wconf 85' lang='lat' dir='ltr'><strong>l’uteol.</strong></span> <span class='ocrx_word' id='word_1_310' title='bbox 1273 2276 1372 2317; x_wconf 83' lang='lat' dir='ltr'><strong>sqq.</strong></span> 
     </span>
    </p>

    <p class='ocr_par' dir='ltr' id='par_1_13' title="bbox 1130 2317 1959 2376">
     <span class='ocr_line' id='line_1_54' title="bbox 1130 2317 1959 2376; baseline 0.005 -18"><span class='ocrx_word' id='word_1_311' title='bbox 1130 2325 1258 2359; x_wconf 81' lang='lat' dir='ltr'><strong>terra</strong></span> <span class='ocrx_word' id='word_1_312' title='bbox 1292 2317 1519 2372; x_wconf 78' lang='lat' dir='ltr'><strong>marique.</strong></span> <span class='ocrx_word' id='word_1_313' title='bbox 1582 2317 1663 2362; x_wconf 86' lang='lat' dir='ltr'><strong>Ed.</strong></span> <span class='ocrx_word' id='word_1_314' title='bbox 1694 2319 1812 2376; x_wconf 86' lang='lat' dir='ltr'><strong>Spir.</strong></span> <span class='ocrx_word' id='word_1_315' title='bbox 1836 2325 1959 2362; x_wconf 61' lang='lat' dir='ltr'><strong>crsis-</strong></span> 
     </span>
    </p>
   </div>
   <div class='ocr_carea' id='block_1_10' title="bbox 1071 2374 1962 2474">
    <p class='ocr_par' dir='ltr' id='par_1_14' title="bbox 1071 2374 1962 2474">
     <span class='ocr_line' id='line_1_55' title="bbox 1071 2374 1962 2474; baseline 0.002 -58"><span class='ocrx_word' id='word_1_316' title='bbox 1071 2377 1298 2474; x_wconf 73' lang='lat' dir='ltr'><strong>tbnarique.</strong></span> <span class='ocrx_word' id='word_1_317' title='bbox 1395 2375 1505 2418; x_wconf 80' lang='lat' dir='ltr'><strong>Mox</strong></span> <span class='ocrx_word' id='word_1_318' title='bbox 1548 2374 1607 2418; x_wconf 86' lang='lat' dir='ltr'><strong>ibi</strong></span> <span class='ocrx_word' id='word_1_319' title='bbox 1651 2376 1773 2419; x_wconf 90' lang='lat' dir='ltr'><strong>deest</strong></span> <span class='ocrx_word' id='word_1_320' title='bbox 1809 2391 1962 2431; x_wconf 86' lang='lat' dir='ltr'><strong>para-</strong></span> 
     </span>
     <span class='ocr_line' id='line_1_56' title="bbox 1102 2439 1171 2474; baseline 0.029 -2"><span class='ocrx_word' id='word_1_321' title='bbox 1102 2439 1171 2474; x_wconf 83' lang='lat' dir='ltr'><strong>at.</strong></span> 
     </span>
    </p>
   </div>
   <div class='ocr_carea' id='block_1_11' title="bbox 1070 2488 2001 3563">
    <p class='ocr_par' dir='ltr' id='par_1_15' title="bbox 1070 2488 1966 2604">
     <span class='ocr_line' id='line_1_57' title="bbox 1127 2488 1962 2549; baseline 0.002 -17"><span class='ocrx_word' id='word_1_322' title='bbox 1127 2488 1242 2532; x_wconf 83' lang='lat' dir='ltr'><strong>CAP.</strong></span> <span class='ocrx_word' id='word_1_323' title='bbox 1272 2488 1343 2532; x_wconf 81' lang='lat'><strong>49.</strong></span> <span class='ocrx_word' id='word_1_324' title='bbox 1404 2489 1532 2531; x_wconf 82' lang='lat' dir='ltr'><strong>Dum</strong></span> <span class='ocrx_word' id='word_1_325' title='bbox 1564 2491 1667 2533; x_wconf 79' lang='lat' dir='ltr'><strong>hac.</strong></span> <span class='ocrx_word' id='word_1_326' title='bbox 1725 2489 1809 2533; x_wconf 90' lang='lat' dir='ltr'><strong>Ed.</strong></span> <span class='ocrx_word' id='word_1_327' title='bbox 1841 2489 1962 2549; x_wconf 78' lang='lat' dir='ltr'><strong>Spir-</strong></span> 
     </span>
     <span class='ocr_line' id='line_1_58' title="bbox 1070 2546 1966 2604; baseline 0.001 -15"><span class='ocrx_word' id='word_1_328' title='bbox 1070 2550 1183 2589; x_wconf 84' lang='lat' dir='ltr'><strong>dum</strong></span> <span class='ocrx_word' id='word_1_329' title='bbox 1206 2562 1274 2588; x_wconf 86' lang='lat' dir='ltr'><strong>ac.</strong></span> <span class='ocrx_word' id='word_1_330' title='bbox 1348 2546 1454 2589; x_wconf 81' lang='lat' dir='ltr'><strong>Mox</strong></span> <span class='ocrx_word' id='word_1_331' title='bbox 1483 2548 1609 2588; x_wconf 76' lang='lat' dir='ltr'><strong>urbis</strong></span> <span class='ocrx_word' id='word_1_332' title='bbox 1633 2562 1717 2603; x_wconf 87' lang='lat' dir='ltr'><strong>pro</strong></span> <span class='ocrx_word' id='word_1_333' title='bbox 1738 2548 1876 2590; x_wconf 81' lang='lat' dir='ltr'><strong>orbis.</strong></span> <span class='ocrx_word' id='word_1_334' title='bbox 1961 2599 1966 2604; x_wconf 91' lang='lat'><strong>.</strong></span> 
     </span>
    </p>

    <p class='ocr_par' dir='ltr' id='par_1_16' title="bbox 1073 2603 2001 3058">
     <span class='ocr_line' id='line_1_59' title="bbox 1128 2603 1964 2661; baseline 0.006 -15"><span class='ocrx_word' id='word_1_335' title='bbox 1128 2603 1388 2647; x_wconf 75' lang='lat' dir='ltr'><strong>nutatione.</strong></span> <span class='ocrx_word' id='word_1_336' title='bbox 1450 2604 1511 2646; x_wconf 85' lang='lat' dir='ltr'><strong>lta</strong></span> <span class='ocrx_word' id='word_1_337' title='bbox 1537 2604 1709 2661; x_wconf 81' lang='lat' dir='ltr'><strong>egregie</strong></span> <span class='ocrx_word' id='word_1_338' title='bbox 1725 2605 1826 2647; x_wconf 89' lang='lat' dir='ltr'><strong>MS.</strong></span> <span class='ocrx_word' id='word_1_339' title='bbox 1841 2604 1964 2660; x_wconf 71' lang='lat' dir='ltr'><strong>Flor-</strong></span> 
     </span>
     <span class='ocr_line' id='line_1_60' title="bbox 1073 2654 2001 2719; baseline 0.001 -15"><span class='ocrx_word' id='word_1_340' title='bbox 1073 2669 1181 2704; x_wconf 85' lang='lat' dir='ltr'><strong>teste</strong></span> <span class='ocrx_word' id='word_1_341' title='bbox 1207 2659 1427 2704; x_wconf 80' lang='lat' dir='ltr'><strong>victorio.</strong></span> <span class='ocrx_word' id='word_1_342' title='bbox 1495 2659 1554 2703; x_wconf 84' lang='lat' dir='ltr'><strong>cf.</strong></span> <span class='ocrx_word' id='word_1_343' title='bbox 1592 2659 1707 2704; x_wconf 80' lang='lat' dir='ltr'><strong>Plin.</strong></span> <span class='ocrx_word' id='word_1_344' title='bbox 1739 2661 1891 2719; x_wconf 82' lang='lat' dir='ltr'><strong>Paueg</strong></span> <span class='ocrx_word' id='word_1_345' title='bbox 1914 2654 1966 2718; x_wconf 55' lang='lat' dir='ltr'><strong>¹rs,</strong></span> <span class='ocrx_word' id='word_1_346' title='bbox 1999 2661 2001 2664; x_wconf 41' lang='lat'><strong><em>¹</em></strong></span> 
     </span>
     <span class='ocr_line' id='line_1_61' title="bbox 1075 2679 1964 2786; baseline 0 -25"><span class='ocrx_word' id='word_1_347' title='bbox 1075 2735 1114 2762; x_wconf 85' lang='lat' dir='ltr'><strong>c.</strong></span> <span class='ocrx_word' id='word_1_348' title='bbox 1142 2720 1182 2760; x_wconf 90' lang='lat'><strong>5.</strong></span> <span class='ocrx_word' id='word_1_349' title='bbox 1217 2718 1402 2760; x_wconf 78' lang='lat' dir='ltr'><strong>natatio</strong></span> <span class='ocrx_word' id='word_1_350' title='bbox 1434 2719 1507 2759; x_wconf 78' lang='lat' dir='ltr'><strong>rel</strong></span> <span class='ocrx_word' id='word_1_351' title='bbox 1529 2719 1755 2770; x_wconf 67' lang='lat' dir='ltr'><strong>publicae.</strong></span> <span class='ocrx_word' id='word_1_352' title='bbox 1820 2679 1964 2786; x_wconf 55' lang='lat' dir='ltr'><strong>Vui&#39;go</strong></span> 
     </span>
     <span class='ocr_line' id='line_1_62' title="bbox 1075 2775 1967 2831; baseline 0.002 -13"><span class='ocrx_word' id='word_1_353' title='bbox 1075 2776 1221 2818; x_wconf 84' lang='lat' dir='ltr'><strong>editur</strong></span> <span class='ocrx_word' id='word_1_354' title='bbox 1257 2775 1543 2825; x_wconf 52' lang='lat' dir='ltr'><strong>mutatione,</strong></span> <span class='ocrx_word' id='word_1_355' title='bbox 1593 2775 1711 2831; x_wconf 85' lang='lat' dir='ltr'><strong>quod</strong></span> <span class='ocrx_word' id='word_1_356' title='bbox 1749 2783 1884 2820; x_wconf 79' lang='lat' dir='ltr'><strong>exstat</strong></span> <span class='ocrx_word' id='word_1_357' title='bbox 1909 2778 1967 2830; x_wconf 52' lang='lat'><strong>&gt;11⁸1</strong></span> 
     </span>
     <span class='ocr_line' id='line_1_63' title="bbox 1075 2830 1965 2892; baseline 0.003 -18"><span class='ocrx_word' id='word_1_358' title='bbox 1075 2833 1177 2875; x_wconf 84' lang='lat' dir='ltr'><strong>MS.</strong></span> <span class='ocrx_word' id='word_1_359' title='bbox 1203 2830 1354 2874; x_wconf 85' lang='lat' dir='ltr'><strong>Guelf.</strong></span> <span class='ocrx_word' id='word_1_360' title='bbox 1384 2831 1488 2874; x_wconf 81' lang='lat' dir='ltr'><strong>edd.</strong></span> <span class='ocrx_word' id='word_1_361' title='bbox 1521 2831 1636 2887; x_wconf 85' lang='lat' dir='ltr'><strong>Spir.</strong></span> <span class='ocrx_word' id='word_1_362' title='bbox 1665 2831 1841 2876; x_wconf 72' lang='lat' dir='ltr'><strong>Puteol.</strong></span> <span class='ocrx_word' id='word_1_363' title='bbox 1865 2850 1965 2892; x_wconf 75' lang='lat' dir='ltr'><strong>sqq.</strong></span> 
     </span>
     <span class='ocr_line' id='line_1_64' title="bbox 1075 2887 1968 2946; baseline 0.001 -13"><span class='ocrx_word' id='word_1_364' title='bbox 1075 2890 1282 2933; x_wconf 81' lang='lat' dir='ltr'><strong>Aliorum</strong></span> <span class='ocrx_word' id='word_1_365' title='bbox 1304 2887 1523 2930; x_wconf 85' lang='lat' dir='ltr'><strong>librorum</strong></span> <span class='ocrx_word' id='word_1_366' title='bbox 1545 2888 1815 2946; x_wconf 81' lang='lat' dir='ltr'><strong>scripturam</strong></span> <span class='ocrx_word' id='word_1_367' title='bbox 1833 2907 1968 2934; x_wconf 85' lang='lat' dir='ltr'><strong>nemo</strong></span> 
     </span>
     <span class='ocr_line' id='line_1_65' title="bbox 1076 2945 1966 3004; baseline 0.001 -15"><span class='ocrx_word' id='word_1_368' title='bbox 1076 2946 1322 2991; x_wconf 81' lang='lat' dir='ltr'><strong>adnotavit.</strong></span> <span class='ocrx_word' id='word_1_369' title='bbox 1408 2945 1562 2988; x_wconf 82' lang='lat' dir='ltr'><strong>Simile</strong></span> <span class='ocrx_word' id='word_1_370' title='bbox 1621 2945 1750 3004; x_wconf 83' lang='lat' dir='ltr'><strong>plane</strong></span> <span class='ocrx_word' id='word_1_371' title='bbox 1804 2947 1966 2992; x_wconf 85' lang='lat' dir='ltr'><strong>vitium</strong></span> 
     </span>
     <span class='ocr_line' id='line_1_66' title="bbox 1076 3002 1847 3058; baseline -0.01 -10"><span class='ocrx_word' id='word_1_372' title='bbox 1076 3003 1336 3048; x_wconf 84' lang='lat' dir='ltr'><strong>sustulimus</strong></span> <span class='ocrx_word' id='word_1_373' title='bbox 1361 3002 1450 3046; x_wconf 85' lang='lat' dir='ltr'><strong>An.</strong></span> <span class='ocrx_word' id='word_1_374' title='bbox 1471 3004 1512 3050; x_wconf 81' lang='lat'><strong>4,</strong></span> <span class='ocrx_word' id='word_1_375' title='bbox 1537 3002 1624 3045; x_wconf 88' lang='lat'><strong>55..</strong></span> <span class='ocrx_word' id='word_1_376' title='bbox 1697 3039 1699 3041; x_wconf 74' lang='grc'><strong>,</strong></span> <span class='ocrx_word' id='word_1_377' title='bbox 1720 3037 1723 3040; x_wconf 19' lang='grc' dir='ltr'><strong>Α</strong></span> <span class='ocrx_word' id='word_1_378' title='bbox 1843 3055 1847 3058; x_wconf 17' lang='lat'><strong>⁴</strong></span> 
     </span>
    </p>

    <p class='ocr_par' dir='ltr' id='par_1_17' title="bbox 1078 3059 1972 3563">
     <span class='ocr_line' id='line_1_67' title="bbox 1132 3059 1965 3116; baseline 0.007 -14"><span class='ocrx_word' id='word_1_379' title='bbox 1132 3076 1194 3103; x_wconf 81' lang='lat' dir='ltr'><strong>ex</strong></span> <span class='ocrx_word' id='word_1_380' title='bbox 1225 3059 1376 3115; x_wconf 81' lang='lat' dir='ltr'><strong>sacili.</strong></span> <span class='ocrx_word' id='word_1_381' title='bbox 1460 3060 1534 3104; x_wconf 84' lang='lat' dir='ltr'><strong>Sic</strong></span> <span class='ocrx_word' id='word_1_382' title='bbox 1562 3060 1681 3116; x_wconf 77' lang='lat' dir='ltr'><strong>Agr.</strong></span> <span class='ocrx_word' id='word_1_383' title='bbox 1716 3077 1755 3106; x_wconf 84' lang='lat' dir='ltr'><strong>c.</strong></span> <span class='ocrx_word' id='word_1_384' title='bbox 1790 3061 1856 3105; x_wconf 87' lang='lat'><strong>15.</strong></span> <span class='ocrx_word' id='word_1_385' title='bbox 1904 3062 1965 3108; x_wconf 78' lang='lat' dir='ltr'><strong>cf·</strong></span> 
     </span>
     <span class='ocr_line' id='line_1_68' title="bbox 1078 3117 1963 3176; baseline 0.002 -16"><span class='ocrx_word' id='word_1_386' title='bbox 1078 3117 1276 3160; x_wconf 51' lang='lat' dir='ltr'><strong>&#39;vvalcln</strong></span> <span class='ocrx_word' id='word_1_387' title='bbox 1347 3117 1612 3173; x_wconf 50' lang='lat' dir='ltr'><strong>Emendatt„</strong></span> <span class='ocrx_word' id='word_1_388' title='bbox 1639 3117 1731 3160; x_wconf 77' lang='lat' dir='ltr'><strong>Liv.</strong></span> <span class='ocrx_word' id='word_1_389' title='bbox 1785 3135 1829 3176; x_wconf 83' lang='lat' dir='ltr'><strong>p.</strong></span> <span class='ocrx_word' id='word_1_390' title='bbox 1866 3119 1963 3162; x_wconf 78' lang='lat'><strong>163.</strong></span> 
     </span>
     <span class='ocr_line' id='line_1_69' title="bbox 1079 3172 1964 3229; baseline 0.005 -13"><span class='ocrx_word' id='word_1_391' title='bbox 1079 3176 1141 3217; x_wconf 84' lang='lat' dir='ltr'><strong>Ita</strong></span> <span class='ocrx_word' id='word_1_392' title='bbox 1176 3184 1219 3216; x_wconf 86' lang='lat' dir='ltr'><strong>et</strong></span> <span class='ocrx_word' id='word_1_393' title='bbox 1249 3172 1427 3216; x_wconf 80' lang='lat' dir='ltr'><strong>Graeci.</strong></span> <span class='ocrx_word' id='word_1_394' title='bbox 1488 3172 1551 3229; x_wconf 75' lang='lat' dir='ltr'><strong>es.</strong></span> <span class='ocrx_word' id='word_1_395' title='bbox 1576 3175 1964 3229; x_wconf 15' lang='lat' dir='ltr'><strong>Mattb.yGramm.</strong></span> 
     </span>
     <span class='ocr_line' id='line_1_70' title="bbox 1079 3233 1968 3347; baseline 0.006 -18"><span class='ocrx_word' id='word_1_396' title='bbox 1079 3233 1105 3287; x_wconf 53' lang='grc' dir='ltr'><strong>ς</strong></span> <span class='ocrx_word' id='word_1_397' title='bbox 1136 3303 1216 3330; x_wconf 77' lang='lat' dir='ltr'><strong>seu</strong></span> <span class='ocrx_word' id='word_1_398' title='bbox 1224 3286 1444 3343; x_wconf 74' lang='lat' dir='ltr'><strong>felicitas.</strong></span> <span class='ocrx_word' id='word_1_399' title='bbox 1502 3283 1580 3332; x_wconf 64' lang='lat' dir='ltr'><strong>Sic,</strong></span> <span class='ocrx_word' id='word_1_400' title='bbox 1598 3289 1698 3332; x_wconf 87' lang='lat' dir='ltr'><strong>edd.</strong></span> <span class='ocrx_word' id='word_1_401' title='bbox 1719 3289 1840 3347; x_wconf 83' lang='lat' dir='ltr'><strong>Spir.</strong></span> <span class='ocrx_word' id='word_1_402' title='bbox 1854 3289 1968 3334; x_wconf 81' lang='lat' dir='ltr'><strong>Rhe·</strong></span> 
     </span>
     <span class='ocr_line' id='line_1_71' title="bbox 1083 3342 1969 3402; baseline 0.003 -15"><span class='ocrx_word' id='word_1_403' title='bbox 1083 3361 1189 3390; x_wconf 80' lang='lat' dir='ltr'><strong>nan.</strong></span> <span class='ocrx_word' id='word_1_404' title='bbox 1215 3342 1321 3387; x_wconf 80' lang='lat' dir='ltr'><strong>Ald.</strong></span> <span class='ocrx_word' id='word_1_405' title='bbox 1339 3360 1437 3402; x_wconf 86' lang='lat' dir='ltr'><strong>sqq.</strong></span> <span class='ocrx_word' id='word_1_406' title='bbox 1457 3372 1514 3382; x_wconf 86' lang='lat'><strong>-—</strong></span> <span class='ocrx_word' id='word_1_407' title='bbox 1556 3361 1638 3388; x_wconf 81' lang='lat' dir='ltr'><strong>ceu</strong></span> <span class='ocrx_word' id='word_1_408' title='bbox 1645 3347 1857 3401; x_wconf 76' lang='lat' dir='ltr'><strong>felicitas</strong></span> <span class='ocrx_word' id='word_1_409' title='bbox 1869 3347 1969 3394; x_wconf 78' lang='lat' dir='ltr'><strong>MS,</strong></span> 
     </span>
     <span class='ocr_line' id='line_1_72' title="bbox 1084 3399 1970 3456; baseline 0.001 -10"><span class='ocrx_word' id='word_1_410' title='bbox 1084 3399 1235 3446; x_wconf 78' lang='lat' dir='ltr'><strong>Guetf.</strong></span> <span class='ocrx_word' id='word_1_411' title='bbox 1271 3400 1371 3443; x_wconf 87' lang='lat' dir='ltr'><strong>edd.</strong></span> <span class='ocrx_word' id='word_1_412' title='bbox 1396 3402 1496 3446; x_wconf 72' lang='lat' dir='ltr'><strong>Put.</strong></span> <span class='ocrx_word' id='word_1_413' title='bbox 1519 3402 1599 3456; x_wconf 65' lang='grc' dir='ltr'><strong>Μ.</strong></span> <span class='ocrx_word' id='word_1_414' title='bbox 1616 3412 1660 3447; x_wconf 86' lang='lat' dir='ltr'><strong>et</strong></span> <span class='ocrx_word' id='word_1_415' title='bbox 1686 3404 1737 3446; x_wconf 94' lang='lat' dir='ltr'><strong>V.</strong></span> <span class='ocrx_word' id='word_1_416' title='bbox 1764 3403 1970 3447; x_wconf 74' lang='lat' dir='ltr'><strong>Beroald-</strong></span> 
     </span>
     <span class='ocr_line' id='line_1_73' title="bbox 1690 3461 1972 3517; baseline 0.011 -17"><span class='ocrx_word' id='word_1_417' title='bbox 1690 3461 1858 3504; x_wconf 81' lang='lat' dir='ltr'><strong>Verum</strong></span> <span class='ocrx_word' id='word_1_418' title='bbox 1890 3475 1972 3517; x_wconf 62' lang='lat' dir='ltr'><strong>ceu</strong></span> 
     </span>
     <span class='ocr_line' id='line_1_74' title="bbox 1089 3515 1546 3563; baseline 0 -1"><span class='ocrx_word' id='word_1_419' title='bbox 1089 3531 1180 3563; x_wconf 82' lang='lat' dir='ltr'><strong>uon</strong></span> <span class='ocrx_word' id='word_1_420' title='bbox 1206 3523 1271 3559; x_wconf 83' lang='lat' dir='ltr'><strong>est</strong></span> <span class='ocrx_word' id='word_1_421' title='bbox 1290 3515 1418 3560; x_wconf 81' lang='lat' dir='ltr'><strong>huius</strong></span> <span class='ocrx_word' id='word_1_422' title='bbox 1442 3516 1546 3562; x_wconf 84' lang='lat' dir='ltr'><strong>loci.</strong></span> 
     </span>
    </p>
   </div>
  </div>
 </body>
</html>
