2138 4030
169 243 253 302 40

738 190 1444 303 Hls'romAnUM

1329 0 1360 38 γ
1531 38 1563 76 ᾖ
1725 59 1733 84 ι

1717 239 1769 276 Α.
1784 238 1836 274 U.
1852 239 1942 277 823.

1717 281 1769 318 A.
1789 281 1838 320 C.
1882 284 1943 317 70.

140 390 143 394 ’
170 373 272 430 sed
296 368 528 428 sceleris
551 371 828 447 cogitatio
853 372 1142 429 incertum
1169 390 1245 427 an
1270 384 1511 447 repens:
1545 373 1748 431 studia
1769 373 2031 433 militum

170 457 291 527 iam
314 457 544 533 pridem
571 476 673 534 spe
702 457 1082 517 successionis
1110 467 1212 514 aut
1234 467 1441 532 paratu
1459 456 1747 515 facinoris
1779 461 2036 518 adfecta-

169 552 366 613 verat,
408 541 477 599 in
498 541 760 615 itinere,
795 543 862 599 in
890 541 1155 616 agmine,
1211 540 1278 597 in
1311 534 1666 600 stationibus
1706 543 2036 603 vetustissi-

167 643 336 685 mum
372 648 663 705 quemque
700 627 959 705 militum
995 626 1239 683 nomine
1274 646 1492 684 vocans
1517 646 1583 684 ac
1608 629 1894 686 memoria
1916 625 2039 686 Ne·-

167 713 414 772 roniani
437 714 749 772 comitatus
775 713 1227 770 contubernales
1251 712 1634 788 appellando:
1678 713 1827 772 alios
1853 732 2038 790 agno-

170 809 358 870 scere,
409 800 698 876 quusdam
731 797 1036 875 requirere
1069 807 1129 854 et
1163 798 1414 873 pecunia
1447 810 1548 856 aut
1585 798 1773 872 gratia
1809 799 2038 871 iuvare,

172 885 486 942 inserendo
530 884 760 960 saepius
798 877 1067 960 querelas
1108 893 1166 940 et
1207 882 1516 957 ambiguos
1554 884 1627 940 de
1671 882 1866 942 Galba
1915 899 2041 942 ser-

173 988 406 1041 mone3‚
432 989 698 1046 quaeque
723 969 838 1025 alia
862 969 1237 1027 turbamenta
1257 963 1439 1043 vulgi.
1483 969 1716 1026 labores
1739 969 2041 1041 itinerum,
2111 1010 2113 1013 .

173 1054 378 1134 inopia
427 1067 860 1114 commeatuum
879 1100 895 1124 ‚
958 1053 1178 1110 duritia
1227 1054 1463 1129 imperii
1499 1055 1757 1112 atrocius
1791 1055 2044 1131 accipie—

170 1141 421 1211 bantur,
464 1161 601 1197 cum
626 1138 988 1215 Campaniae
1009 1141 1171 1196 lacus
1197 1151 1253 1196 et
1272 1135 1532 1196 Achaiae
1557 1140 1735 1197 urbes
1763 1141 2045 1198 classibus
2116 1151 2127 1163 ·

109 1222 132 1228 ”
174 1227 340 1284 adire
364 1226 525 1283 soliti
550 1225 920 1303 Pyrenaeum
944 1237 1001 1282 et
1029 1221 1212 1301 Alpes
1242 1236 1298 1282 et
1322 1224 1611 1282 immensa
1644 1224 1878 1284 viarum
1911 1219 2046 1302 sp>a-'

175 1313 259 1371 tia
286 1328 455 1385 aegre
480 1311 591 1368 sub
615 1308 797 1367 ‘armis
825 1311 1204 1370 eniterentur.

344 1394 569 1456 XXIV.
635 1395 1052 1470 Flagrantibus
1084 1397 1203 1452 iam
1236 1395 1495 1453 militum
1524 1396 1739 1453 animis
1769 1396 1933 1453 velut
1956 1397 2048 1453 fa-

178 1500 271 1541 ces
295 1481 602 1539 addiderat
617 1480 894 1539 'Maevius
918 1479 1158 1539 Pudens
1174 1527 1190 1551 ‚
1232 1501 1264 1537 e
1292 1481 1579 1556 proximis
1605 1480 1912 1556 Tigellini.
1998 1482 2049 1537 is

177 1567 637 1634 mobilissimum
672 1587 964 1644 quemque
994 1565 1233 1640 ingenio
1261 1577 1363 1624 aut
1387 1567 1672 1642 pecuniae
1693 1566 1966 1642 indigum
1991 1578 2052 1623 et

246 1813 454 1857 Cunssss.
514 1828 579 1858 an
604 1827 787 1867 repens.
853 1810 1084 1856 Acidal-ius

186 1871 379 1915 malebat
406 1886 470 1913 an
500 1884 675 1914 recens.
743 1870 831 1914 Sed
865 1869 955 1913 vid.
989 1877 1085 1913 not.

187 1929 243 1973 ad
266 1932 356 1975 An.
378 1930 420 1980 6,
440 1929 486 1972 7.
518 1938 560 1972 et
583 1931 651 1976 11,
676 1921 748 1971 2'4.

244 2002 295 2047 in
313 2001 500 2049 itinere«,
520 2001 570 2042 in
590 2000 791 2054 agmine.
850 1997 1084 2041 Ernestius

190 2060 239 2102 in
263 2059 452 2112 agmine
474 2055 584 2099 nihil
610 2057 728 2099 aliud
752 2072 844 2099 esse
874 2072 1009 2113 quam
1038 2058 1085 2098 in

190 2117 357 2159 itinere
382 2114 539 2157 Tacito
572 2114 744 2158 obiicit.
806 2112 1085 2162 Sed,simili·

191 2182 259 2218 ter
292 2172 401 2215 haec
434 2172 775 2226 coniunguntur
797 2173 885 2214 An.
906 2169 948 2218 3,
974 2171 1016 2214 9.
1040 2172 1088 2213 in

189 2231 379 2288 agmine
424 2237 566 2285 utque
604 2229 784 2271 itinere.
857 2221 1100 2276 Nimirum'

192 2298 366 2345 agmen
410 2285 630 2344 significat
653 2286 779 2343 {ipsas
820 2286 971 2343 copias
1004 2284 1089 2328 iter

192 2347 431 2393 facientes,
495 2359 607 2400 quae
647 2343 987 2400 distinguuntur
1033 2343 1088 2386 ab

193 2405 355 2450 itinere
388 2402 512 2460 quod
545 2400 735 2445 faciunt.
794 2402 887 2444 lam
922 2401 1016 2445 An.
1049 2399 1091 2451 3,

193 2463 239 2510 9.
262 2468 329 2506 est
353 2459 404 2504 ἓν
427 2457 504 2503 διὰ
534 2459 685 2503 δυοῖν.
745 2458 846 2503 Hoc
880 2458 984 2502 loco
1017 2474 1092 2501 au·

196 2529 286 2564 tem
320 2521 369 2562 in
407 2517 597 2573 agmine
628 2516 875 2575 opponitur
911 2515 1013 2562 voqi
1047 2517 1094 2559 in

196 2577 494 2627 stationibus,
537 2582 586 2618 ut
609 2574 830 2632 intelligas
860 2573 1093 2619 Othonem

199 2632 317 2679 idem
348 2631 509 2676 fecisse
534 2632 581 2675 in
602 2632 807 2689 agmine,
838 2632 916 2675 ubi
942 2631 1097 2689 copiae

200 2700 347 2736 essent
382 2690 677 2741 coniunctae,
716 2698 849 2747 atque
873 2690 919 2732 in
941 2688 1098 2732 statio-

202 2749 362 2799 nibus,
394 2746 470 2788 ubi
492 2747 655 2804 singuli
681 2746 846 2790 milites
870 2762 1096 2790 versaren-

202 2816 297 2851 tur.
352 2803 426 2849 Ad
447 2803 750 2847 Strombeekii
772 2805 1100 2863 quaestionem,

203 2862 438 2923 quomodo
459 2860 570 2904 haee
588 2861 783 2905 Othonis
811 2861 928 2905 dieta
952 2859 1097 2903 sacta-

202 2936 291 2980 que
313 2916 547 2962 conciliari
571 2921 746 2976 possint
766 2935 868 2962 cum
897 2918 1100 2976 adoptio·

205 2978 276 3023 nis
309 2991 417 3035 spe,
467 2991 599 3032 quam
639 2975 734 3032 ipse
782 2977 979 3025 ferebat,
1030 2993 1100 3019 re-

207 3049 424 3095 sponsum
451 3031 738 3076 Gutmannus
761 3033 899 3078 dedit.

264 3120 320 3148 ac
354 3105 603 3147 memoria.

210 3161 457 3207 memoria.

209 3219 482 3269 Neroniani.

266 3291 426 3346 inopia
453 3295 811 3332 commeatuum.
871 3289 954 3334 Ed.
986 3290 1016 3334 S
1052 3290 1104 3334 ir,

209 3347 370 3404 ἰηορίιῑ
406 3345 747 3409 eonteantium,
794 3348 919 3403 quasi
958 3349 1106 3402 adpo

211 3404 460 3512 pendente
498 3402 640 3448 verbo
671 3404 934 3446 inserendo.
1022 3404 1105 3451 Ed.

253 3472 317 3508 ut.
341 3462 397 3506 V.
419 3462 702 3504 cementum.
1016 3499 1017 3502 ,

269 3519 494 3565 Achaiae.
591 3512 675 3562 Ed.
725 3517 841 3576 Spir.
889 3519 1108 3584 Achaicf.

212 3578 323 3622 Mox
349 3593 454 3619 curn
477 3576 578 3619 MS.
608 3573 763 3618 Guelf.
790 3576 1049 3629 pireneum.

691 3102 772 3146 Ed.
811 3104 928 3162 Spir.
962 3111 1104 3161 atque

545 3161 653 3203 Mox
705 3162 964 3204 Neroniam
1015 3174 1101 3220 pro

1212 1815 1390 1865 spatia.
1476 1811 1556 1855 Sic
1599 1811 1704 1856 MS.
1745 1809 1874 1856 Flue-
1919 1812 2051 1866 (lest.

1159 1869 1299 1921 vict.)
1324 1870 1423 1913 edd.
1448 1869 1568 1924 Spir.
1595 1869 1704 1914 Ald.
1727 1869 1848 1928 Lips.
1874 1870 1978 1928 sqq.
2000 1895 2051 1903 —

1155 1929 1319 1982 spacia
1343 1927 1445 1970 edd.
1467 1927 1571 1970 Put.
1594 1927 1700 1972 Ber.
1728 1927 1830 1972 Ale.
1851 1923 2055 1971 Rhenan.

1157 2001 1262 2028 cum
1284 1985 1388 2028 MS.
1415 1983 1568 2029 Guelf.

1216 2057 1526 2098 eniterentur.
1619 2055 1697 2101 Sic
1741 2026 1876 2099 cocld.
1919 2051 2055 2101 MSS.

1158 2112 1282 2157 Flor.
1312 2115 1432 2166 (test.
1456 2112 1573 2156 Viet.
1598 2130 1704 2156 cum
1727 2113 1876 2168 Pieh.)
1903 2111 2056 2158 Guelf.

1159 2170 1279 2237 de.
1300 2169 1492 2225 aliique,
1528 2171 1629 2214 edd.
1645 2172 1770 2239 'Spin
1786 2171 1931 2214 Rhen.
1950 2170 2057 2215 Ald.

1159 2229 1525 2343 auam.
1557 2237 2058 2335 ‘2335535Y3221333

1163 2340 1266 2386 Ber.
1302 2342 1406 2385 Ale.
1439 2371 1498 2379 -
1558 2342 1757 2387 Pichena
1792 2342 2060 2388 coniiciebat

1164 2402 1494 2452 emetirentur,
1531 2401 1762 2444 obnitente
1784 2399 2001 2444 Grutero.

1225 2484 1337 2530 CAP.
1359 2484 1431 2526 24.
1484 2488 1622 2529 velut.
1673 2484 1915 2530 MS.F101·.
1945 2488 2064 2540 (test.

1166 2542 1309 2599 Viet.)
1345 2544 1500 2585 velud.
1573 2543 1625 2586 ln
1657 2543 1758 2586 MS.
1788 2542 1902 2586 Bud.
1941 2542 2065 2587 deest

1167 2600 1366 2651 animis,
1409 2600 1528 2657 quod
1563 2599 1782 2651 Rhenano
1825 2599 2063 2647 videbatur

1169 2659 1321 2701 abesse
1342 2673 1488 2715 posse.
1550 2656 1632 2700 Vix
1653 2657 1808 2702 eredo.

1228 2730 1442 2773 Maevius
1474 2729 1679 2773 vadem.
1753 2728 1830 2772 Sic
1855 2727 1960 2773 edd.
1981 2719 2065 2776 Er-

1170 2795 1282 2830 nest.
1311 2787 1487 2830 Broter.
1521 2786 1682 2831 Oberl.
1709 2802 1810 2844 sqq.
1839 2807 1903 2824 ·--
1960 2787 2065 2831 Me·-

1169 2846 1271 2887 vius
1294 2844 1481 2887 Pudens
1508 2844 1611 2887 MS.
1639 2843 1789 2889 Guelf.
1825 2843 1930 2891 edd.
1963 2835 2067 2890 Put.

1171 2918 1270 2959 sqq.
1310 2902 1365 2945 ad
1402 2901 1673 2946 Ernestium.
1743 2902 1920 2954 Mevius
1948 2917 2066 2957 pru-

1172 2964 1287 3002 dens
1312 2959 1380 3002 ed.
1403 2960 1522 3018 Spir-

1233 3030 1470 3085 Tigellini.
1551 3030 1672 3075 Vett.
1707 3031 1809 3077 edd.
1843 3030 2065 3086 Tigillini.

1176 3087 1279 3129 Vid.
1305 3096 1400 3130 not.
1428 3089 1483 3131 ad
1505 3087 1595 3137 An.
1623 3091 1693 3139 14,
1712 3090 1782 3133 48.
2038 3138 2041 3141 ,

1233 3159 1611 3202 mobilissimum.
1700 3158 1777 3203 Sic
1810 3157 1916 3202 edd.
1947 3156 2070 3215 Spir,

1175 3216 1279 3259 Ber.
1307 3217 1430 3271 (eum
1450 3216 1519 3259 sil.
1546 3217 1681 3272 Vici.)
1702 3215 1953 3261 Alc-..Rhen.
1971 3231 2024 3272 sq
2060 3246 2071 3259 .

1176 3299 1231 3326 ξ
1263 3275 1612 3317 nobilissimum
1643 3273 1744 3318 MS.
1779 3272 1934 3318 Gnetf.
1966 3276 2021 3316 ed
2057 3302 2069 3317 .

1178 3333 1282 3375 Put.
1304 3332 1370 3374 M.
1398 3341 1439 3375 et
1462 3330 1528 3375 V.
2051 3348 2053 3350 ·

1236 3404 1463 3458 indigum.
1539 3401 1627 3445 Ed.
1659 3401 1779 3459 Spir.
1812 3401 2070 3456 infiguum.

1181 3461 1263 3503 Ed.
1301 3460 1400 3503 Put.
1428 3459 1483 3503 V.
1518 3461 1791 3515 indignum,
1831 3467 1875 3504 et
1900 3460 1962 3506 ila
1989 3459 2075 3515 fujt

1181 3520 1228 3562 in
1253 3519 1358 3563 MS.
1385 3517 1538 3562 Guelf.
1556 3534 1580 3561 a
1603 3533 1675 3577 pr.
1698 3534 1851 3568 manu.
1886 3541 1945 3550 —
1996 3517 2071 3561 in·

1183 3578 1343 3630 dignm
1368 3576 1428 3619 ibi
1453 3575 1559 3618 feeit
1577 3591 1667 3619 see.
1693 3575 1867 3620 manus.
1970 3575 1974 3579 ’
