2138 4030
141 201 194 238 A.
212 202 265 238 U.
283 201 369 235 824.

143 249 193 282 A.
216 246 262 282 C.
311 247 371 281 71.

548 204 600 262 Ι.
618 201 725 263 ιΒ.
761 202 865 264 lv,
936 162 1131 264 CA'P.
1167 203 1267 265 39.
1289 204 1407 272 40.
1777 209 1907 269 415

61 337 288 394 manias
312 335 653 392 ducebatur.
742 332 823 390 sic
861 343 1081 406 egest0‚
1125 332 1415 410 quidquid
1437 337 1773 411 turbidum,
1814 358 1921 396 re·
1985 377 1990 383 ·

63 423 152 479 dit
176 421 314 480 urbi
337 413 441 477 sua
462 420 650 475 forma
679 417 948 493 legesque
973 430 1030 475 et
1050 413 1257 475 munia
1277 420 1741 492 magistratuum.

229 505 356 563 XL.
401 502 536 576 Quo
562 503 657 559 die
682 514 947 558 senatum
972 503 1264 575 ingressus
1288 515 1374 560 est
1393 502 1798 578 Domitianus,
1837 510 1912 565 de

53 590 322 649 xabsentia
351 589 535 665 patris
561 587 875 663 fratrisque
904 608 969 644 ac
999 588 1234 645 iuventa
1260 607 1364 666 sua
1391 609 1574 664 pauca
1602 604 1657 650 et
1677 594 1910 650 modica

61 676 333 734 disseruit
357 677 601 731 decorus
630 669 839 730 habitu
860 718 876 742 ‚
922 684 978 728 et
1009 672 1225 746 ignotis
1254 669 1445 730 adhuc
1480 677 1748 733 moribus
1783 699 1910 735 cre-

58 763 167 818 bra
201 761 320 818 oris
353 758 618 816 confusio
650 778 758 833 pro
786 758 1070 814 modestia
1096 759 1504 834 accipiebatur.
1589 759 1908 820 Referente

58 838 304 904 Caesare
327 845 398 900 de
419 843 794 900 restituendis
814 839 1051 904 Galbae
1065 839 1396 900 honoribus
1425 846 1652 902 censuit
1670 844 1910 905 Curtius

60 930 416 999 MontanUS‚
481 941 548 986 nt
589 927 822 984 Pisonis
876 948 1112 1004 quoque
1162 929 1447 985 memoria
1499 930 1909 989 celebraretur.

58 1028 250 1091 patres
275 1026 592 1090 utrumque
619 1013 865 1068 iussere:
912 1014 983 1068 de
1006 1012 1228 1069 Pisone
1255 1014 1503 1070 inritum
1532 1015 1661 1072 fuit.
1749 1015 1910 1074 Tum

59 1112 214 1157 sorte
259 1100 453 1168 ducti,
517 1118 622 1173 per
671 1118 820 1174 quos
860 1099 1249 1155 redderentur
1284 1100 1442 1156 bello
1482 1108 1649 1176 rapta
1689 1102 1911 1180 quique

58 1205 190 1242 aera
238 1186 434 1258 legum
485 1193 768 1240 vetustate
819 1183 1053 1257 delapsa
1100 1197 1409 1241 noscerent
1450 1185 1809 1264 figerentque
1854 1201 1911 1245 et

58 1272 236 1329 fastos
329 1269 667 1326 adulatione
757 1279 1088 1344 temporum
1176 1270 1442 1327 foedatos
1529 1286 1915 1332 exonerarent

54 1472 151 1514 sqq.
184 1479 240 1490 —
299 1456 441 1498 Arrio
467 1455 623 1498 Varro
647 1455 717 1500 ed.
741 1455 858 1514 Spir.
890 1481 945 1490 —-
1019 1457 1130 1515 Reg.
1171 1465 1215 1524 et
1247 1458 1318 1501 ed.
1350 1449 1474 1516 Spir.
1505 1459 1663 1504 maluit
1707 1464 1909 1519 dilapsa.

53 1516 172 1557 Ario
199 1514 328 1556 Varo
362 1513 461 1556 edd.
485 1513 692 1556 Beroald.
728 1515 850 1567 (cum
886 1516 944 1558 si·
1018 1515 1133 1558 Illud
1167 1515 1264 1573 Bxp.
1297 1516 1455 1561 Oberl.
1490 1534 1591 1576 sqq.
1626 1519 1907 1574 benet-esti·-

1016 1580 1213 1616 tuerunt.
1277 1573 1335 1618 cf.
1359 1582 1454 1617 not.
1478 1576 1532 1618 ad
1557 1577 1646 1620 An.
1667 1579 1707 1629 4,
1731 1578 1801 1621 43.

52 1571 160 1614 lent.
189 1571 318 1626 Viet.)
340 1571 441 1613 Ale.
464 1570 606 1613 Rhen.
637 1570 737 1612 Ald.
765 1572 943 1628 Micyll.

49 1630 169 1686 Lips.
195 1627 327 1673 Grut.
388 1626 494 1669 Vid.
528 1644 661 1684 supra
697 1637 795 1672 not.
856 1629 941 1673 Ed.

50 1687 166 1743 Spir.
193 1686 308 1728 male
335 1685 594 1742 coniungit:
624 1685 760 1726 miles
781 1687 829 1726 in
846 1689 936 1742 Sy·-

50 1745 200 1785 riam:
231 1744 431 1786 remissa
450 1749 588 1796 parte
616 1745 861 1787 exercitus.

104 1814 359 1854 turbidum.
420 1810 503 1854 Ed.
526 1810 627 1868 Spir
654 1812 843 1855 turbidi.

101 1884 221 1926 redit
254 1883 359 1924 urbi
387 1895 475 1924 sua
496 1882 666 1936 forma
700 1890 787 1926 ete.

865 1883 940 1927 Sic

1072 1639 1115 1672 et
1127 1630 1306 1684 fastos.
1365 1631 1443 1675 Sic
1473 1632 1607 1676 MSS.
1633 1634 1670 1677 F
1674 1637 1756 1679 lor.
1791 1638 1909 1690 (test,

1011 1686 1295 1743 Pieh.)vBud.
1321 1689 1422 1732 edd.
1447 1689 1572 1734 Pieh.
1594 1690 1711 1750 Lips.
1737 1694 1905 1750 (1607)

1052 1758 1231 1843 ernegg.
1281 1769 1339 1778 —-
1408 1751 1572 1802 etqui
1597 1748 1764 1804 fastos
1804 1752 1908 1798 edd.

1012 1802 1128 1860 Spir.
1195 1811 1252 1846 ut.
1274 1804 1339 1846 M.
1364 1811 1407 1845 et
1421 1803 1590 1848 V.Ber.
1615 1808 1736 1861 (cum
1760 1808 1904 1855 silent.

1012 1859 1146 1915 vict.)
1181 1875 1277 1917 sqq.
1322 1861 1376 1903 ad
1423 1861 1684 1907 Pichenam.
1732 1888 1792 1900 --
1861 1876 1907 1909 et

45 1941 180 1983 Mss
208 1938 360 1982 Guelf.
393 1938 515 1981 uari.
542 1938 674 1982 Bodi.
706 1939 792 1982 ies.
823 1940 936 1983 eud.
998 1918 1158 1973 s⁰²⁸⁰⁸
1185 1917 1454 1962 MS·Gue¹f·
1519 1919 1730 1966 Ceterum
1744 1925 1905 1980 fastos

46 1998 151 2041 edd.
172 1997 275 2040 Put.
302 2013 396 2054 sqq.
426 1997 547 2051 (cum
574 1996 750 2039 silentio
776 1996 934 2042 Victo-

46 2056 136 2110 rii).
220 2055 282 2099 At
321 2053 392 2097 ed.
438 2054 554 2111 Spir.
595 2057 806 2096 redditur
847 2070 937 2098 sua

32 2112 207 2169 forma
264 2114 436 2165 legibus
497 2118 541 2152 et
598 2113 769 2154 muniis
824 2129 932 2154 ma·-

41 2173 284 2224 gislruum.
363 2167 527 2210 Eadem
579 2167 734 2210 insunt
787 2169 933 2214 codici

42 2228 149 2284 Reg.
164 2257 176 2274 ‚
208 2226 373 2268 omisso
398 2225 539 2269 verbo
559 2228 787 2269 redditur.

99 2296 209 2340 (ΞΜ).
243 2296 314 2338 40.
376 2293 480 2352 Quo
517 2297 607 2339 dle.
679 2295 755 2339 Sic
797 2296 933 2341 MSS.

43 2353 192 2397 Guelf.
222 2353 333 2396 Bud.
356 2353 508 2396 ed‹l.S
544 2351 595 2395 ir.
622 2352 723 2394 Put.
750 2354 818 2396 M.
847 2355 931 2397 Be-

39 2410 183 2454 roald.
206 2413 332 2466 (cum
353 2409 498 2453 silent.
557 2409 650 2463 iet.)
669 2409 810 2453 Rben.
830 2411 932 2457 Ald.

41 2484 137 2526 sqq.
171 2491 227 2499 —
285 2483 378 2523 qua
400 2468 474 2509 die
498 2467 594 2510 edd.
619 2467 722 2511 Put.
740 2467 904 2513 V.A1e.

96 2543 154 2582 de
180 2539 407 2581 absentia.
476 2538 578 2581 MS.
607 2533 759 2583 Guelf.
790 2541 922 2585 omit·

37 2598 89 2641 tit
120 2612 270 2654 praep.
308 2599 381 2638 de.
461 2595 562 2638 MS.
595 2595 708 2640 Bud.
753 2601 810 2653 de
855 2614 926 2642 es-

36 2663 201 2698 sentia.

94 2711 278 2765 ignotis.
342 2709 479 2753 MSS.
503 2709 654 2754 Guelf.
681 2712 763 2756 les.
793 2715 926 2769 igno-

38 2776 127 2812 tus.

63 2823 306 2877 ‘int-itum.
398 2824 472 2867 Sic
510 2826 609 2870 MS.
652 2827 775 2871 Flor.
818 2836 928 2871 teste

39 2880 260 2926 Victorio.
320 2882 512 2924 irritum
536 2884 636 2927 MS.
653 2883 802 2929 Guelf.
826 2887 927 2930 edd.

38 2946 221 2983 veteres.

95 3003 194 3037 tum
226 3006 349 3039 sorte
385 2999 510 3039 ducti
539 3005 623 3041 etc.
683 2998 782 3042 MS.
808 3000 924 3044 Bud.

39 3063 138 3096 tum
158 3063 322 3106 rapta,
361 3054 520 3096 mediis
546 3055 737 3099 omissis.

95 3112 259 3166 quique
276 3127 406 3154 aera.
458 3112 540 3155 Ed.
557 3112 675 3169 Spir.
705 3129 783 3170 pro
810 3129 924 3157 aera

1010 1975 1284 2018 adulatione
1308 1976 1530 2031 foedatos
1562 1977 1794 2029 Ernestius
1827 1999 1904 2026 ex-

1007 2032 1165 2089 plicat:
1218 2032 1491 2090 „adscriptis
1534 2033 1781 2089 honeri—bus
1822 2055 1904 2098 per

1006 2089 1330 2141 adulationem,
1370 2091 1446 2148 qui
1473 2106 1565 2134 non
1591 2095 1905 2164 contingerent

1006 2146 1291 2189 hominibus:
1325 2148 1380 2190 de
1402 2163 1492 2206 quo
1517 2158 1560 2191 et'
1581 2152 1697 2208 apud
1721 2153 1902 2198 Cicero·

1007 2220 1115 2249 nem,
1135 2203 1402 2262 Biviunique
1426 2206 1713 2262 reperiuntur
1736 2227 1903 2269 quere-

1008 2262 1087 2304 lae.
1101 2260 1127 2277 ’⁹
1207 2261 1476 2305 Riekflefsius
1517 2265 1724 2323 intelligit
1765 2269 1902 2314 fastos

1005 2319 1264 2362 consulares
1286 2330 1327 2361 et
1346 2321 1632 2378 triumphales
1653 2324 1761 2377 (Liv.
1774 2327 1815 2376 9,
1831 2329 1897 2370 18.

1006 2377 1101 2418 Cic.
1116 2376 1227 2418 Phil.
1241 2378 1280 2427 2,
1293 2377 1378 2432 34.)
1394 2387 1631 2436 censetque
1644 2381 1898 2429 adulatione

1004 2441 1260 2489 temporum
1293 2433 1432 2477 multa
1460 2434 1593 2479 inlata
1615 2437 1753 2483 fuisse
1778 2441 1900 2486 hisce

1002 2489 1148 2538 fastis,
1204 2506 1315 2547 quae
1356 2502 1610 2536 memoratu
1651 2511 1746 2539 non
1792 2501 1898 2544 satis

1004 2545 1136 2603 digna
1177 2563 1259 2590 nec
1296 2546 1406 2590 laeta
1445 2549 1492 2591 in
1530 2567 1626 2594 rem
1669 2554 1894 2611 publicam

1001 2604 1184 2646 fuerint.
1246 2604 1435 2647 Fallitur
1472 2615 1676 2667 uterque.
1739 2611 1896 2671 Cogita

1001 2662 1148 2717 potius
1169 2661 1222 2703 de
1249 2660 1368 2705 ludis
1388 2664 1613 2721 sacrisque
1638 2683 1717 2725 per
1736 2670 1893 2717 adula-

998 2719 1169 2760 tionem
1189 2727 1443 2775 temporum
1468 2721 1656 2767 decretis
1677 2729 1895 2773 constitu·

1000 2777 1144 2832 tisque
1207 2775 1250 2817 in
1315 2776 1532 2820 honorem
1591 2781 1893 2838 pessimorum

1001 2848 1181 2890 quoque
1223 2848 1246 2873 e
1283 2833 1450 2877 familia
1486 2835 1698 2883 Caesarea
1739 2841 1892 2887 homi-

1001 2903 1137 2938 num,
1179 2905 1348 2947 perque
1378 2907 1520 2936 annos
1552 2895 1828 2944 celebrandis
1848 2913 1893 2947 et

999 2947 1102 2989 ideo
1128 2947 1176 2988 in
1201 2946 1337 2992 fastos
1359 2949 1508 2993 relatis
1538 2952 1716 3010 (οἷ-ΑΒ.
1734 2959 1890 3016 1,15.),

1000 3019 1087 3046 nec
1110 3019 1201 3046 non
1227 3006 1280 3047 de
1306 3004 1400 3049 aliis
1422 3007 1528 3051 varii
1553 3008 1726 3067 gerici-is
1747 3025 1889 3059 muta-

996 3061 1222 3110 tionibus,
1267 3077 1373 3118 quas
1396 3065 1630 3110 servitium
1655 3068 1779 3116 fastis
1810 3092 1890 3131 pe-

996 3126 1172 3174 pererat
1211 3119 1288 3171 (cf.
1327 3121 1414 3162 An.
1454 3112 1520 3171 16,
1559 3125 1626 3167 12.
1667 3136 1710 3170 et
1745 3131 1886 3183 alibi).

36 3170 120 3212 fert
144 3183 248 3215 era,
274 3169 392 3211 unde
411 3169 585 3211 videtur
608 3179 808 3212 exortum
832 3188 923 3215 esse
995 3175 1175 3231 Quibus
1217 3178 1428 3220 oneribus
1473 3174 1752 3242 mdculisque
1796 3187 1885 3232 iam

35 3227 194 3270 vitium
240 3226 372 3268 codd.
413 3225 587 3275 Guelf.,

35 3290 196 3329 erant,
234 3282 372 3331 Eud..
403 3283 448 3324 in
474 3299 565 3339 quo
584 3293 686 3325 erat
714 3284 891 3343 legitur.

88 3343 292 3392 delapsa.
353 3339 427 3383 Sic
458 3339 588 3382 MSS.
616 3341 767 3385 Guelf.
798 3343 921 3387 Harl.

34 3396 160 3439 Bodl.
195 3397 270 3439 les,
296 3396 408 3438 Bud.
447 3398 546 3439 edd.
571 3397 670 3440 Pus.
698 3399 763 3442 M.
789 3409 830 3442 et
860 3400 914 3444 V.

33 3451 238 3495 Beroald.
262 3452 382 3508 (cu'm
411 3455 556 3498 silent.
585 3455 717 3511 Vici.)
741 3473 835 3515 sqq.
860 3459 912 3501 ad

30 3509 282 3553 Ernestium
297 3538 312 3568 ἠ
331 3512 405 3568 qui
432 3526 533 3553 cum
550 3511 755 3556 lla-oterio
772 3532 795 3556 e
810 3516 911 3558 MS.

675 3228 751 3286 qui
792 3228 922 3273 habet
991 3231 1091 3273 fasti
1141 3241 1265 3275 erant
1315 3233 1551 3282 liberandi.

1638 3243 1883 3300 Aptissime

990 3289 1126 3345 igitur
1164 3289 1272 3332 haec
1298 3291 1540 3336 cohaerent
1566 3313 1668 3340 cum
1693 3301 1745 3343 iis
1771 3319 1884 3360 quae

990 3356 1262 3402 sequuntur:
1296 3353 1573 3407 modumque
1592 3360 1780 3407 publicu»¹
1800 3362 1883 3401 im-

984 3405 1142 3456 pensis
1153 3405 1384 3457 facerent.
1456 3412 1458 3418 ’

1042 3471 1380 3506 exonerarent.

1455 3465 1556 3508 MS.
1591 3466 1743 3514 Gueif.
1779 3471 1880 3516 edd.

985 3516 1084 3560 Pul.
1112 3517 1177 3560 M.
1206 3526 1242 3561 et
1273 3518 1325 3561 V.
1357 3524 1718 3569 exlzonerarent.
