2138 4030
220 241 346 302 490

711 292 725 299 -
792 192 1553 300 HISTORIARfft-JM‘

1778 239 1827 276 A.
1841 241 1892 278 U.
1905 242 1991 277 824.

1777 284 1828 318 A.
1846 284 1895 320 C.
1918 287 1990 322 71.

202 379 645 446 exspectarent,
715 370 1013 445 utrimque
1063 367 1349 439 deserti,--
1383 370 1720 429 etzsihimet
1758 375 1896 431 duci
1942 395 2075 433 coe-

217 456 354 513 lesti
408 455 741 525 crederent,
813 455 1007 530 primo
1066 453 1234 509 euius
1283 454 1504 512 auxilio
1556 459 1858 516 credentes
1896 462 2074 536 ¹prae*-

216 539 399 598 sentis
436 539 702 596 miserias
735 539 1114 615 pepulissent.

1211 534 1544 599 Adsensere
1588 553 1763 620 atque
1804 545 2076 604 omnium

214 625 410 702 ignari
441 625 752 683 fortuitum
786 625 898 680 iter
931 622 1250 698 incipiunt.
1338 623 1455 682 Sed
1493 623 1647 683 nihil
1685 644 1870 706 aeque
1897 645 2075 708 quam

268 871 519 927 utrimque.
577 866 653 911 Sic
674 862 813 908 MSS.
835 863 946 922 Reg.
965 863 1109 908 Corb.

185 952 188 953 ⁷
215 930 328 989 Agr.
351 923 456 972 edd.
477 927 508 970 S
542 924 596 967 ir.
622 920 767 981 Ryck.
793 921 882 965 Iac.
904 921 1109 965 Gronov.

216 1003 317 1047 sqq.
386 985 440 1028 In
526 983 571 1026 S.
597 979 724 1023 Flor.
752 979 884 1022 huius
911 978 1007 1022 folii
1031 978 1107 1021 lit-

214 1055 335 1089 terae
368 1039 698 1089 evanescebant
730 1045 842 1079 teste
865 1037 954 1081 Iac.
981 1035 1108 1080 Gro-

214 1102 374 1148 novio.
433 1099 485 1141 ld
509 1105 660 1139 tamen
686 1095 925 1153 apparebat
957 1111 1104 1140 vocu-

211 1162 280 1205 lae
300 1161 358 1202 ab
383 1155 561 1200 nullum
588 1168 682 1196 esse
699 1151 959 1209 vestigium,
990 1154 1110 1195 unde

209 1219 299 1262 lae.
325 1214 530 1259 Gronov.
560 1211 696 1254 fuisse
721 1218 765 1252 et
785 1209 848 1252 ibi
878 1213 1110 1266 utrimque

211 1273 466 1331 colligebat.
525 1268 755 1312 Victorius
785 1266 1006 1311 intactum
1037 1283 1104 1310 re-

210 1332 344 1389 liquit
366 1331 425 1371 ab
449 1328 680 1382 utrisque,
745 1325 836 1367 uod
862 1325 1024 1383 legitur
1057 1324 1104 1367 in

209 1389 346 1433 MSS.
371 1385 523 1430 Guelf.
552 1383 693 1427 Harl.‘
752 1381 844 1426 odl.
880 1382 966 1426 les.
1004 1382 1104 1425 edd.

207 1444 388 1491 Puteol.
413 1459 512 1502 sqq.
535 1442 590 1485 ad
613 1439 854 1501 Ryckium.
884 1465 942 1475 -
1000 1439 1102 1484 MS.

173 1554 175 1556 ,
207 1504 335 1548 Βιιό.’
381 1503 590 1558 utrisque
641 1500 810 1556 absque
868 1498 1102 1557 praeposi-

208 1573 351 1608 tione.

267 1685 313 1722 et
354 1677 534 1720 sibimet
569 1674 676 1716 duci
716 1686 770 1715 eo
798 1672 909 1714 lesti
944 1673 1105 1713 erede-

204 1743 336 1786 rent,
364 1735 525 1790 primo
551 1733 680 1774 cuius
703 1745 767 1771 au
808 1730 884 1771 ilio'
909 1732 1102 1772 creden-

206 1805 278 1840 tes
319 1791 588 1849 praesentis
636 1788 854 1830 miserias
895 1788 1106 1842 pepulis-

207 1859 329 1897 sent.
391 1850 467 1893 Sic
485 1847 622 1892 MSS.
633 1846 754 1890 Flor.
769 1846 896 1901 (teste
908 1843 1104 1902 Ryckio)

205 1912 317 1967 Reg.
355 1907 426 1951 ed.
447 1906 597 1964 Spir.;
653 1904 712 1947 ita
745 1911 789 1946 et
821 1900 1016 1945 Orosius
1054 1902 1103 1944 in

204 1971 274 2014 ed.
309 1965 574 2024 Augustana
612 1961 737 2005 1471.
772 1963 912 2016 (teste
947 1959 1102 2002 Ober-

202 2028 345 2081 lino),
388 2022 562 2079 egregia
595 2017 838 2069 sententia,
877 2017 953 2060 sed
990 2033 1103 2075 quae

201 2089 502 2140 interpretum
539 2084 741 2121 mentem
782 2075 928 2119 adhuc
970 2074 1102 2132 fugit.

206 2144 361 2201 Quare
386 2137 490 2182 inde
514 2153 538 2180 a
563 2131 817 2177 Puteolano
845 2131 1103 2175 maluerunt

203 2199 477 2257 scripturam
510 2192 707 2237 aliorum
737 2189 948 2233 codicum
974 2189 1100 2245 sequi

203 2266 280 2304 aut
302 2255 512 2302 virorum
534 2251 774 2293 doctorum
801 2247 1100 2290 coniecturas.

202 2317 411 2371 Namque
448 2307 581 2352 MSS.
615 2305 768 2349 Guelf.
803 2303 929 2346 Harl.
963 2302 1099 2346 Bodl.

202 2376 283 2418 les.
319 2367 421 2414 edd.
452 2365 633 2408 Puteol.
665 2379 763 2421 sqq.
795 2361 986 2407 habent:
1018 2364 1104 2403 sed

202 2432 408 2477 sibimet,
462 2430 515 2465 ut
547 2422 657 2465 duci
682 2421 890 2470 coelesti,
940 2421 1104 2460 crede-

204 2495 338 2536 rent,
365 2483 523 2539 primo
547 2481 678 2523 cuias
703 2477 885 2545 auxilio
916 2479 1103 2543 ereden-

207 2555 301 2597 tes,
327 2546 609 2599 praesentes
648 2538 864 2578 misertas
891 2535 1101 2588 pepulzs-

203 2611 319 2649 sent.
379 2599 480 2642 MS.
507 2596 648 2640 Corb.
670 2596 724 2637 ni
740 2594 938 2635 sibimet.
999 2591 1100 2634 MS.

204 2664 318 2721 Agr.
358 2665 409 2701 ut
449 2655 636 2698 sibimet
673 2651 781 2694 duci
811 2649 971 2692 celesti
997 2663 1098 2715 cre:

203 2724 384 2764 derent.
445 2711 651 2757 Secunda
677 2724 837 2752 manus
854 2722 939 2765 pro
965 2713 1015 2747 ut
1038 2707 1101 2748 1b1

203 2772 443 2831 adscripsit
469 2777 527 2813 et.
591 2767 722 2823 Quae
740 2775 943 2808 veterum
965 2762 1100 2806 libro-

203 2851 307 2879 rum
341 2830 476 2873 verba
510 2842 650 2885 quum
682 2823 952 2870 viderentur
988 2820 1099 2886 vitio

205 2893 445 2938 laborare,
480 2889 768 2928 accesserunt
802 2879 946 2921 variae
980 2893 1100 2923 viro-

206 2966 309 2994 rum
333 2947 574 2988 doctorum
602 2941 904 2984 coniecturae.
966 2936 1100 2979 Sche-

206 3007 293 3051 lius
318 3001 536 3048 coniecit:
569 3002 784 3040 adessent
810 2996 1021 3036 sibimet.-
1051 3000 1102 3035 ut

206 3064 317 3110 duci
372 3059 562 3103 coelesti
613 3057 876 3102 crederent,
945 3053 1100 3105 primo

207 3122 334 3166 cuius
368 3126 455 3160 etc.
526 3115 563 3157 l.
599 3113 687 3156 Fr..
712 3109 996 3154 Gronovius:
1049 3122 1100 3150 se

205 3181 411 3224 sibimet,
442 3180 511 3223 et,
542 3180 591 3213 ut
623 3172 733 3212 duci
758 3167 968 3220 coelesti,
999 3181 1100 3208 cre-

204 3240 372 3280 derent
395 3232 551 3288 primo
566 3259 578 3277 ,
610 3232 738 3270 cuius
757 3224 937 3267 auxilio
956 3238 1101 3279 prae-

207 3300 365 3339 sentes
386 3298 471 3333 etc.
521 3284 776 3329 issrnestius:
802 3285 885 3324 sed
903 3281 1100 3328 sibimet,

209 3361 252 3395 et
275 3357 325 3394 ut
348 3347 455 3391 duci
483 3342 673 3387 coelesti
704 3344 973 3390 crederent,
998 3340 1098 3394 pri-

206 3425 286 3453 mo
309 3408 439 3449 cuius
461 3411 562 3451 etc„
589 3398 678 3442 vel:
712 3402 796 3441 sed
814 3399 1021 3444 sibimet,
1051 3403 1102 3438 ut

207 3466 318 3510 duci
346 3462 534 3506 coelesti
562 3461 827 3504 crederent,
876 3463 921 3496 et
946 3457 1102 3510 primo

210 3525 339 3567 cuius
354 3529 451 3569 etc„
479 3518 548 3563 vel
573 3531 678 3559 cum
693 3511 952 3556 Groslotioz
978 3512 1103 3554 cuius

206 3584 363 3638 primo
378 3576 573 3622 auxilio.
596 3569 959 3618 Freinshemius:
978 3570 1104 3612 cuius

1181 866 1392 909 consilio.
1477 867 1733 926 Bipontini:
1771 874 1858 914 sed
1890 871 2074 914 sibimet

1183 932 1486 979 quaerentes,
1517 933 1568 967 ut
1602 929 1713 970 duci
1735 930 1942 978 coelesti,
1973 929 2074 971 cre-

1180 985 1348 1023 derent
1366 983 1523 1035 primo
1535 1016 1547 1034 ,
1577 985 1705 1026 cuius
1727 987 1913 1028 auxilio
1929 997 2076 1040 prae-

1180 1046 1342 1081 sentes
1363 1040 1577 1082 miserias
1589 1043 1888 1094 pepulissent.
1928 1043 2073 1087 Ober-

1180 1095 1299 1139 linus
1327 1096 1487 1139 edidit:
1517 1102 1601 1139 sed
1617 1099 1730 1151 sibi,
1763 1108 1816 1141 ut
1841 1103 1949 1143 duci
1966 1115 2074 1143 coe—

1180 1155 1293 1195 lesti
1311 1157 1574 1206 crederent,
1600 1156 1757 1210 primo
1779 1158 1906 1200 ouius
1929 1159 2073 1200 auxi-

1180 1211 1245 1253 lio
1277 1219 1555 1266 praesentes
1601 1214 1819 1258 miserias
1861 1217 2074 1268 pepulise

1178 1277 1308 1320 sent,
1358 1277 1531 1312 resecta
1573 1270 1792 1327 particula
1845 1280 1962 1324 met,
2014 1288 2072 1317 ne

1176 1324 1259 1384 ipsi
1290 1325 1464 1374 ludaei,
1502 1326 1579 1370 sed
1617 1337 1662 1371 ut
1688 1329 1869 1384 Moyses
1898 1329 2074 1388 signifi-

1177 1391 1327 1434 cetur,
1356 1385 1628 1442 expulsoque
1656 1386 1792 1429 verbo
1831 1391 2074 1436 eredentes

1175 1448 1226 1483 ut
1259 1440 1434 1499 spurio.
1509 1441 1598 1492 Sed
1643 1459 1811 1502 quaero
1839 1445 2071 1501 quomodo

1175 1498 1361 1556 Moyses
1391 1514 1438 1541 se
1477 1499 1636 1542 ducem
1671 1502 1909 1545 coelestem
1938 1502 2000 1557 (h.
2026 1518 2069 1547 e.

1176 1573 1202 1600 a
1237 1556 1322 1599 diis
1352 1555 1558 1612 missum)
1604 1558 1801 1614 potuerit
1835 1567 2070 1611 ostentare,

1176 1621 1415 1673 postquam
1441 1622 1695 1668 monuerat,
1724 1631 1780 1659 ne
1803 1631 1938 1674 quam
1964 1617 2069 1660 deo·

1176 1687 1283 1715 rum
1315 1686 1448 1729 opem
1483 1680 1801 1729 exspectarent.
1857 1673 1922 1717 lta
1951 1673 2071 1720 haud

1177 1728 1325 1772 dubie.
1343 1728 1429 1771 sibi
1450 1743 1500 1770 re
1533 1744 1560 1771 u
1596 1738 1688 1772 nat.
1747 1729 1926 1774 Deinde
1949 1731 2072 1788 quod

1175 1788 1232 1832 sit
1256 1785 1456 1844 primum
1482 1786 1494 1828 i
1518 1744 1595 1838 lui}
1624 1787 1866 1840 auxilium,
1900 1787 1956 1832 de
1979 1804 2069 1846 quo

1175 1843 1406 1903 loquitur,
1447 1859 1543 1886 non
1574 1843 1768 1894 invenio.
1849 1845 2071 1891 Referunt

1175 1901 1291 1945 illud
1333 1899 1548 1944 auxilium
1588 1901 1643 1944 ad
1683 1918 1815 1961 opem
1847 1919 1872 1946 a
1906 1903 2069 1962 Moyse

1175 1958 1433 2019 praestitam
1461 1959 1506 2002 in
1518 1958 1729 2017 Aegypto
1750 1960 1858 2004 etin
1880 1960 2068 2009 transitu

1175 2018 1310 2061 maris
1348 2014 1490 2059 rubri.
1548 2017 1612 2060 At
1645 2026 1742 2062 tum
1762 2016 1949 2062 -Tacitus
1974 2035 2067 2063 non

1174 2074 1421 2132 scripsisset
1437 2075 1623 2129 primo,
1653 2076 1730 2117 sed
1743 2079 1922 2130 priore.
1973 2075 2067 2119 Iam

1174 2148 1280 2175 vero
1335 2132 1389 2174 de
1439 2131 1590 2188 priore
1634 2130 1788 2191 aliquo
1833 2130 1999 2176 auxilio
2044 2149 2067 2179 a

1174 2190 1336 2246 Moyse
1350 2187 1440 2230 suis
1466 2189 1680 2244 praestito
1704 2189 1814 2232 nihil
1835 2191 2067 2248 hucusque

1174 2245 1356 2289 Tacitus
1397 2245 1528 2287 dixit:
1574 2261 1711 2302 quare
1752 2247 1957 2305 ineptum
2004 2256 2068 2292 est

1174 2304 1383 2361 Moysern
1408 2302 1670 2360 loquentem
1701 2303 1757 2346 de
1789 2303 1869 2348 illo
1902 2304 2065 2348 auxilio

1174 2359 1344 2404 induci.
1424 2358 1678 2403 Redeamus
1718 2360 1854 2419 igitur
1893 2362 1947 2406 ad
1989 2379 2067 2406 ve-

1175 2426 1323 2460 terum
1345 2417 1579 2460 ·iibrorum
1611 2417 1898 2476 scripturam.
1971 2419 2068 2473 Va-

1174 2476 1295 2518 riant
1327 2475 1445 2517 inter
1477 2483 1524 2517 et
1545 2483 1588 2518 et
1609 2479 1716 2518 sed:
1747 2491 1852 2519 nam
1879 2493 2066 2521 sexcen-

1175 2533 1256 2576 ties
1290 2531 1352 2575 ita
1393 2535 1478 2576 sed
1518 2547 1601 2589 pro
1639 2539 1685 2574 et
1715 2549 1765 2576 ex
1795 2535 2066 2581 emendandi

1172 2590 1320 2634 studio
1374 2588 1674 2634 substituitur.
1767 2590 1828 2634 cf.
1871 2600 1968 2635 not.
2009 2593 2063 2636 ad

1173 2648 1263 2692 An.
1293 2649 1333 2700 1,
1358 2648 1427 2691 13.
1491 2647 1665 2692 Omnes
1700 2649 1989 2693 consentiunt
2018 2650 2064 2692 in

1171 2706 1381 2754 sibimet,
1412 2714 1461 2748 ut
1484 2705 1653 2763 cogites
1678 2705 1731 2748 de
1753 2705 1860 2764 ipsis
1876 2705 2064 2756 Iudaeis,

1171 2777 1268 2806 non
1290 2762 1346 2805 de
1366 2763 1544 2823 Moyse.
1602 2761 1792 2805 Sibimet
1822 2767 2065 2808 crederent

1171 2820 1215 2863 h.
1239 2836 1275 2864 e.
1305 2820 1353 2862 in
1383 2836 1430 2864 se
1460 2821 1473 2863 i
1510 2821 1565 2863 sis
1589 2827 1813 2880 ponerent
1834 2819 2064 2866 fiduciam.

1174 2877 1232 2921 cf.
1269 2876 1409 2921 Ovid.
1491 2885 1623 2920 etam.
1656 2878 1721 2928 11,
1744 2877 1840 2920 108.
1871 2882 1954 2922 vix
1981 2881 2071 2924 sibi

1171 2938 1378 2982 credens.
1452 2935 1563 2977 Nam
1598 2936 1668 2978 cui
1706 2934 1819 2978 nihil
1853 2936 1956 2994 opis·
1985 2953 2065 2980 ex—

1172 2993 1466 3050 spectandum
1511 2992 1700 3037 deorum
1750 2992 2063 3048 hominumve,

1172 3052 1211 3093 ei
1238 3049 1349 3092 nihil
1375 3049 1494 3093 aliud
1519 3049 1743 3106 reliquum
1771 3059 1836 3093 est
1857 3067 1989 3108 quam
2015 3062 2064 3096 ut

1171 3108 1347 3151 sibimet
1385 3107 1555 3156 credat,
1591 3124 1613 3149 a
1647 3123 1693 3150 se
1719 3106 1816 3165 ipso
1850 3109 2061 3154 auxilium

1173 3173 1407 3223 exspectet.
1482 3165 1603 3207 Dux
1639 3167 1848 3209 coelestis
1881 3174 1947 3209 est
1979 3167 2063 3220 sol,

1172 3225 1245 3267 lux
1277 3221 1455 3265 diurna.
1514 3221 1630 3264 Nam
1658 3222 1810 3265 ludaei
1842 3238 1922 3280 per
1957 3225 2064 3270 haec

1172 3279 1420 3324 incitantur
1440 3278 1493 3322 ad
1517 3279 1946 3337 peregrinationem,
1975 3299 2061 3339 qua

1172 3352 1316 3381 novas
1380 3343 1563 3380 uaerant
1596 3336 1744 3380 sedes=
1784 3336 1898 3381 duce
1929 3340 2065 3397 igitur

1169 3395 1250 3438 illo
1273 3353 1455 3437 codiesti
1483 3409 1595 3452 opus
1621 3398 1710 3443 est.
1737 3394 1816 3453 qui
1846 3405 2065 3441 monstret

1174 3452 1274 3495 iter.
1357 3451 1431 3494 Ad
1466 3453 1602 3496 verba
1633 3454 1748 3494 duce
1779 3455 1966 3495 coelesti
1992 3455 2062 3497 in-

1174 3509 1323 3567 tellige
1356 3524 1434 3557 eo,
1480 3509 1601 3566 quod
1635 3509 1697 3551 ob.
1725 3524 1914 3566 sequens
1942 3515 2066 3556 cuens

1177 3566 1416 3611 omittitur.
1492 3566 1704 3609 Primum
1737 3568 1967 3612 auxilium
2001 3579 2063 3613 est

2114 3715 2126 3722 „-

2082 3730 2107 3742 A
