2138 4030
209 207 262 242 A.
280 191 333 243 U.
351 206 436 244 823.

209 253 261 288 A.
280 250 327 286 e.
373 250 432 283 το.

619 207 796 271 LIB.
834 209 938 269 IV.
1019 202 1216 271 CAP.
1248 207 1349 272 34.
1384 210 1483 273 35.
1852 216 1981 278 409

125 343 202 399 ad
240 339 634 418 ordinandam
670 326 855 395 aciem
892 349 1059 413 capto
1094 338 1481 417 incompositi
1514 341 1768 420 fessique
1803 365 1982 422 prpe...

102 427 275 484 rlium
324 444 640 500 sumpsere.
749 443 889 480 nam
922 421 1132 502 Civilis
1167 424 1371 482 aderat
1419 445 1546 507 non
1580 428 1781 488 minus
1817 431 1979 493 vitiis

123 507 386 569 hostium
423 529 600 586 quam
618 508 850 564 'virtute
887 503 1131 565 suorum
1164 510 1367 569 fretus,
1451 508 1632 568 Varia
1668 516 1825 589 apud
1847 514 1980 576 Ross

123 616 331 653 manos
356 597 595 657 fortuna
622 604 679 650 et
706 593 1180 650 seditiosissimus
1212 594 1458 671 quisque
1496 595 1760 669 ignavus,
1842 602 1980 678 qui-

127 683 265 738 dam
299 680 549 738 recentis
587 678 868 735 victoriae
903 686 1201 735 memores.
1229 680 1482 737 retinere
1516 681 1746 753 locum,
1800 685 1977 759 ferire

124 763 354 823 hostem
377 785 553 842 seque
585 774 642 820 et
678 764 980 838 proximos
1017 759 1271 822 hortari:
1328 775 1386 822 et
1421 766 1815 840 redintegrata
1855 773 1979 828 acie

123 848 344 908 manus·
365 851 442 907 ad
481 850 744 906 obsessos
782 850 1052 918 tendere,
1104 870 1179 905 ne
1214 850 1476 926 tempori>
1499 851 1781 912 deessent.
1877 854 1979 912 Illi

91 974 102 978 <
125 947 332 993 cuncta
372 955 404 991 e
437 935 625 991 muris
662 936 963 991 cernentes
1010 935 1288 992 omnihus
1332 936 1519 1010 portis
1561 954 1978 1014 prorumpunt.

125 1042 191 1078 ac
214 1022 366 1078 sorte
392 1018 599 1078 Civilis
628 1021 798 1094 lapsu
826 1019 961 1096 equi
985 1031 1311 1094 prostratus
1351 1021 1570 1079 credita
1592 1031 1712 1098 ‘per
1745 1034 1979 1082 utrum-

126 1127 239 1183 que
290 1106 607 1163 exercitum
654 1106 811 1160 fama
859 1104 1261 1161 vulneratum’
1289 1117 1391 1162 aut
1438 1106 1813 1184 interfectum
1862 1110 1979 1178 im-

122 1212 296 1267 mane
336 1203 625 1268 quantum
665 1190 785 1247 suis
826 1189 1062 1264 pavoris
1117 1202 1172 1248 et
1215 1186 1483 1248 hostibus
1525 1190 1840 1251 alacritatis
1882 1196 1980 1252 in-

128 1277 297 1336 didit.
1798 1292 1807 1299 ·
1880 1330 1884 1331 γ

291 1358 543 1420 XXXV.
628 1358 747 1416 Sed
801 1357 1031 1416 Vocula
1097 1360 1329 1416 omissis
1388 1362 1743 1435 fugientium
1801 1368 1978 1442 tergis

122 1447 346 1503 vallum
390 1457 698 1520 turresque
749 1455 1072 1504 castrorum
1116 1447 1393 1519 augebat,
1455 1458 1739 1525 tanquam
1775 1470 1978 1511 rursus

124 1532 419 1589 obsidium
447 1530 811 1600 immineret,
847 1541 1122 1604 corrupta
1149 1531 1365 1588 totiens
1391 1532 1639 1590 victoria
1669 1554 1797 1595 non
1827 1537 1976 1595 falso

125 1627 424 1692 suspectus
456 1616 681 1671 bellum
710 1615 906 1674 malle.
990 1611 1160 1671 Nihil
1200 1636 1383 1694 aeque
1423 1618 1707 1675 exercitus
1735 1633 1976 1693 ‘nostros

125 1723 302 1779 quam
342 1712 559 1774 egestas
598 1700 902 1775 copiarum
942 1700 1241 1774 fatigabat.
1326 1699 1753 1776 Impedimenta
1791 1707 1979 1782 legio-

125 1807 271 1844 num
307 1807 443 1844 cum
484 1785 714 1842 imbelli
747 1786 920 1842 turba
956 1783 1278 1842 Novesium
1312 1787 1523 1859 missa,
1576 1800 1645 1846 ut
1681 1790 1820 1848 inde
1857 1804 1978 1849 ter-

126 1871 299 1928 restri
362 1871 574 1927 itinere
641 1871 1007 1927 frumentum
1069 1866 1454 1930 adveherent:
1534 1894 1674 1931 nam
1727 1875 1976 1935 flumine

125 1955 322 2014 hostes
363 1957 758 2031 potiebantur.
863 1953 1135 2013 Primum
1174 1975 1384 2030 agmen
1430 1977 1701 2016 securum
1737 1960 1978 2020 incessit
2038 1950 2043 1957 ⁸

126 2043 395 2099 nondum
433 2041 570 2097 satis
602 2042 770 2096 firmo
802 2038 1009 2099 Civile.
1096 2042 1200 2117 qui
1234 2042 1341 2118 ubi
1374 2063 1579 2100 rursus
1616 2045 1825 2102 missos
1850 2045 1977 2105 No-

125 2129 353 2183 vesium
389 2128 840 2183 frumentatores
889 2127 1169 2202 datasque
1208 2127 1273 2182 in
1305 2128 1666 2201 praesidium
1705 2127 1974 2202 cohortes

126 2213 288 2270 velut
312 2211 499 2268 multa
531 2231 670 2287 pace
698 2211 931 2285 ingredi
955 2211 1205 2286 accepit,
1247 2232 1451 2269 rarum
1480 2216 1639 2290 apud
1667 2215 1832 2290 signa
1861 2219 1977 2274 mi..

182 2446 399 2489 victoriae
440 2458 685 2488 memores.

127 2505 384 2546 memoriae
407 2518 653 2546 memores.

183 2589 242 2616 ne
263 2577 463 2629 tempori
484 2577 712 2616 deessent.
748 2573 848 2618 MS.
862 2573 1014 2621 Guelf.

126 2647 185 2675 ne
207 2636 422 2675 deessent
445 2631 658 2685 tempori.

184 2711 352 2745 cuncta
379 2717 402 2743 e
425 2703 576 2744 muris
595 2710 847 2746 cernentes.
891 2702 1014 2746 llaec

126 2761 173 2804 in
196 2759 299 2804 MS.
324 2758 438 2806 Bud.
463 2774 555 2801 non
585 2758 811 2825 leguntur.

185 2832 239 2858 oc
251 2818 397 2872 sorte.
458 2815 542 2859 Ed.
567 2815 685 2873 Splr.
707 2818 942 2874 Adforte.

182 2876 373 2918 credita.
443 2871 520 2916 Sic
545 2873 681 2919 MSS.
724 2882 766 2917 et
802 2875 1014 2925 editiones

126 2940 236 2976 vett.
267 2947 319 2974 ac
350 2931 637 2974 recentiores.
659 2955 714 2965 --
774 2931 1015 2974 Rhenanus

128 2988 318 3031 malebat
333 2989 484 3038 edita;
503 2987 676 3045 Lipsius
690 2991 849 3032 dedica
868 2991 933 3032 vel
950 2992 1014 3031 di·

129 3049 255 3093 dita.
298 3053 345 3087 ut
374 3045 458 3087 An.
494 3047 560 3096 11,
586 3048 621 3088 1.
710 3047 796 3089 Sed
834 3048 892 3089 cf.
921 3055 1014 3090 not.

130 3103 183 3146 ad
218 3102 308 3146 An.
338 3101 473 3151 6,35.
508 3125 566 3134 -
625 3102 736 3145 Mox
767 3103 836 3146 ed.
873 3104 1014 3161 Spin:

128 3164 384 3202 immanem
416 3160 513 3202 suis
538 3175 771 3214 pauorem
793 3168 837 3204 et
868 3162 1013 3204 hosti-

127 3219 211 3260 bus
235 3217 534 3259 alacritatem
558 3218 741 3259 indidit.

186 3287 298 3338 ΟᾼΡ.
337 3284 406 3329 35.
466 3294 715 3344 turresque.
775 3288 858 3331 Ed.
892 3289 1013 3348 Spir.

129 3345 408 3400 turrz'mque.
471 3344 603 3386 Mox:
636 3348 667 3386 ἦ
677 3345 835 3401 falsos
855 3361 1012 3401 suspe-

129 3409 227 3444 ctos
261 3410 344 3459 pro
377 3416 469 3443 non
491 3401 626 3457 salso
658 3413 923 3457 suspectus;
973 3414 1014 3448 et

130 3460 198 3502 nil
217 3474 301 3516 pro
325 3460 454 3503 nihil.

187 3543 413 3579 securum.
476 3529 557 3576 Ed.
579 3528 696 3587 Spir.
719 3544 885 3574 secure.

766 2444 857 2489 Ed.
894 2444 1012 2503 Spir.

1144 2448 1373 2488 nondum.
1438 2447 1513 2491 Sic
1546 2447 1684 2492 MSS.
1707 2448 1829 2495 Flor.
1859 2450 1976 2506 (test.

1087 2502 1224 2558 Viet.)
1249 2502 1402 2547 Guelf.
1425 2505 1524 2548 edd.
1541 2507 1655 2564 Spin
1679 2507 1778 2551 Ale.
1801 2523 1899 2567 sqq.
1917 2537 1977 2548 --

1085 2565 1298 2603 nundum
1343 2562 1440 2606 edd.
1472 2562 1577 2607 Put.
1612 2564 1681 2608 M.
1721 2571 1765 2607 et
1798 2565 1854 2610 V.
1887 2566 1974 2610 Be-

1086 2618 1228 2660 roald.

1145 2676 1224 2730 qui
1242 2676 1323 2717 ubi
1336 2689 1502 2719 rursus
1523 2679 1705 2720 missos.
1753 2676 1830 2724 Sic
1842 2680 1977 2726 MSS.

1086 2733 1212 2776 Flor.
1250 2739 1367 2787 (test.
1399 2733 1519 2776 Vict.
1555 2750 1658 2777 cum
1691 2734 1836 2794 Pich.)
1867 2738 1976 2796 Agr.

1087 2790 1188 2832 edd.
1211 2790 1396 2833 Pichen.
1419 2789 1603 2834 Gruter.
1638 2791 1723 2846 (ibi
1758 2798 1977 2853 rursum)

1085 2847 1306 2905 Bernegg.
1333 2864 1430 2905 sqq.
1458 2871 1510 2882 -
1565 2850 1645 2905 qui
1662 2850 1767 2892 urbi
1784 2866 1977 2896 rursum

1087 2906 1255 2947 missos
1292 2904 1393 2948 MS.
1427 2904 1537 2962 Reg.
1571 2914 1614 2948 et
1653 2906 1723 2950 ed.
1754 2907 1874 2966 Spir.
1917 2933 1979 2944 --

1086 2964 1167 3018 qui
1196 2969 1360 3005 rursus
1391 2965 1557 3005 missos
1583 2962 1718 3007 MSS.
1744 2963 1893 3010 Guelf.
1933 2970 1975 3023 (a

1085 3020 1229 3077 prima
1253 3019 1408 3071 manu)
1433 3019 1555 3063 Harl.
1582 3020 1715 3065 Bodl.
1742 3022 1829 3067 Ies.
1858 3025 1973 3071 Bud.

1088 3076 1189 3118 cdd.
1226 3076 1330 3119 Put.
1367 3077 1433 3120 M.
1464 3086 1507 3120 et
1539 3078 1595 3120 V.
1632 3077 1836 3127 Beroald.
1867 3082 1972 3126 Alc.

1085 3132 1291 3177 Rhenan.
1326 3133 1458 3186 Ald.;
1502 3137 1701 3179 secunda
1733 3152 1892 3181 manus
1926 3138 1974 3182 in

1085 3190 1285 3247 margine
1307 3191 1408 3233 cod.
1424 3188 1574 3235 Guelf.
1600 3193 1768 3237 addidit
1795 3196 1975 3240 urbi.-

1087 3249 1171 3302 qm‘
1190 3255 1241 3288 ut
1260 3261 1434 3292 rursus
1454 3252 1623 3293 missos
1646 3250 1714 3292 ed.
1727 3251 1900 3308 Micyll.
1916 3277 1976 3286 —

1087 3305 1170 3360 qui
1183 3319 1393 3351 reversus
1412 3308 1576 3350 missos
1590 3306 1691 3349 edd.
1705 3305 1843 3365 Lipsii
1855 3341 1868 3360 ,
1901 3310 1974 3353 cui

1074 3371 1238 3406 ‘tamen
1291 3362 1430 3420 magis
1480 3364 1682 3421 placebat
1737 3365 1973 3424 scriptura,

1086 3434 1198 3477 quae
1219 3418 1352 3462 hodie
1381 3420 1605 3479 vulgatur.

1143 3479 1284 3519 velut.
1363 3476 1448 3520 Ed.
1485 3478 1602 3536 Spir.
1636 3479 1773 3522 vehit.

1089 3535 1362 3588 compositos
1384 3550 1466 3594 pro
1486 3536 1791 3588 compositu&

1863 3451 1974 3526 ΜόΧ
