2138 4030
1741 263 1792 300 Ax
1811 264 1968 303 αυτ,

1739 311 1791 344 Α.
1810 308 1861 360 c.
1909 303 1978 348 π,

850 349 863 372 x
945 336 957 352 2

192 400 250 445 et
284 388 509 445 crebris
551 407 659 464 per
700 384 957 447 hiemem
999 389 1295 448 imbribus
1329 393 1669 467 superfusus
1714 400 1909 459 amnis
1937 388 2052 476 'pa-

186 474 434 549 lustrem
468 470 874 553 humilemque
907 475 1163 531 insulam
1201 475 1267 531 in
1301 476 1511 534 faciem
1549 482 1740 555 stagni
1758 469 2052 560 opplevit.

186 576 295 616 nec
332 559 531 635 classis
569 572 672 617 aut
702 572 1060 618 commeatus
1095 560 1378 619 aderant:
1426 577 1728 643 castraque
1767 568 1837 629 in
1865 571 2074 646 plano-

185 644 296 702 sita
316 646 381 701 vi
406 646 672 703 fluminis
697 646 1142 705 differebantur.

189 728 192 730 ‘
353 729 576 788 XXIV.
619 729 887 789 Potuisse
922 743 1063 788 tunc
1086 731 1358 806 opprimi
1397 732 1656 806 legiones
1694 751 1750 796 et
1788 740 2046 799 voluisse

186 812 549 887 GermanOS,
596 818 696 873 sed
737 817 877 873 dolo
915 838 947 873 a
985 837 1044 873 se
1079 816 1259 872 flexos
1286 817 1602 892 imputavit
1625 821 1852 880 Civilis.
1937 847 2047 887 ne-

182 910 301 977 q'ue
336 898 614 959 abhorret
650 922 821 972 vem,
889 903 1128 979 quando
1162 902 1364 976 paucis
1396 915 1530 977 post
1563 906 1772 965 diebus
1817 911 2042 970 deditio
2096 890 2099 895 4

180 986 445 1045 insecuta
482 999 583 1044 est.
667 984 821 1043 Nam
845 985 1094 1046 Cerialis
1119 1006 1226 1062 per
1251 987 1509 1045 occultos
1535 993 1778 1050 nuntios
1803 993 2043 1054 Batavis

177 1092 413 1147 pacem,
453 1072 635 1130 Civili
661 1073 898 1128 veniam
924 1084 1222 1130 ostentans
1249 1070 1534 1131 Veledam
1559 1078 2042 1158 propinquosque

178 1159 491 1228 monebat,
531 1160 834 1215 fortunam
868 1159 1014 1216 belli
1054 1169 1141 1215 tot
1179 1158 1446 1214 cladibus
1484 1162 1789 1220 adversam
1823 1186 2044 1242 oppor-

166 1244 327 1300 'tuno
365 1244 826 1319 erga‘populum
863 1242 1206 1302 Romanum
1251 1244 1462 1301 merito
1509 1259 1756 1309 mutare.
1843 1271 2041 1310 caesos

180 1326 503 1399 Trever05‚
568 1341 832 1404 receptos
875 1327 1097 1398 Ubios,
1164 1340 1422 1402 ereptam
1473 1328 1711 1390 Batavis
1758 1337 2036 1410 patriam:

175 1433 370 1491 neque
417 1415 581 1472 aliud
625 1413 834 1471 Civilis
880 1415 1136 1473 amicitia
1181 1425 1486 1489 paratum,
1554 1439 1732 1494 quam
1772 1423 2038 1494 vulnera,

174 1500 371 1573 fugaS‚
427 1501 638 1557 luctus.
725 1501 990 1557 exsulem
1027 1521 1160 1556 eum
1197 1511 1252 1555 et
1291 1511 1581 1557 extorrem
1617 1505 2039 1580 recipientibus
2119 1511 2131 1521 '

176 1586 370 1642 oneri:
429 1597 486 1643 et
519 1587 657 1643 satis
693 1586 1048 1661 peccavisse,
1103 1585 1262 1662 quod
1291 1586 1506 1642 totiens
1528 1582 1810 1647 Rhenum
1842 1603 2037 1649 trans-

175 1672 530 1731 scenderint.
617 1672 669 1727 si
707 1672 851 1748 quid
881 1673 1037 1729 ultra
1071 1670 1429 1740 moliantur,
1491 1672 1631 1729 inde
1663 1674 1944 1733 iniuriam
1983 1691 2037 1736 et

175 1756 440 1832 culpam,
484 1754 628 1814 hinc
650 1758 942 1814 ultionem
973 1768 1028 1814 et
1058 1757 1198 1812 deos
1225 1756 1369 1811 fore.

347 1852 537 1912 XXV.
582 1850 993 1909 Miscebantur
1036 1853 1214 1907 minis
1257 1852 1562 1926 promissa.
1650 1866 1708 1911 et
1758 1877 2035 1916 concussa

176 1935 779 1996 Transrhenanorum
834 1939 948 1995 fide
1005 1938 1162 1995 inter
1209 1935 1463 1994 Batavos
1519 1960 1752 2016 quoque
1810 1962 2036 2002 sermo-

77 2124 81 2131 *
168 2098 264 2144 An.
290 2101 330 2148 1,
356 2098 424 2141 16.
448 2098 581 2154 flexo
613 2100 663 2141 in
694 2113 942 2155 vesperam
974 2099 1067 2142 die.

138 2155 268 2200 seio.
287 2172 374 2226 Rro
396 2155 547 2201 Caelio
576 2173 615 2201 c.
637 2157 709 2200 31..
744 2160 792 2200 in
823 2160 908 2200 Ῑιοσ
923 2156 1070 2212 flexu

165 2221 356 2258 aetatzs.

187 2271 189 2279 '
226 2273 399 2315 crebris
443 2287 531 2327 per
575 2271 777 2314 hiemem
826 2273 1066 2315 imbribus.

167 2330 244 2375 Sic
275 2330 375 2376 edd.
400 2329 587 2385 Bipont.
613 2329 771 2375 Oberl.
801 2345 851 2388 sq
886 2359 897 2372 .
932 2337 975 2372 et
1005 2329 1066 2371 ita

165 2388 252 2447 legi
269 2389 316 2431 in
330 2386 432 2432 cod.
443 2387 571 2431 Flor.
582 2395 766 2431 testatus
778 2397 842 2430 est
854 2345 1068 2444 liiyckiu&

125 2455 129 2462 '
167 2446 419 2491 taeen'tibus
459 2454 606 2489 tamen
650 2443 850 2487 Pichena
897 2452 940 2487 et
981 2443 1066 2488 lac.

169 2503 429 2550 Gronovio.
517 2503 611 2546 Iam
668 2517 778 2548 vero
832 2502 1065 2546 Victorius

159 2562 470 2619 puluialibus,
499 2560 624 2620 quod
645 2576 668 2603 e
690 2559 862 2603 mendo
886 2569 1066 2619 typogr.

164 2630 232 2664 est
262 2620 310 2663 in
347 2620 418 2664 ed.
447 2618 680 2669 Beroaldi,
733 2619 925 2661 correxit
962 2620 1065 2671 plu-

164 2674 388 2730 vialibus,
427 2678 490 2721 uti
522 2678 635 2720 solet
668 2676 892 2733 corrigere
918 2692 941 2718 e
963 2675 1064 2718 MS.

163 2735 292 2780 Flor.
329 2743 374 2779 et
402 2737 571 2780 crebris
595 2734 878 2790 pluvialibus
912 2733 1065 2776 imbri-

165 2796 250 2838 bus
289 2793 453 2842 habent
488 2793 593 2837 MS.
624 2790 773 2834 Guelf.
821 2791 923 2834 edd.
958 2790 1068 2834 Put.

163 2866 263 2911 sqq.
296 2851 351 2896 ad
376 2848 683 2910 *Bipominosj
749 2849 958 2892 Heinsius
998 2857 1065 2905 to-

161 2918 262 2956 tum
285 2909 438 2953 locum
462 2908 706 2966 refingehat
735 2908 783 2951 in
808 2908 931 2951 hunc
960 2922 1062 2948 mo-

167 2968 304 3012 dum:
337 2982 443 3010 cum.
469 2967 656 3009 interim
679 2966 821 3022 flexu
851 2964 1089 3008 autumni-

166 3018 361 3071 crebrae
396 3025 619 3078 pluviae.-
668 3031 711 3067 et
733 3024 934 3066 Vahalis
958 3023 1069 3077 ripis

167 3081 447 3141 superfusus
486 3083 643 3124 amnis
679 3084 945 3136 palustrem
984 3083 1068 3122 hu-

169 3144 423 3197 mitemque
490 3141 702 3183 insulam
774 3140 823 3181 in
888 3138 1068 3195 faciem

169 3199 332 3255 stagni
353 3198 568 3254 opplevit.
993 3229 996 3231 .

102 3311 104 3314 Ι
229 3257 572 3312 differebantur.
628 3254 739 3299 -Sic
789 3253 893 3299 MS.
948 3252 1065 3295 Bud.

173 3314 274 3360 edd.
304 3314 508 3357 Rhenan.
539 3328 636 3369 sqq.
678 3336 735 3345 —-
795 3311 1068 3366 desereban-

175 3384 255 3418 tur
288 3370 424 3415 MSS.
460 3369 615 3413 Guels.
650 3370 774 3413 Harl.
808 3367 943 3415 Bodl.
986 3368 1068 3409 les.

175 3432 278 3475 edd.
291 3429 394 3472 Put.
408 3427 615 3471 Beroald.
629 3428 751 3482 (cum
778 3426 922 3470 silent.
935 3424 1072 3482 Vici.)

176 3490 281 3534 Ale.
342 3486 429 3530 Sed
464 3493 658 3543 praestat
689 3493 863 3540 recepta
897 3499 920 3526 a
948 3483 1070 3525 Rhe-

174 3562 295 3592 nano
340 3543 576 3602 scriptura.
632 3541 692 3590 es.
724 3538 885 3584 Vellei.
921 3542 963 3590 2,
998 3542 1072 3583 79.

174 3611 362 3659 partem
387 3603 551 3646 classis
577 3603 808 3645 maiorem
840 3603 904 3643 vis
928 3598 1080 3656 Africi

1140 2098 1368 2140 laceravit
1388 2113 1443 2139 ac
1468 2099 1661 2142 distulit.
1721 2099 1877 2145 Horat.
1902 2118 1973 2161 ep.
1997 2106 2039 2147 5·

1140 2157 1211 2199 99.
1266 2158 1498 2210 insepulta
1540 2159 1770 2209 'membra
1823 2161 2035 2214 different

1139 2215 1251 2267 lupi.
1301 2237 1360 2246 —-
1429 2213 1780 2268 Deferebcmtur
1814 2218 2034 2275 originem

1137 2269 1266 2313 traxit
1293 2285 1316 2311 e
1340 2269 1561 2327 scriptura
1588 2272 1918 2326 dfferebantur.

1198 2326 1315 2370 CAP.
1352 2326 1424 2369 24.
1497 2330 1718 2371 abhorret
1759 2337 1906 2373 ver0.
1980 2333 2034 2377 In

1138 2383 1241 2433 MS.
1286 2381 1439 2426 Guelf.
1483 2384 1678 2427 secunda
1724 2401 1887 2430 manus
1930 2398 2033 2433 ante
2106 2417 2116 2434 x

1136 2455 1247 2483 vero
1268 2439 1439 2484 addidit
1457 2457 1503 2499 ᾳ.
1533 2441 1619 2483 Sed
1636 2441 1696 2486 cf.
1712 2442 1802 2486 An.
1820 2447 1858 2494 1,
1872 2444 2034 2491 54.ne-

1138 2500 1348 2600 quzjesg
1365 2499 1650 2600 abhorgebat
1661 2503 1846 2601 ἀίἑιῑίῗὲιε
1857 2506 2038 2604 εέυιέιζς.

1246 2572 1314 2600 ee
1349 2571 1444 2600 am.
1549 2573 1591 2600 lc
1635 2573 1656 2598 e
1724 2590 1734 2600 .
1813 2576 1914 2615 ye.
1988 2580 2035 2606 r-

1137 2623 1251 2716 233¹:
1266 2614 2033 2728 Ἤὶ.“ι;ειξέἰ’ἔῖ1”ξὲὐᾞὸὲῖῗεῖἳέῗ

1137 2730 1277 2787 Vici.)
1303 2746 1401 2788 sqq.
1438 2730 1494 2773 cf.
1517 2737 1612 2772 not.
1640 2729 1695 2773 ad
1717 2729 1829 2775 Hist.
1854 2731 1896 2784 4,
1917 2734 1992 2777 61.

1193 2790 1413 2831 monebat
1444 2819 1455 2831 .
1480 2820 1491 2831 .
1516 2818 1527 2829 .
1559 2794 1764 2831 mutare.
1825 2789 2035 2837 Heinsius

1136 2845 1332 2889 malebat
1366 2852 1618 2888 mutarent.
1687 2842 1776 2890 Sed
1812 2846 1906 2892 vid.
1937 2857 2036 2903 not.

1136 2903 1191 2947 ad
1218 2904 1303 2946 An.
1336 2906 1402 2952 11,
1425 2905 1466 2946 1.
1683 2917 1694 2930 ‘³

1193 2970 1437 3016 paratum.
1498 2959 1575 3004 Sic
1600 2959 1734 3014 MSS.
1762 2960 1884 3005 Flor.
1919 2962 2053 3017 (test.

1138 3019 1280 3073 Viet.)
1299 3018 1452 3062 Guelf.
1466 3017 1582 3061 Bud.
1604 3018 1702 3062 edd.
1716 3018 1889 3063 Ernesf.
1909 3020 2036 3066 Brut.

1139 3093 1241 3178 aa·
1267 3105 1331 3176 8-
1384 3074 1757 3177 {aramm-
1781 3076 1906 3121 ΗΜ·
1931 3078 2035 3123 “¹⁶-

1199 3151 1414 3236 vuliiglra.
1438 3195 1439 3199 ’
1473 3189 1574 3234 MS.
1597 3191 1722 3234 Flor.
1742 3195 1867 3246 (test.
1893 3193 2036 3253 Viet.)

1138 3253 1352 3293 volnera.
1840 3258 1844 3264 ’

1198 3306 1606 3350 transscenderint.
1657 3305 1761 3349 Ms.
1778 3307 1862 3361 les.
1885 3317 2039 3354 trans-

1141 3368 1393 3414 scenderit,
1425 3364 1586 3407 omissa
1607 3362 1778 3407 scilicet
1800 3363 1979 3412 lineola.

1198 3427 1241 3466 si
1272 3424 1394 3481 quid.
1452 3420 1588 3466 MSS.
1617 3420 1769 3464 Guelf.
1802 3422 1925 3467 Harl.
1956 3428 2038 3467 sed

1146 3483 1268 3540 quid.
1330 3480 1432 3523 MS.
1459 3479 1541 3521 les.
1564 3481 1650 3520 sed
1669 3479 1791 3534 quia.

1206 3541 1327 3582 inde.
1383 3537 1484 3580 MS.
1507 3533 1658 3579 Guels.
1689 3538 1755 3580 in.
2018 3547 2029 3554 ·

1206 3596 1408 3642 (hp-25·
1453 3596 1668 3638 Batavos
1692 3609 1879 3651 quoque.
1935 3595 2036 3642 MS.
