2138 4030
1486 31 1502 56 l
1552 15 1553 19 ,

1780 176 1834 213 A.
1846 165 1902 214 n.
1914 164 2001 213 mr.

1783 218 1837 260 A.
1852 218 1900 257 c,
1941 220 2000 259 u.

213 168 342 242 510
786 159 1503 240 HISTORIARUM

213 306 680 371 advehebantur.
774 306 1024 367 Cerialis
1060 310 1324 365 veterem⁴
1351 305 1616 367 Romani
1653 294 1929 368 nominis*
1952 314 2084 387 glo..

211 397 365 455 riam
382 442 397 466 ‚
426 395 698 472 antiquas
721 405 1100 470 recentesque
1123 393 1427 451 victerias:
1471 405 1540 451 ut
1560 396 1852 470 perfidum
1868 443 1884 467 ‚
1913 400 2083 471 igna-

213 502 386 551 vum,
428 482 651 538 victum
677 476 906 537 hostem
933 479 998 533 in
1025 490 1332 535 aeternum
1355 480 1790 542 exscinderent.
1845 483 2079 540 ultione
2137 549 2138 552 Ἴ

211 567 400 642 magis
423 586 602 643 quam
623 564 1027 643 proelio'opus
1052 583 1189 620 esse.
1233 564 1537 639 pauciores
1559 584 1752 640 nuper
1780 582 1916 624 cum
1943 569 2083 644 plu-

211 646 384 710 ribus
410 663 682 709 certasse:
739 670 804 706 ac
830 660 1029 707 tamen
1055 650 1216 706 fusos
1246 646 1610 719 GermanDS,
1658 653 1820 728 quod
1847 653 2084 710 roboris

209 738 409 797 fuerit.
497 755 826 812 superesse,
868 734 975 810 qui
1000 736 1197 808 fugam
1226 734 1472 804 animiS‚
1514 736 1619 812 qui
1641 737 1892 795 vulnera
1915 749 2082 813 tergo

210 824 424 883 ferant⁴
509 820 796 896 Proprios
841 819 982 894 inde
1027 820 1298 877 stimulos
1343 820 1678 893 legionibus
1712 823 2086 895 admovebat,

213 908 540 967 domitores
567 905 918 963 Britanniae
946 906 1514 982 quartadecumanos
1537 907 1869 982 appellans:
1912 909 2091 985 prin.›

213 995 407 1071 cipem
449 990 708 1051 Galbam
750 1002 942 1047 sextae
979 990 1230 1065 legionis
1279 992 1625 1055 auctoritate
1670 993 1920 1051 factum:
1979 995 2085 1052 illa

210 1081 475 1158 primum
511 1078 633 1135 acie
671 1072 1039 1134 secundanos
1075 1096 1230 1133 nova
1268 1076 1433 1150 signa
1461 1097 1797 1155 novamque
1823 1078 2087 1156 aquilam

213 1160 534 1224 dicaturOS.
621 1160 784 1220 Hinc
817 1173 1157 1238 praevectus
1194 1163 1268 1218 ad
1296 1160 1726 1219 Germanicum
1765 1157 2086 1221 exercituin

184 1269 423 1308 ‘manus
462 1249 772 1318 tendebat,
833 1259 901 1306 ut
942 1267 1109 1304 suam
1149 1247 1371 1322 ripam,
1431 1267 1536 1306 sua
1574 1258 1758 1306 castra
1799 1250 2087 1323 sanguine

213 1332 477 1394 hostium
516 1335 930 1408 reciperarent.
1027 1329 1305 1390 Alacrior
1344 1334 1617 1390 omnium
1654 1334 1905 1405 clamor,
1955 1335 2088 1412 quis

211 1421 311 1479 vel
353 1442 385 1478 e
420 1421 598 1492 longa
636 1439 780 1494 pace
817 1418 1032 1493 proelii
1079 1419 1325 1493 cupid0‚
1390 1420 1485 1475 vel
1523 1419 1688 1475 fessis
1727 1420 1886 1476 bello
1926 1421 2087 1496 pacis

214 1527 386 1566 amor
408 1504 788 1583 praemiaque
818 1515 874 1562 et
901 1503 1069 1581 quies
1097 1504 1161 1559 in
1182 1515 1485 1579 posterum
1509 1505 1913 1581 sperabantur.

271 1727 645 1771 advehebantur.
739 1719 879 1766 MSS.
941 1718 1118 1765 Vatiec.

211 1786 412 1889 ffigghfft
437 1784 564 1829 1958.
589 1781 701 1838 Reg.
729 1780 940 1842 ed..·Spir.
973 1783 1120 1822 adve-

266 1939 527 1996 perfidum‚
567 1937 807 1992 ignavam.
865 1933 970 1978 MS.
1004 1933 1116 1993 Reg.

207 1999 388 2057 perfide
412 1997 653 2052 ignavum.

271 2097 633 2144 exscinderent„
709 2089 788 2133 Sic
830 2088 933 2132 edd.
978 2086 1116 2145 Lipsii

211 2173 233 2202 s
267 2172 315 2215 q.
355 2176 414 2187 -·-
473 2152 776 2195 excinderent
799 2146 934 2189 MSS.
961 2143 1117 2188 Guelf.

259 2211 340 2258 arl.
366 2209 503 2254 Bodl.
531 2209 613 2251 les.
648 2204 752 2249 edd.
776 2203 880 2246 Put.
906 2202 1118 2245 Beroald.

215 2275 346 2328 (cum
376 2268 522 2312 silent.
545 2265 693 2320 Vici.)
718 2261 817 2305 Ale.
841 2259 987 2304 Rhen.
1014 2258 1117 2302 Ald.

214 2327 421 2374 lta'enim
441 2324 645 2369 scribunt
666 2335 752 2378 pro
775 2317 1120 2362 exscinderent.

212 2386 254 2431 E
275 2381 548 2442 compendio
571 2381 841 2424 exciderent
855 2406 869 2425 ‚
900 2374 1025 2432 quod
1048 2388 1121 2422 ex-

213 2452 302 2490 stat
322 2444 371 2486 in
396 2440 499 2485 cod.
523 2435 705 2485 Guelf.,
737 2443 889 2477 ortum
914 2440 978 2475 est
999 2431 1121 2474 exci-

214 2506 387 2546 derent
409 2499 456 2541 in
479 2496 616 2541 MSS.
638 2493 756 2536 Bud.
772 2493 879 2548 Agr.
903 2490 1120 2547 ed.Spi1·.‚

215 2559 340 2619 quod
372 2557 492 2600 idem
525 2556 614 2598 [ac.
639 2549 902 2595 Gronovius
938 2556 1121 2591 testatur

214 2621 360 2662 inesse
390 2613 536 2658 codici
559 2607 830 2654 Florentino
855 2615 898 2649 et
930 2620 1118 2662 recepe-

217 2671 583 2718 runtErnestius
605 2683 704 2726 sqq.
766 2664 856 2707 Sed
882 2662 942 2707 ef.
966 2662 1055 2705 An.
1077 2662 1128 2731 2,-

215 2734 290 2776 25.
322 2731 552 2774 exscindit
586 2740 680 2770 non
709 2737 883 2767 ausum
907 2724 1124 2775 congredl

217 2794 322 2835 host
326 2804 401 2833 em
409 2819 420 2830 .

252 2902 381 2946 ,eum
399 2883 615 2941 pluribus
635 2889 855 2924 certasse.
906 2877 988 2921 Ed.
1004 2875 1137 2935 Spir.

218 2952 423 2990 certasse
443 2957 552 2985 cum
570 2939 797 2996 pluribus.
829 2935 998 2980 Eadem
1020 2951 1124 2978 mox

217 3015 450 3047 romanos
471 3015 554 3059 pro
578 2997 862 3041 Germanos.

278 3114 337 3143 ae
370 3105 532 3141 tamen
554 3095 710 3152 susos.
773 3094 849 3138 Sic
872 3091 973 3135 MS.
996 3090 1121 3134 Flor.

216 3153 539 3216 (testamen),
569 3153 690 3196 unde
716 3150 1006 3194 suadentibus
1019 3149 1120 3190 Mu-

218 3222 346 3268 reto,
375 3211 601 3259 Pichena‚
641 3208 877 3256 Ernestio,
923 3215 966 3250 et
997 3221 1120 3264 prae-

220 3272 435 3318 euntibus
458 3267 668 3313 Broterio
690 3276 733 3310 et
762 3263 1017 3323 ssipontinis
1042 3278 1118 3304 re-

221 3331 377 3376 stituo.
436 3325 671 3371 Victorius
695 3323 878 3382 quidem
904 3322 1124 3364 intactum

221 3387 301 3433 rel·
339 3387 404 3431 uit
447 3392 685 3433 attamen,
738 3381 862 3439 quod
899 3386 1038 3422 exstat
1078 3378 1126 3420 in

221 3447 310 3490 MS
349 3443 360 3490 .
389 3440 546 3488 Guelf.
578 3440 696 3484 Bud.
733 3437 836 3481 edd.
869 3437 985 3494 Spir.
1024 3435 1127 3478 Put.

1191 1721 1251 1767 cf.
1277 1729 1374 1766 not.
1397 1721 1451 1765 ad
1477 1723 1568 1767 An.
1588 1720 1712 1776 3‚73.
1743 1749 1801 1757 --
1860 1721 1966 1767 MS.
1978 1721 2089 1782 Reg.

1189 1796 1246 1825 ac
1269 1789 1393 1830 tum,
1425 1780 1597 1838 vulgari
1624 1778 1910 1825 confusione.

1246 1866 1463 1920 proprios
1483 1865 1607 1908 inde.
1666 1863 1749 1908 Ed.
1763 1865 1880 1924 Spir.
1907 1867 1986 1910 hio
2003 1882 2090 1925 pro

1190 1926 1307 2024 212ch
1311 1933 1365 2022 tet
1386 1939 1489 1966 mox
1513 1925 1800 1967 admonebat
1819 1941 1906 1983 pro
1929 1928 2090 1997 admo.

1245 2067 1328 2108 illa
1346 2065 1560 2120 primum
1583 2067 1680 2108 acie
1696 2070 1990 2110 secundanos
2004 2076 2092 2113 etc.

1188 2122 1328 2166 Erant
1362 2122 1483 2165 enim
1514 2139 1671 2167 recens
1704 2124 1968 2183 conscripti.
2028 2125 2090 2170 ci.

1191 2179 1307 2223 Hist.
1331 2178 1373 2231 4,
1392 2181 1464 2222 68.

1244 2269 1537 2318 praevectus.
1595 2262 1734 2309 MSS.
1757 2262 1934 2309 Vaticc.
1960 2264 2089 2308 1863.

1194 2330 1239 2364 et
1271 2321 1396 2364 1958.
1426 2329 1698 2374 provectus,
1742 2320 1862 2380 quod
1897 2319 2092 2366 fortasse

1194 2378 1346 2423 verius
1387 2385 1468 2420 est.
1538 2378 1638 2422 MS.
1672 2379 1784 2438 Agr.
1815 2386 2095 2432 pervectus,-

1192 2435 1327 2479 MSS.
1364 2433 1513 2478 Guelf.
1553 2435 1667 2480 Bud.
1696 2443 1965 2493 preventus,
2023 2440 2094 2483 uti

1193 2493 1369 2547 solent3
1398 2492 1498 2536 MS.
1518 2493 1602 2537 les.
1623 2501 1935 2549 praeventus.
1980 2492 2092 2537 Vul-

1193 2560 1338 2609 gatam
1358 2551 1392 2595 si
1408 2552 1572 2594 retines
1588 2553 1874 2608 scripturam,
1893 2551 2092 2608 intellige

1194 2609 1415 2652 Cerialem
1440 2617 1615 2666 praeter
1641 2608 1840 2667 legiones
1859 2608 2091 2652 Britanni-

1195 2683 1268 2711 cas
1290 2674 1332 2708 et
1357 2674 1520 2709 sextam
1547 2666 1889 2724 secundamque¹
1908 2674 2089 2712 vectum

1194 2724 1248 2767 ad
1271 2722 1600 2767 Germanicum
1628 2724 1893 2783 exercitum.

1253 2807 1586 2862 reciperarent.
1626 2802 1703 2851 Sic
1723 2806 1891 2851 edd.Li
1925 2808 1976 2851 sii
1993 2823 2094 2867 sqq.

1196 2881 1247 2907 ex
1283 2879 1366 2906 usu
1399 2863 1563 2908 Taciti.
1632 2863 1815 2909 Priores
1847 2881 1872 2909 e
1906 2865 1953 2909 d.
1985 2880 2091 2909 cum

1194 2922 1331 2966 MSS.
1353 2922 1426 2965 hic
1449 2921 1604 2964 serunt
1625 2931 1974 2978 recuperarent.

1251 3007 1476 3049 alacrior.
1537 3004 1641 3050 MS.
1666 3007 1778 3063 Agr.
1801 2992 1977 3051 aldoer.

1250 3107 1276 3133 e
1295 3093 1439 3144 longa
1457 3104 1588 3141 pace.
1631 3088 1757 3133 Echs
1792 3089 1848 3134 ir.
1866 3104 1932 3132 ex
1947 3092 2095 3144 longa

1188 3164 1321 3204 pace.
1393 3147 1565 3191 Eadem
1597 3163 1703 3192 cum
1781 3147 1827 3192 S.
1851 3145 1964 3207 Reg.
1990 3155 2095 3192 ante

1187 3208 1317 3261 pacis
1340 3204 1463 3248 addit
1485 3213 1542 3247 et.

1248 3290 1571 3353 praemiaque.
1629 3287 1730 3333 MS.
1752 3287 1868 3332 Bud.
1886 3290 2095 3345 praelia&

1197 3362 1299 3404 que.

1256 3433 1585 3486 sperabantur.
1645 3428 1745 3474 MS.
1763 3429 1874 3488 Reg.
1895 3429 1965 3477 ed.
1978 3393 2094 3489 Spir.

224 3515 351 3564 sqq-3
399 3501 476 3546 sed
507 3500 553 3543 id
597 3513 693 3542 non
739 3503 805 3538 est
846 3495 978 3538 huius
1022 3492 1126 3536 loci.
1186 3490 1450 3547 serebatur.
1492 3486 2068 3542 M§:.1es.spectabancur.
