2138 4030
367 1007 1692 1072 C.CORNEL11TACIT1

197 1141 1872 1221 HISTORIARUM

635 1279 934 1401 Lmen
986 1311 1413 1380 QUARTUS.

555 1587 1157 1632 BREVIARIUM
1224 1587 1500 1633 LIBRI.

277 1698 390 1745 CAP.
432 1702 471 1744 l.
530 1698 774 1742 Interfecto
808 1696 997 1742 Vitellio
1042 1696 1206 1741 milites
1242 1697 1442 1742 Flaviani
1485 1697 1532 1741 in
1573 1698 1688 1742 urbe
1725 1702 1947 1750 saeviunt.

105 1755 152 1799 2.
181 1755 467 1800 Domitianus
491 1772 658 1799 nomen
679 1756 918 1813 sedemque
942 1754 1140 1799 Caesaris
1162 1764 1318 1800 nactus
1341 1754 1569 1800 adulteriis
1601 1755 1744 1801 filium
1773 1752 1947 1819 'princi-

107 1814 174 1872 pis
213 1813 317 1871 agit.
375 1813 425 1858 L.
457 1814 663 1857 Vitellius
696 1813 980 1856 interficitur.
1040 1812 1084 1857 3.
1117 1811 1359 1870 Campania
1393 1813 1641 1869 composita
1674 1815 1949 1875 Vespasiano

107 1878 283 1914 senatus
317 1872 603 1916 consulatum
638 1887 741 1914 cum
764 1870 867 1913 Tito
898 1870 1020 1920 filio,
1061 1879 1314 1927 praeturam
1341 1870 1606 1913 Domitiano
1639 1879 1682 1915 et
1713 1874 1951 1920 consulare

107 1928 347 1986 imperium
370 1928 582 1975 decernit.
641 1929 681 1972 4.
718 1927 947 1979 Muciani,
984 1927 1196 1979 Antonii,
1235 1935 1490 1970 ceterorum
1521 1927 1734 1973 honores.
1793 1931 1949 1976 Resti-

107 1986 262 2029 tuendi
286 1985 495 2044 Capitolii
528 1985 784 2030 consilium.
844 1984 1058 2027 Libertati
1091 1983 1289 2028 consulit
1311 1983 1550 2030 Helvidius
1571 1985 1780 2037 Priscus,
1819 1990 1948 2035 cuius

107 2043 151 2088 5.
182 2044 268 2088 vita
301 2051 344 2086 et
377 2059 550 2094 mores,
590 2043 737 2086 6-8,
761 2049 803 2085 et
824 2057 928 2086 cum
950 2041 1087 2099 Eprio
1113 2041 1330 2084 Marcello
1350 2046 1457 2085 acre
1477 2041 1673 2100 iurgium
1708 2043 1764 2087 de
1794 2040 1951 2105 legatis

109 2101 165 2144 ad
195 2101 446 2159 principem
480 2100 723 2144 mittendis,
779 2099 823 2142 9.
852 2099 923 2141 De
947 2097 1158 2156 impensis
1182 2099 1373 2156 publicis
1399 2099 1631 2143 dissensio.
1691 2101 1761 2146 10.
1784 2102 1948 2149 Muso-

107 2159 212 2202 nius
245 2158 390 2201 Rufus
422 2157 470 2200 in
501 2157 552 2200 P.
581 2155 786 2201 Celerem
819 2155 1063 2200 invehitur.
1130 2158 1199 2198 11.
1242 2155 1484 2199 Mucianus
1523 2158 1683 2200 urbem
1723 2159 1769 2202 in
1826 2177 1950 2207 essus

109 2224 273 2262 cuncta
294 2215 342 2258 in
375 2231 421 2259 se
448 2214 607 2263 trahit,
650 2213 776 2273 Calp.
797 2212 1087 2258 Galerianum
1118 2211 1243 2258 caedi
1276 2221 1424 2271 curat,
1462 2213 1712 2259 Asiaticum
1739 2217 1771 2261 li
1805 2227 1952 2265 ertum

108 2272 263 2320 servili
284 2270 504 2332 supplicio
527 2270 666 2315 tollit.
1053 2274 1055 2276 ’

282 2332 346 2374 12.
374 2328 670 2373 Germanicae
704 2329 840 2373 cladis
867 2327 1001 2372 fama.
1057 2326 1165 2370 Eius
1185 2326 1291 2371 belli
1318 2343 1449 2373 causa
1477 2329 1523 2372 in
1538 2329 1711 2374 Batavis
1744 2331 1814 2376 13.
1838 2332 1954 2378 duce

110 2387 302 2434 Claudio
327 2386 487 2431 Civile.
549 2384 668 2429 14-
686 2387 756 2430 16.
794 2387 835 2429 Is
860 2386 1050 2431 Batavos
1075 2384 1414 2439 Canninefates,
1444 2385 1615 2430 Frisios
1639 2388 1822 2439 excitat,
1853 2399 1948 2435 sta-

109 2446 191 2491 tim
220 2445 351 2497 dolo,
391 2460 494 2487 mox
528 2451 678 2503 aperta
710 2443 757 2489 vi
788 2443 1018 2486 Romanos
1049 2452 1243 2500 superat.
1305 2442 1375 2486 17.
1406 2443 1637 2488 Victoriae
1669 2444 1802 2489 huius·
1829 2446 1954 2498 fama

109 2511 261 2547 motae
285 2501 551 2546 Germaniae
573 2500 733 2543 auxilia
758 2501 950 2543 offerunt
971 2498 1126 2548 Civili,
1158 2500 1232 2556 qui
1256 2508 1298 2543 et
1320 2498 1567 2544 Galliarum
1587 2501 1846 2547 societatem
1867 2505 1951 2549 ad-

108 2559 263 2604 feetat.
333 2559 400 2603 18.
439 2556 685 2602 Hordeonii
717 2557 866 2601 Flacci
904 2555 1104 2622 segnitia.
1162 2556 1282 2599 Victi
1314 2556 1510 2601 Romani
1542 2558 1588 2600 in
1620 2558 1781 2604 Vetera
1810 2571 1955 2607 castra

108 2617 304 2676 fugiunt.
366 2616 435 2660 19.
467 2615 744 2660 Batavorum
769 2623 812 2658 et
830 2612 1189 2657 Canninefatium
1212 2612 1421 2658 cohortes
1449 2615 1572 2658 iussu
1595 2614 1765 2660 Vitellii
1801 2619 1848 2662 in
1876 2635 1950 2663 ur-

110 2675 215 2719 bem
236 2682 467 2733 pergentes
494 2688 629 2716 corru
664 2680 756 2724 tae,
797 2670 933 2718 Civili
965 2670 1214 2727 iunguntur
1243 2678 1286 2713 et
1313 2671 1384 2715 20.
1407 2671 1638 2716 Bonnensi
1657 2674 1831 2732 proelio
1855 2676 1954 2721 Ro-

111 2747 352 2777 manorum
373 2729 514 2774 aciem
536 2745 618 2788 per
640 2729 837 2786 ringunt.
877 2730 949 2772 21.
981 2726 1139 2772 Civilis
1160 2727 1336 2771 consilii
1359 2727 1595 2786 ambiguus
1618 2745 1724 2774 suos
1743 2731 1792 2776 in
1814 2734 1953 2780 verba

111 2787 202 2832 Ves
237 2787 375 2832 asiani
406 2786 568 2846 adigit,
607 2785 783 2830 hostilia
815 2785 990 2830 velansx
1030 2785 1104 2828 22.
1126 2783 1199 2828 23.
1234 2800 1338 2827 mox
1369 2784 1531 2829 Vetera
1562 2786 1736 2832 obsidet
1767 2788 1951 2837 frustra.

111 2845 184 2891 24.
235 2845 277 2889 5.
307 2844 596 2887 Hordeonius
617 2844 802 2887 Flaccus
827 2842 1047 2888 seditione
1068 2840 1349 2885 conflictatus
1369 2857 1592 2887 summam
1610 2859 1766 2890 rerum
1787 2846 1948 2893 Vocu-

115 2901 183 2946 lae
215 2901 445 2963 permittit.
499 2901 572 2945 26.
592 2901 663 2943 27.
697 2900 814 2944 Huic
836 2899 1012 2943 additus
1033 2898 1290 2942 Herennius
1313 2898 1472 2943 Gallus
1493 2916 1542 2944 re
1563 2900 1679 2946 male
1703 2912 1823 2962 gesta
1848 2921 1953 2951 ver-

113 2959 308 3004 beratur.
365 2957 492 3001 Nova
523 2956 697 3002 seditio.
753 2956 960 3001 28-30.
993 2955 1149 3002 Civilis
1176 2956 1407 2999 immensis
1430 2957 1636 3002 auctibus
1660 2960 1716 3003 ab
1744 2962 1952 3008 universa

116 3014 357 3083 Germania
390 3016 528 3060 elatus
562 3014 787 3059 obsidium
819 3013 1036 3058 Veterum
1067 3021 1221 3073 urget,
1262 3011 1411 3058 Ubios
1439 3022 1581 3061 vexat.
1637 3013 1771 3064 Varia
1803 3029 1956 3066 certa-

117 3089 252 3118 mma.

280 3128 351 3175 31.
387 3128 611 3174 Nunciato
636 3128 936 3175 Cremonensi
967 3129 1143 3188 proelio
1175 3126 1334 3172 auxilia
1363 3127 1601 3174 Gallorum
1625 3146 1649 3174 a
1667 3129 1852 3178 Vitellio
1879 3135 1952 3181 de.

117 3187 326 3232 sciscunt.
384 3187 499 3231 Suos
519 3201 698 3245 quoque
708 3186 998 3231 Hordeonius
1020 3186 1068 3229 in
1080 3183 1338 3243 Vespasiani
1360 3186 1495 3231 verba
1515 3186 1584 3230 adi
1616 3188 1650 3230 it
1669 3188 1948 3237 haesitantes.

116 3244 188 3288 82.
219 3243 294 3287 Ad
314 3242 500 3288 Civilem
530 3243 691 3287 missus
714 3243 982 3296 Montanus,
1021 3251 1072 3286 ut
1105 3258 1135 3291 a
1162 3241 1281 3285 bello
1309 3243 1519 3288 absistere
1550 3203 1724 3295 iuffieat,
1762 3247 1817 3292 ab
1851 3248 1864 3291 i
1899 3266 1951 3294 so

118 3307 329 3346 tentatur.
387 3300 458 3345 83.
481 3299 553 3344 34.
580 3299 695 3344 Cum
717 3299 890 3345 Vocula
921 3299 1125 3358 confligit
1154 3298 1310 3344 Civilis
1342 3299 1468 3347 vario
1503 3310 1695 3355 eventu,
1734 3320 1828 3348 non
1854 3322 1951 3350 sme

119 3359 262 3402 utrius
294 3352 351 3402 ’ue
385 3357 513 3402 ducis
538 3356 611 3400 cul
648 3373 686 3400 a.
748 3356 819 3401 35.
850 3356 1026 3402 Vocula
1055 3355 1171 3400 male
1203 3356 1341 3400 utitur
1372 3357 1574 3403 victoria.
1633 3359 1796 3405 Vetera
1826 3363 1953 3412 obsi-

119 3415 252 3459 dione
287 3416 445 3460 1berat.
502 3413 574 3459 36.
629 3414 763 3460 'ivilis
780 3413 1034 3460 Geldubam
1055 3413 1190 3472 capit.
1251 3413 1443 3459 Romani
1462 3415 1625 3460 milites
1638 3416 1950 3464 Hordeonium

120 3479 294 3516 necant.
350 3469 526 3515 Vocula
562 3487 642 3530 per
671 3473 873 3516 tenebras
903 3472 1066 3520 evadit.
1124 3470 1196 3514 87.
1227 3470 1335 3515 Mox
1366 3488 1390 3515 a
1414 3471 1559 3519 Civile
1589 3475 1780 3532 superati
1799 3475 1949 3523 Vocu-

121 3529 210 3572 lam
243 3528 390 3572 denuo
423 3536 695 3586 sequuntur,
765 3545 932 3575 uocum
966 3527 1197 3575 obsidione
1219 3527 1553 3588 Mogontiacum
1576 3530 1785 3577 liberant.
1842 3531 1951 3580 Tre·

123 3586 216 3635 veri
235 3601 358 3632 nunc
379 3585 480 3634 fidi,
511 3600 612 3630 mox
633 3588 738 3631 rebe
761 3586 835 3631 les.
