2138 4030
206 256 262 296 Α.
279 258 333 295 U.
351 258 436 293 823.

207 303 260 339 Δ,
282 302 338 340 0,,
377 303 438 338 70.
656 258 834 322 ΜΒ.
869 259 972 323 1v.
1042 258 1237 322 CAP.
1269 263 1329 324 2.
1367 263 1424 324 a.
1842 264 1966 343 365

124 392 214 450 cia
259 413 420 451 arma
462 387 624 449 haud
664 390 862 448 minus
895 391 984 448 ira
1025 410 1205 468 quam
1240 400 1402 447 metu
1444 390 1673 451 abiecit.
1755 394 1966 469 longus

123 478 458 536 deditorum
481 477 627 534 ordo
652 477 1109 552 septusarmatis
1131 495 1238 551 per
1258 476 1468 532 urbem
1489 476 1740 535 incessit.
1790 500 1965 537 nemo
2039 469 2046 479 ’

123 564 376 639 supplici
407 563 607 631 vultu,
660 562 761 617 sed
786 561 980 617 tristes
1011 547 1066 618 e't
1090 572 1281 618 truces
1313 572 1370 618 et
1395 561 1703 625 adversum
1726 564 1966 638 plausus

122 668 188 704 ac
211 648 509 705 lasciviam
534 646 872 703 insultantis
897 646 1061 719 vulgi
1083 646 1433 702 immobileS.
1516 666 1733 721 paucos
1769 669 1968 706 erum-

121 753 260 807 pere
287 727 458 790 ausos
483 730 841 789 circumiecti
865 750 1142 805 pressere.
1186 727 1362 788 ceteri
1385 730 1452 787 in
1474 732 1799 788 custodiam
1823 755 1967 790 con-

121 818 251 878 diti.
315 814 468 874 nihil
492 817 802 894 quisquam
828 816 1058 874 locutus
1085 816 1398 890 indignum
1423 826 1490 880 et*
1506 836 1845 893 quanquam
1869 820 1967 875 in-

120 913 210 958 ter
234 903 478 959 adversa
501 903 660 958 salva
682 900 916 957 virtutis
942 903 1114 957 fama.
1199 900 1357 957 Dein
1383 899 1454 958 L.
1478 898 1757 958 Vitellius
1780 903 1964 960 inter-

119 987 339 1058 ficitur,
379 1006 488 1063 par
520 986 682 1043 vitiis
717 986 945 1055 fratriS‚
988 986 1053 1041 in
1087 985 1423 1061 principatu
1456 985 1581 1042 eius
1611 986 1967 1060 vigilantior,

118 1092 226 1129 nec
251 1072 496 1149 perinde
523 1070 819 1147 prosperis
844 1071 1036 1128 socius
1061 1089 1238 1148 quam
1259 1070 1517 1127 adversis
1542 1069 1884 1132 abstractus,

287 1180 396 1239 III.
449 1179 668 1239 Iisdem
705 1180 916 1238 diebus
951 1178 1219 1239 Lucili‘us
1253 1179 1470 1239 Bassus
1516 1202 1649 1240 cum
1697 1184 1964 1260 expedito

119 1267 313 1346 equite
340 1268 414 1324 ad
440 1267 907 1348 componendam
933 1263 1319 1343 Campaniam
1344 1267 1633 1339 mittitur,
1673 1268 1966 1327 discordi-

116 1354 228 1412 bus
251 1351 713 1427 municipiorum
739 1351 952 1408 animis
986 1351 1167 1426 magis
1204 1352 1358 1409 inter
1391 1365 1574 1411 semet
1611 1374 1789 1430 quam
1817 1366 1964 1411 con'-
2027 1407 2029 1411 .

117 1434 369 1496 tumacia
401 1437 680 1493 adversus
717 1436 1064 1511 principem.
1149 1437 1276 1494 viso
1312 1438 1500 1494 milite
1531 1439 1722 1515 quies:
1768 1451 1825 1497 et
1846 1440 1963 1495 mi-

116 1524 365 1580 noribus
406 1521 654 1578 coloniis
695 1521 1034 1600 impunitas,
1131 1520 1366 1597 Capuae
1412 1523 1565 1596 legio
1611 1524 1783 1580 tertia
1829 1520 1962 1582 hie-

114 1608 317 1665 mandi.
353 1626 524 1663 causa
557 1595 784 1663 locatiii·
820 1617 878 1662 et
914 1608 1123 1663 domus
1163 1608 1440 1665 inlustres
1473 1608 1774 1679 adflictae,
1826 1630 1961 1667 cum

114 1704 316 1750 contra
342 1689 798 1750 Tarracinenses
825 1692 990 1747 nulla
1016 1713 1125 1767 ope
1150 1693 1512 1753 iuvarentur.
1599 1692 1794 1751 Tanto
1819 1715 1961 1771 pro-

113 1779 322 1836 clivius
346 1788 430 1833 est
454 1776 706 1834 iniuriae
733 1796 908 1851 quam
937 1777 1218 1835 beneficio
1243 1778 1433 1834 vicem
1457 1779 1781 1855 exsolvere,
1823 1779 1962 1857 quia

113 1864 296 1938 gratia
319 1861 519 1930 oneri,
562 1862 709 1931 ultio
737 1861 801 1915 in
825 1875 1069 1937 quaestu
1092 1859 1361 1923 habetur.
1446 1862 1672 1931 Solatio
1697 1865 1813 1921 fuit
1836 1885 1960 1921 ser—

114 1968 220 2006 vus
259 1945 530 2020 Verginii
565 1943 897 2021 Capitoni5‚
952 1968 1130 2023 quem
1167 1948 1533 2023 proditorem
1564 1946 1961 2008 Tarracinen-

111 2034 265 2090 sium
292 2032 574 2101 diximuS,
625 2031 892 2107 patibulo
918 2032 1140 2090 adfixus
1167 2034 1232 2090 in
1256 2033 1465 2102 iisdem
1488 2033 1755 2105 annuliS,
1809 2055 1959 2113 quos

1071 2253 1215 2298 Rhen.
1241 2255 1343 2299 Ald.
1379 2247 1477 2313 sqq.
1519 2281 1578 2292 --
1634 2253 1808 2299 Lucius
1831 2257 1961 2301 Bas-

1070 2327 1150 2355 sus
1172 2313 1271 2356 MS.
1288 2312 1439 2357 Guelf.
1469 2335 1529 2346 --
1585 2311 1835 2358 L.Bussus
1855 2314 1957 2359 edd.

165 2257 296 2323 haud
315 2253 488 2297 minus.
546 2250 660 2296 Edd.
675 2250 780 2297 Pui.
793 2253 861 2296 M.
887 2261 931 2297 et
945 2250 1001 2296 V.

109 2319 192 2355 out
213 2325 384 2355 muzus.

163 2370 439 2412 deditorum.
521 2366 604 2411 Ed.
644 2366 763 2425 Spir.
812 2369 1001 2410 dedico-

107 2442 376 2527 ruralismattk.
445 2481 547 2525 MS.
579 2478 730 2523 Guelf.
765 2488 998 2524 armatus.

109 2541 234 2585 Idem
269 2556 371 2585 mox
401 2538 614 2595 supplicii
643 2540 783 2580 voltu.
852 2537 1000 2594 Super

80 2615 135 2641 ,ο
157 2598 433 2656 adscriptum
463 2604 527 2640 est
551 2611 598 2639 u.
658 2593 829 2637 Eodem
863 2593 997 2652 plane

105 2657 244 2700 modo
265 2656 372 2700 infr.
397 2671 437 2699 c.
456 2654 498 2698 4.

160 2729 426 2769 adversum.
484 2723 566 2766 Ed.
580 2722 700 2780 Spir.
723 2725 968 2766 adversus.

156 2807 378 2853 pressere.
435 2793 511 2838 Sic
542 2792 634 2837 An.
669 2793 736 2840 16.
766 2792 808 2834 9.
841 2792 1003 2846 premi

103 2868 137 2895 a
175 2853 412 2895 militibus.
491 2851 579 2893 An.
615 2848 681 2898 14,
715 2849 754 2892 5.
789 2864 995 2904 pressus.

105 2909 398 2954 correctione
416 2906 574 2951 Faerni
593 2920 862 2961 oppressere
884 2907 993 2950 sub-

103 2965 347 3016 stituentis,
395 2980 528 3023 quam
559 2965 721 3021 probat
749 2959 993 3016 Broterius,

103 3025 230 3069 locus
260 3038 353 3067 non
379 3020 567 3078 indiget.
899 3082 901 3085 Ι

157 3093 340 3136 conditi.
397 3090 480 3134 Ed.
500 3088 623 3149 Spir.
650 3089 835 3133 traditi.

143 3161 338 3218 fratris.
396 3159 598 3204 Faernus
618 3159 808 3202 malebat
825 3158 992 3214 fratri,

101 3219 223 3278 quod
255 3218 502 3276 probavere
537 3215 732 3262 Ursinus
762 3225 807 3260 et
831 3216 989 3261 Brote-

99 3278 210 3344 rius.
267 3275 354 3318 Sed
376 3275 578 3318 mutandi
602 3272 727 3315 nulla
752 3282 815 3316 est
835 3290 987 3318 neces-

98 3344 495 3460 διίἓιίᾦηήοίραιιι.
553 3386 637 3432 Ed.
661 3387 779 3445 Spir.
803 3395 846 3431 et
862 3390 988 3443 prin-

96 3457 267 3550 apgiltl‘:
303 3503 346 3548 8.
402 3503 606 3546 Lucilius
645 3503 838 3546 Bassus.
910 3501 987 3547 Sic

99 3562 198 3607 MS.
231 3561 354 3609 Flor.
395 3565 514 3620 (test.
548 3559 685 3615 vict.)
724 3559 825 3604 edd.
861 3559 980 3619 Spir.

1070 2369 1173 2412 Put.
1201 2370 1303 2414 Ber.
1328 2370 1432 2415 Alc.

1126 2456 1243 2508 legio
1293 2457 1450 2498 tertia.
1536 2453 1620 2501 Ed.
1669 2453 1788 2513 Spir.
1844 2455 1964 2510 legio

1070 2514 1224 2574 terlif.

1123 2596 1322 2638 locatur.
1380 2594 1483 2640 MS.
1511 2595 1661 2640 Guelf.
1691 2597 1900 2643 mittitur.
1927 2608 1931 2611 “
1956 2633 1960 2640 ,

1124 2677 1507 2724 Tarracinenses.
1600 2678 1724 2726 Libri
1783 2679 1958 2727 variant

1066 2750 1193 2779 more
1219 2734 1367 2779 solito.
1792 2750 1793 2753 ’
1895 2751 1912 2761 ”

1126 2820 1255 2863 ultio.
1314 2818 1397 2862 Ed.
1422 2819 1539 2878 Spir.
1563 2827 1610 2863 et
1628 2822 1754 2865 ultio.

1126 2905 1172 2947 V
1171 2904 1354 2957 ergimz.
1414 2903 1491 2947 Sic
1513 2902 1612 2948 edd.
1635 2903 1841 2948 Beroald.
1856 2903 1956 2949 Alc.

1063 2961 1208 3005 Rhen.
1227 2976 1321 3018 sqq.
1355 2960 1413 3005 cf.
1439 2969 1534 3004 not.
1557 2961 1612 3004 ad
1625 2960 1736 3005 Hist.
1751 2961 1792 3013 3,
1804 2961 1877 3006 77.
1898 2985 1956 2996 -

1065 3019 1268 3073 Virginii
1287 3018 1358 3060 ed.
1383 3018 1488 3062 Put.
1513 3016 1678 3062 Μ.’-
1737 3020 1962 3074 Ver-genii

1061 3077 1130 3121 ed.
1152 3076 1254 3118 Put.
1278 3077 1336 3119 V.
1366 3101 1425 3111 --
1483 3075 1668 3130 Virgilii
1686 3075 1952 3120 MSS.F101-.

1064 3135 1180 3184 (test.
1198 3133 1331 3189 vict.)
1358 3131 1512 3176 Guelf.
1528 3133 1640 3193 Agr.
1663 3134 1731 3178 ed.
1745 3133 1865 3192 Spir.
1894 3142 1954 3168 ³-

1059 3189 1257 3249 Ryckius
1283 3206 1306 3232 e
1327 3189 1426 3233 MS.
1448 3189 1569 3234 Flor.
1600 3191 1800 3251 prodidit
1825 3192 1952 3234 Ver—

1055 3249 1172 3303 gilii.

1119 3333 1167 3373 in
1208 3333 1371 3375 iisdem
1410 3332 1616 3376 annulis.
1696 3331 1797 3374 MS.
1827 3330 1950 3377 Flor-

1064 3389 1181 3441 (5est.
1198 3387 1333 3443 Vici.)
1361 3389 1430 3432 ed.
1450 3388 1567 3447 Spir.
1590 3391 1638 3431 in
1661 3388 1812 3430 isdem
1834 3403 1949 3431 anu·

1057 3448 1132 3489 Iis.
1195 3445 1296 3490 MS.
1326 3444 1476 3490 Guelf.
1509 3447 1686 3499 emulis,
1731 3460 1852 3488 erasa
1879 3444 1946 3495 ‘al-

1059 3510 1150 3546 tera
1186 3502 1328 3546 littera
1361 3519 1409 3546 n.
1467 3502 1582 3547 Edd.
1609 3502 1708 3545 l‘ut.
1729 3517 1826 3560 sqq.
1849 3515 1942 3543 an-

1055 3561 1196 3607 nulis.
1244 3560 1304 3605 cf.
1329 3569 1425 3604 not.
1449 3559 1502 3603 ad
1524 3560 1611 3603 An.
1638 3558 1680 3611 2,
1701 3559 1746 3602 2.
