2138 4030
262 301 380 371 158

817 307 1528 372 HISTORIARUM

253 443 480 515 exigere
529 459 704 515 quam
756 459 903 516 quos
946 440 1007 494 in
1045 432 1232 515 aequo
1270 432 1490 500 videre.

1761 333 1768 342 ¹
1796 307 2024 392 2531&
2055 355 2059 364 ,

1594 439 1842 502 Caecina
1879 427 2107 504 Padum

250 542 640 600 transgressus
678 535 898 582 tentata
933 519 1420 581 Othonianorum
1454 526 1568 582 fide
1600 547 1708 602 per
1743 524 2106 610 colloquium

251 624 310 671 et
343 609 628 687 promissa
663 610 871 666 iisdem
908 609 1150 684 petiam,

1209 621 1518 686 postquam
1554 632 1666 686 pax
1701 624 1757 669 et
1791 618 2106 675 concordia

252 697 527 773 specio-sis
588 706 645 752 et
697 695 892 750 inritis
945 694 1300 750 nominibus
1347 696 1555 753 iactata
1614 710 1751 756 sunt
1765 723 1790 768 ‚·
1858 703 2103 760 consilia

251 800 531 859 curasque
584 780 648 835 in
693 778 1192 854 oppugnationem
1229 777 1562 836 Placentiae
1610 802 1825 856 magno
1877 797 2102 844 terrore

243 868 447 942 vertit,
494 885 743 939 gnaruS‚
791 859 860 921 ut
890 863 1060 923 initia
1099 863 1243 921 belli
1279 867 1717 940 provenissent,
1776 870 1991 928 famam
2036 873 2101 929 in

249 965 437 1012 cetera
467 953 613 1012 fore.

414 1046 580 1108 XXI.
655 1043 774 1103 Sed
807 1045 1033 1121 primus
1073 1045 1198 1101 dies
1240 1046 1464 1121 impetu
1496 1049 1680 1122 magis
1720 1071 1897 1128 quam
1937 1063 2100 1110 vete—

244 1135 378 1194 rani
442 1131 727 1193 exercitus
793 1131 1018 1187 artibus
1073 1141 1427 1188 transactus:
1508 1131 1697 1208 aperti
1759 1135 2098 1216 incautique

241 1239 444 1278 muros
478 1217 741 1285 subiere,
785 1217 916 1273 cibo
951 1215 1212 1292 vinoque
1248 1236 1610 1290 praegraves,

1696 1217 1768 1275 In
1789 1230 1874 1277 'eo
1911 1235 2097 1281 certa-

242 1306 403 1362 mine
468 1297 937 1380 pulcherrimum
1002 1297 1422 1376 amphitheatri
1491 1323 1641 1377 opus
1697 1305 1875 1362 situm
1936 1319 2095 1366 extra

148 1416 169 1430 ‘
235 1370 441 1448 ⁹muros
477 1387 885 1460 conflagravit,
949 1387 1070 1442 sive
1106 1387 1179 1442 ab
1225 1389 1730 1461 oppugnatoribus
1771 1390 2095 1464 incensum,

240 1476 383 1533 dum
405 1476 558 1531 faces
584 1484 641 1529 et
661 1473 902 1546 glandes
926 1491 990 1528 ac
1015 1471 1296 1527 missilem
1320 1471 1517 1544 ignem
1541 1472 1606 1528 in
1633 1474 1898 1532 obsessos
1930 1477 2095 1536 iacu-

236 1563 464 1630 lantur,
518 1559 639 1615 sive
676 1559 750 1614 ab
789 1557 1067 1627 obsessis,
1123 1556 1266 1613 dum
1302 1558 1852 1632 retortaingerunt.

1957 1584 2092 1636 mu-

233 1646 488 1722 nicipale
540 1644 751 1717 vulgus
802 1662 1060 1717 pronum
1113 1642 1188 1698 ad
1246 1642 1606 1716 suspiciones
1648 1644 1856 1702 fraude
1906 1646 2090 1706 inlata

233 1732 388 1813 ignis
429 1731 707 1788 alimenta
747 1727 995 1785 credidit
1028 1748 1059 1784 a
1104 1727 1458 1803 quibusdam
1496 1748 1526 1783 e
1562 1728 1775 1786 vicinis
1822 1726 2090 1805 coloniis,

290 1984 458 2025 videre.
511 1978 592 2025 ..Sic
628 1978 732 2022 edd.
766 1977 882 2036 Spir.
916 1976 1122 2021 Rhenan.

207 2030 332 2084 =And.
357 2056 374 2081 s
408 2053 450 2095 q.
484 2061 542 2070 -
585 2038 798 2080 viderunt
826 2036 962 2078 mss,
1000 2034 1121 2079 Harl.

228 2097 359 2142 Bodl.
429 2094 536 2139 uelf.
561 2094 661 2136 cdd.
684 2093 788 2135 Put.
817 2094 882 2136 M.
905 2092 1015 2136 etV.
1043 2094 1121 2135 Be-

230 2155 374 2198 roald.
400 2154 522 2209 (eum
543 2151 616 2196 sil.
642 2150 798 2208 Vim).
859 2151 1024 2193 Parum
1053 2150 1119 2192 in-

229 2220 382 2257 terest-

287 2282 452 2326 iisdem
471 2280 655 2336 petitus.
714 2277 799 2322 Ed.
826 2277 945 2336 Spir.
970 2278 1119 2321 isdem

224 2341 395 2396 petitis.

283 2410 450 2454 inritis.
508 2406 585 2450 Sic
607 2405 708 2449 MS.
735 2405 772 2448 F
775 2406 856 2448 lor.
882 2406 930 2459 (t.
956 2403 1119 2463 Vict.);

223 2468 365 2512 inillis
388 2465 489 2509 edd.
512 2472 612 2506 vett.
637 2479 741 2506 cum
762 2462 861 2506 MS.
886 2463 1040 2506 Guelf.

560 2533 663 2577 MS.
690 2531 839 2576 Guelf.
872 2549 897 2576 a
929 2549 1019 2576 sec.
1051 2549 1113 2576 m.

281 2549 478 2593 gnarus.

222 2598 433 2651 ignarus·

277 2666 617 2721 provenissent,
654 2659 847 2716 samam
882 2661 930 2702 ίη
959 2666 1112 2702 cetera

211 2726 339 2783 sore.
413 2719 515 2764 MS.
550 2718 659 2775 Reg.
690 2718 759 2760 ed.
794 2716 912 2774 Spir.
942 2732 1108 2782 prfve-

223 2784 425 2825 m'ssent:
448 2779 595 2834 sama
631 2777 809 2818 incerta
830 2775 956 2830 fore.
1040 2775 1109 2817 De

224 2839 362 2883 verbo
387 2835 634 2890 provenire
664 2833 721 2879 ef.
750 2840 843 2874 not.
872 2833 926 2876 ad
947 2832 1037 2876 An.
1071 2836 1107 2880 1,

224 2898 291 2941 19.
371 2893 608 2939 simillima
651 2890 865 2934 sententia
902 2899 964 2934 est
996 2891 1105 2948 Agr.

220 2972 260 2999 c.
287 2953 353 2996 18.

258 3036 390 3081 ·CAP.
413 3035 484 3078 21.
545 3034 802 3076 incensum.
859 3030 998 3074 Abest
1020 3029 1108 3075 hoc

220 3097 274 3140 ab
300 3093 377 3137 ed.
400 3091 518 3149 Spir.
555 3100 596 3133 et
626 3105 732 3133 sane
764 3088 915 3131 abesse
944 3097 1105 3146 potest.

221 3151 320 3196 MS.
342 3150 491 3193 Guelf.
519 3148 591 3190 dat
615 3152 858 3190 incessum.

273 3251 328 3279 ac
350 3235 586 3276 missilem.
645 3230 722 3272 Sic
743 3229 843 3273 MS.
868 3229 979 3272 Bud.
1002 3229 1103 3271 edd.

217 3294 417 3338 Rhenan.
440 3288 543 3335 Ald.
566 3303 663 3346 sqq.
699 3312 753 3319 ——
809 3297 852 3329 et
879 3287 1102 3329 rm'ssilem

217 3349 354 3395 MSS.
392 3347 516 3392 Flor.
555 3347 682 3400 (test.
717 3348 803 3388 lac.
840 3344 1102 3398 Gronovio)

218 3407 368 3453 Guelf.
393 3403 490 3451 edd.
518 3402 635 3460 Spir.
659 3402 761 3445 Put.
785 3403 851 3446 M.
876 3411 919 3444 et
942 3401 997 3443 V.
1023 3402 1103 3443 Bc·

218 3459 362 3511 roa'ld.
394 3464 515 3519 (cu‘m
548 3458 619 3503 sil.
646 3459 796 3515 vich).
857 3459 1101 3502 Oberlinus

217 3541 240 3568 e
274 3522 373 3566 MS.
405 3521 526 3564 Flor.
572 3517 682 3560 salso
727 3517 985 3573 prodiderat
1029 3533 1099 3561 ac.

214 3610 273 3619 --
302 3581 411 3628 Mox
444 3576 545 3620 MS.
582 3573 716 3618 Corb.
748 3575 818 3616 sin
850 3578 906 3615 ab
942 3576 1098 3617 obses-

213 3641 294 3683 sis.

1251 1977 1364 2016 dum
1405 1983 1586 2018 retorta
1627 1978 1859 2032 ingerunt:
1936 1978 2085 2023 Locus

1194 2047 1216 2074 e
1239 2041 1343 2074 vett.
1367 2030 1492 2076 libris
1514 2033 1736 2078 infirmus.
1805 2033 1935 2078 MSS.
1957 2034 2083 2079 F-lor.

1193 2091 1306 2144 (test.
1333 2088 1448 2132 Vict.
1473 2107 1576 2134 cum
1601 2090 1811 2147 Pichena)
1840 2092 1950 2135 Bud.
1971 2092 2082 2151 Reg.

1194 2146 1330 2189 Con-b.
1359 2147 1430 2189 ed.
1451 2147 1568 2204 Spir.
1590 2152 1706 2190 dnm
1727 2157 1975 2203 reportans
1996 2165 2079 2204 ge-

1192 2211 1315 2246 runt.
1375 2203 1573 2261 Ryckius
1605 2205 1810 2250 adfirmat
1841 2216 2010 2260 gerunt
2033 2207 2081 2250 in

1191 2260 1291 2304 MS.
1305 2259 1431 2304 Flor.
1453 2277 1544 2304 esse
1565 2279 1590 2306 a
1610 2263 1913 2311 recentissima
1929 2280 2079 2308 manu.

1189 2317 1347 2360 Adfuit
1369 2326 1518 2361 tamen
1540 2335 1610 2362 an.
1635 2333 1678 2376 p.
1695 2319 1801 2365 Chr.
1822 2337 1871 2364 n.
1887 2322 2082 2365 1520.—

1187 2373 1322 2418 MSS.
1357 2374 1512 2418 Guelf.
1550 2376 1674 2421 Harl.
1716 2377 1797 2421 les.
1838 2381 1954 2422 dum
1991 2393 2080 2434 per

1182 2439 1356 2486 portas
1376 2441 1581 2487 egerunt.
1640 2434 1747 2483 MS.
1761 2435 1869 2493 Agr.
1890 2440 2006 2481 dum
2028 2438 2080 2480 in

1186 2492 1344 2532 hostes
1380 2491 1612 2544 ingerunt.
1684 2491 1799 2535 Edd.
1834 2492 1934 2537 Put.
1968 2492 2074 2538 Ber.

1186 2546 1288 2591 Alc.
1329 2546 1530 2592 Rhenan.
1563 2564 1662 2608 sqq.
1695 2553 1808 2592 dum
1837 2547 2074 2604 rogerum.

1189 2603 1417 2648 Victorius
1451 2623 1498 2648 ex
1529 2622 1611 2649 suo
1644 2607 1826 2664 ingenio
1862 2607 2078 2666 corrigit:

1182 2665 1295 2703 dum
1315 2670 1481 2716 portas
1512 2669 1744 2718 regemne.
1804 2663 2075 2710 Rhenanus:

1181 2723 1297 2761 dum
1330 2728 1522 2770 reperta
1555 2729 1868 2774 transgerunt.
1929 2721 2071 2769 Hein-

1181 2776 1297 2819 sius:
1329 2780 1443 2818 dum
1467 2792 1558 2832 per
1580 2787 1820 2822 tormenta
1837 2781 2074 2834 ingerunt.

1180 2834 1270 2877 lac.
1301 2832 1590 2878 Gronovius:
1632 2838 1748 2878 dum
1778 2844 1963 2887 retorta
1991 2839 2069 2881 ina·

1179 2898 1372 2944 gerunt.-
1404 2907 1515 2949 quae
1545 2893 1589 2936 in
1614 2900 1872 2937 contextum
1892 2903 2072 2955 recepta

1179 2958 1285 2990 sunt
1315 2964 1338 2990 a
1362 2948 1542 3007 Bipont.
1575 2949 1738 2993 Oberl.
1762 2966 1863 3009 sqq.
1942 2950 2068 2996 Sim-

1180 3005 1338 3062 plicius
1368 3004 1556 3050 forsitan
1585 3007 1727 3050 foret:
1768 3011 1888 3058 dum
1906 3023 2068 3065 repor-

1178 3070 1307 3111 tant,
1338 3062 1418 3106 int.
1444 3062 1564 3108 faces
1587 3073 1629 3107 et
1651 3063 1834 3122 glandes
1857 3075 1944 3114 etc.
1969 3067 2067 3110 h.e.

1176 3128 1412 3174 regerunt.
1471 3121 1582 3164 Nam
1604 3121 1794 3167 alterum
1819 3124 2064 3171 verborum

1177 3178 1355 3224 videtur
1375 3193 1468 3221 csse
1492 3193 1516 3220 e
1537 3179 1819 3236 glossemate.

1233 3239 1297 3276 ad
1341 3235 1637 3289 suspicione&
1725 3237 1810 3281 Ed.
1857 3238 1978 3297 Spir.⁴
2018 3247 2063 3283 et

1177 3293 1470 3343 suspitiones.
1529 3293 1629 3336 MS.
1658 3292 1807 3338 Guelf.
1832 3301 1898 3338 ad
1918 3297 2064 3352 suspi-

1176 3350 1369 3400 ctiones,
1405 3358 1454 3393 ut
1474 3349 1760 3409 plerumque,

1230 3421 1263 3446 a
1297 3408 1574 3461 quibusdam
1602 3420 1641 3451 “e
1673 3409 1829 3452 vicinis
1857 3409 2060 3454 coloniae.

1173 3461 1249 3506 Sic
1283 3465 1416 3508 MSS.
1456 3464 1578 3509 Harl.
1613 3465 1742 3508 Bodl.
1782 3468 1853 3510 les
1878 3514 1880 3517 ,
1908 3466 2060 3511 Guelf.

1172 3520 1250 3574 (ibi
1274 3529 1337 3562 est
1359 3537 1383 3563 e
1410 3523 1594 3574 viciniis)
1619 3524 1730 3577 Agr.
1755 3497 1981 3567 edePut.
1992 3525 2061 3569 M.

1173 3585 1213 3618 et
1239 3577 1288 3620 V.
1315 3579 1522 3621 Beroald.
1556 3580 1676 3634 (cum
1703 3578 1772 3624 sil.
1801 3579 1930 3638 vict.)
1957 3581 2058 3628 Alc.

1172 3635 1347 3692 Micyll.
1377 3637 1546 3692 (1557.)
1583 3644 1622 3679 et
1663 3650 1686 3679 e
1728 3637 2057 3683 recentioribus
