2138 4030
932 113 1015 272 xC
1030 212 1164 273 ΑΡ.
1203 213 1298 274 13.
1340 215 1436 276 14.

154 215 204 251 A„
222 215 368 256 [14323.

154 261 186 295 A
195 286 206 297 .
221 259 268 296 C.
307 261 370 293 30.

554 216 605 273 L
621 214 647 272 Ι
662 214 731 276 Β.
774 214 882 276 ΙΙΙ.

1792 219 1919 280 273

70 353 326 424 integros
372 347 824 419 incruentosque
871 340 1195 432 Flavianis
1227 362 1463 418 quoque
1515 346 1780 418 partibus
1827 349 1920 406 vi-

69 437 181 504 leS,
242 433 387 511 quid
435 432 695 488 dicturos
735 427 1174 502 reposcentibus
1213 436 1315 483 aut
1354 436 1631 502 prospera
1672 444 1774 490 aut
1811 434 1918 490 ad..

59 519 279 577 versa?

238 598 401 661 XIV.
487 596 647 655 Haec
683 589 933 670 singuli,
1002 592 1144 653 haec
1177 595 1468 666 universi,
1528 607 1595 653 ut
1626 618 1916 678 quemque

73 689 245 748 dolor
294 684 633 760 impulerat,
684 682 1097 749 vociferante3‚
1162 680 1335 750 initio
1376 700 1410 736 a
1449 680 1656 759 quinta
1690 683 1926 762 legione*

72 785 232 842 orte,
284 768 555 844 repositis
582 765 810 821 Vitellii
844 765 1200 839 imaginibus
1228 764 1423 821 vincla
1458 763 1742 824 Caecinae
1778 772 1921 844 inii÷

72 858 260 915 ciunt:
327 847 580 910 Fabium
617 850 933 907 Fabullum
971 850 1209 927 quintae
1256 849 1504 923 legionis
1553 850 1812 926 legatum
1865 867 1921 912 et

76 1104 189 1141 nunt
213 1103 313 1154 post
335 1096 466 1138 viles.
501 1090 739 1137 Ferreuus
763 1093 817 1135 ad
844 1092 962 1137 hunc

77 1156 249 1198 locum:
322 1151 540 1204 „Malimz
596 1154 736 1193 etiarn
793 1152 963 1193 milites

77 1213 293 1268 auferre,
339 1210 557 1267 primum,
612 1208 714 1264 quia
754 1209 961 1273 prin‘ceps

76 1271 218 1325 reipsa
262 1283 353 1310 non
401 1265 685 1309 auferebatur
734 1265 962 1315 militibus,

78 1327 157 1370 sed
210 1325 370 1368 milites
421 1323 637 1381 principi:
699 1322 860 1364 deinde
914 1330 964 1364 ut

79 1382 344 1427 conveniant
381 1396 492 1437 quae
529 1388 803 1437 sequuntur,
859 1380 962 1421 licet

78 1441 286 1494 integros
317 1437 730 1492 incruentosque.'’
806 1436 961 1478 Adsti-

64 1497 287 1554 ‘pulantur
306 1495 412 1537 huic
434 1494 597 1536 rationi
619 1494 813 1549 Lipsius,
845 1492 963 1535 Gro-

77 1554 164 1597 tius
195 1563 238 1597 et
271 1550 518 1594 Ernestius.
549 1574 606 1582 —
666 1551 700 1595 I.
734 1550 809 1594 Fr.
837 1549 962 1593 Gro-

79 1611 240 1656 novius
265 1609 460 1651 volebat:
499 1609 645 1650 etiam
675 1608 845 1649 milites
875 1623 962 1649 au-

69 1670 230 1726 ferre,
281 1667 462 1709 deditos
496 1666 705 1719 integros
742 1666 961 1707 it‘rcruen-

81 1734 255 1782 tosque,
291 1724 532 1765 Flavianis
555 1732 639 1766 etc.
691 1721 964 1765 lae.Gr0n.:

80 1788 223 1827 ctiam
243 1781 462 1822 militibus
481 1781 733 1834 principem
757 1779 964 1834 auferre.

81 1843 158 1885 Sic
181 1848 225 1882 et
246 1841 446 1892 integros
468 1845 551 1880 etc.
622 1835 866 1879 Oberlinus
893 1836 963 1879 Bi·

81 1898 294 1959 pontinos
349 1901 526 1938 secutus
590 1893 754 1936 edidit:
821 1895 962 1935 etiam

77 1953 284 2011 principi
296 1951 483 2007 auferri
504 1952 694 1993 militem
708 1965 723 1993 .·
761 1952 964 2005 integros

82 2016 453 2063 incr-uentosque,
495 2008 742 2050 Flavianis
787 2023 964 2064 quoque

74 2070 288 2127 partibus
319 2068 452 2116 viles,
494 2066 713 2107 militibus
746 2067 856 2120 quid
889 2066 961 2106 di-

80 2137 235 2171 cturos
257 2131 340 2166 etc.
374 2147 424 2156 —
484 2122 714 2164 Broterius
746 2123 964 2164 coniecta-

72 2188 154 2229 bat
194 2182 343 2224 locum
385 2195 409 2222 e
449 2179 550 2222 cod.
585 2180 697 2236 Agr.
733 2179 964 2221 restituen-

85 2246 189 2286 dum
218 2249 309 2282 esse
328 2238 407 2280 ita=
441 2237 584 2278 etiam
607 2237 824 2278 militibus
836 2238 964 2291 prin·

70 2302 224 2353 cipem
270 2295 486 2351 aufirre,
531 2295 730 2348 principi
754 2295 965 2336 militem.

81 2361 282 2408 integros
333 2354 683 2406 incruentosquc·
726 2350 969 2392 Flavianis

83 2425 256 2471 quoque
292 2410 504 2464 partibus
555 2410 687 2451 viles,
771 2407 964 2450 Tutissi—

83 2485 206 2513 mum
246 2467 353 2509 mihi
392 2465 538 2510 visum
571 2473 638 2507 est
679 2464 827 2506 redire
861 2481 965 2508 cum

83 2526 286 2570 Bekkero
318 2523 373 2565 ad
404 2531 574 2566 veteres
607 2521 744 2564 libros
773 2521 966 2579 relegata

84 2599 192 2627 voce
211 2580 358 2624 inutili
383 2587 426 2621 et
450 2580 675 2635 ambigua,
714 2595 846 2636 quam
874 2594 967 2622 cre-

84 2641 144 2685 do
167 2653 396 2698 perperam
420 2636 465 2678 in
483 2643 743 2678 contextum
765 2636 967 2695 inrepsis-

56 2715 133 2750 3se
155 2714 177 2741 e
203 2695 427 2752 margine,
460 2694 535 2736 ubi
557 2693 753 2750 primum
778 2709 802 2735 a
828 2708 966 2735 manu

83 2751 383 2798 emendatoris
415 2752 630 2806 scriptum
664 2749 798 2792 fuerit
819 2751 968 2801 litem,

60 2843 61 2850 κ
85 2820 134 2856 ut
156 2809 466 2854 ostenderetur
487 2808 724 2864 legendum
755 2807 848 2850 esse
872 2809 966 2850 mi-

84 2869 212 2911 litem
236 2882 320 2923 pro
343 2865 567 2906 militibus
595 2872 637 2906 et
659 2865 864 2918 principi
884 2880 968 2923 pro

79 2925 350 2982 principem.
435 2919 522 2963 Sed
561 2919 669 2964 haee
702 2922 970 2970 emendatio,

64 2995 220 3038 “quam
273 2979 403 3022 etiarn
440 2978 702 3020 Vertranius
744 2979 969 3030 suadebat,

90 3054 180 3082 non
203 3037 314 3080 adeo
337 3044 402 3079 est
425 3035 683 3078 necessaria.

143 3117 481 3174 reposcentibus
518 3123 602 3159 aut
627 3115 856 3173 prospera
886 3125 971 3159 aut

78 3179 300 3220 ‘adversm
350 3171 434 3217 ‘Sic
455 3174 556 3216 MS.
571 3173 721 3217 Guelf.
750 3175 851 3218 edd.
869 3174 971 3217 Put.

79 3231 294 3281 Beroald.
319 3234 441 3287 (cum
466 3230 610 3274 silent.
638 3232 769 3288 vict.)
792 3247 887 3290 sqq.
913 3254 973 3264 --

86 3305 191 3334 rem
221 3287 516 3344 poscentibus
558 3287 630 3332 ed.
664 3289 782 3346 Spir.
829 3297 870 3331 et
909 3289 974 3332 sic

90 3344 193 3392 cod.
225 3346 322 3388 MS.
357 3343 538 3401 quidam
567 3344 850 3396 parisiensis,
881 3361 971 3402 quo

92 3419 197 3446 usus
231 3410 295 3443 est
333 3401 564 3457 Barnous
587 3402 812 3455 (Oeuvres
843 3418 973 3444 com-

88 3463 233 3515 pletos
264 3463 322 3500 de
344 3458 520 3509 Tacite,
558 3462 817 3502 traduction
850 3475 970 3501 non-

96 3518 203 3559 velle
223 3528 332 3557 avec
351 3517 390 3556 lc
422 3522 548 3558 texte
579 3531 636 3558 en
660 3520 855 3570 regard,
895 3521 973 3559 des

181 3580 421 3631 Tam-rus
465 3580 562 3631 ΠΙ.

1035 1093 1277 1135 variantes
1309 1100 1354 1135 et
1383 1095 1466 1135 des
1496 1100 1629 1135 notes
1660 1100 1746 1143 etc.
1798 1094 1925 1142 Paris

1036 1150 1198 1205 1828).
1278 1150 1368 1194 Sed
1402 1166 1451 1193 ea
1483 1152 1702 1208 scriptura
1744 1152 1924 1198 videtur

1035 1215 1132 1249 orta
1167 1224 1190 1249 e
1224 1206 1390 1264 syllaba
1414 1223 1465 1249 re
1488 1207 1602 1250 forte
1626 1207 1673 1249 in
1706 1207 1792 1252 fine
1823 1226 1923 1254 ver-

1035 1280 1108 1305 sus
1142 1263 1283 1321 posita
1315 1280 1419 1306 cum
1457 1279 1511 1307 eo
1550 1269 1695 1315 unc'o,
1743 1267 1819 1324 qui
1854 1267 1924 1310 lit-

1034 1329 1175 1363 teram
1205 1336 1228 1363 e
1251 1322 1297 1363 in
1319 1322 1451 1366 MSS.
1480 1320 1656 1379 plerum
1694 1334 1751 1365 ue*
1779 1328 1923 1382 ‘comi-

1033 1386 1167 1421 tatur.
1228 1377 1464 1435 Vulgatam
1502 1379 1538 1422 l.
1564 1379 1637 1421 Fr.
1686 1381 1924 1427 'ronovius

1035 1435 1246 1491 explicat:
1291 1435 1404 1483 „ubi
1433 1451 1557 1477 nunc
1582 1435 1635 1477 ad
1657 1437 1924 1485 Bedriacum

1035 1492 1225 1536 victoria
1248 1492 1316 1534 vel
1348 1494 1390 1534 τὶ
1415 1489 1646 1542 παθόντες
1670 1502 1713 1536 et
1770 1511 1845 1539 uas
1867 1498 1924 1541 ad

1034 1549 1193 1592 incitas
1249 1550 1414 1592 redacti
1463 1551 1515 1593 ad
1572 1560 1661 1593 tam
1746 1555 1923 1597 'eforme

1035 1606 1284 1649 subsidium
1354 1607 1682 1652 descenderint.
1699 1613 1729 1637 ”

1036 1663 1272 1721 quiescunt
1294 1664 1338 1706 in
1370 1679 1419 1706 ea
1448 1665 1815 1721 interpretatione
1847 1685 1923 1711 re-

1036 1721 1283 1773 centiores,
1313 1721 1417 1763 licet
1441 1721 1636 1764 multum
1660 1723 1773 1767 absit
1792 1742 1816 1768 a
1841 1742 1923 1770 ve-

1035 1794 1104 1819 ro.
1162 1777 1324 1821 Nullus
1354 1777 1487 1835 plane
1516 1778 1590 1821 hic
1611 1796 1759 1822 sermo
1780 1790 1845 1826 est
1867 1782 1924 1825 de
1960 1784 1962 1786 ’

1035 1834 1220 1877 victoria
1265 1836 1320 1877 ad
1366 1836 1629 1878 Bedriacum
1688 1847 1928 1895 reportata,

1034 1907 1119 1933 nec
1151 1892 1205 1934 de
1244 1893 1462 1940 adversis,
1505 1895 1602 1950 quis
1633 1895 1688 1937 ad
1722 1903 1810 1938 tam
1841 1897 1924 1939 de-

1034 1949 1179 1990 forme
1229 1949 1475 1992 subsidium
1508 1951 1680 1993 ·salutis
1728 1951 1919 1995 deseen-

1035 2006 1194 2048 derint.
1252 2007 1400 2047 lmmo
1423 2010 1762 2062 reposcentibus
1784 2011 1921 2054 modo

1034 2061 1208 2105 infinito
1234 2063 1441 2121 ponitur,
1471 2072 1518 2106 ut
1541 2065 1619 2106 sit:
1655 2080 1791 2108 wenn
1811 2083 1926 2110 man

1034 2134 1126 2160 von
1160 2121 1299 2162 ilmcn
1336 2121 1674 2177 Reclzcnschoft
1692 2124 1928 2179 sorderte,

1032 2177 1100 2218 sie
1132 2173 1338 2233 befrogte
1365 2185 1447 2220 etc.
1518 2179 1688 2236 Nempe
1725 2183 1925 2239 cogitant

1034 2234 1116 2276 sibi
1149 2235 1195 2276 in
1234 2234 1490 2292 universum
1519 2236 1720 2280 homines
1743 2247 1923 2295 postero

1036 2299 1240 2348 tempore
1305 2294 1609 2349 quaesituros,
1681 2303 1756 2336 aut
1812 2311 1926 2353 quae

1037 2364 1249 2407 prospera
1288 2359 1363 2392 aut
1396 2365 1507 2407 quae
1545 2351 1731 2395 adversa
1763 2352 1810 2395 in
1840 2352 1922 2396 illo
1978 2360 1982 2362 “

1038 2404 1158 2448 bello
1199 2422 1303 2448 cum
1333 2407 1554 2450 Flavianis
1599 2408 1762 2465 experti
1803 2409 1927 2453 sint?

1036 2462 1395 2506 perhorrescunt
1416 2465 1638 2522 pudorem
1658 2466 1760 2508 inde
1773 2467 1927 2510 oriun-

1039 2519 1171 2570 dum,
1202 2521 1323 2577 quod
1349 2520 1411 2562 nil
1432 2522 1485 2564 de
1507 2522 1745 2580 prosperis,
1775 2524 1839 2566 nil
1868 2524 1924 2566 de

1038 2576 1234 2619 adversis
1290 2579 1636 2621 memorandum
1681 2579 1762 2622 sibi
1810 2580 1928 2624 foret

1039 2632 1289 2691 reliquum,
1335 2634 1438 2690 quia
1478 2635 1638 2692 integri
1682 2636 1926 2682 incruenti-

1040 2706 1127 2746 que
1163 2691 1419 2733 transierint
1442 2701 1482 2734 et
1507 2692 1600 2734 sine
1622 2693 1744 2734 omni
1771 2694 1924 2738 rerum

1039 2758 1259 2805 gestarum
1295 2748 1434 2804 gloria
1468 2748 1631 2791 bellum
1662 2764 1924 2810 composue-

1039 2815 1146 2848 rint.

1100 2887 1212 2931 CAP.
1240 2888 1305 2930 14.
1370 2889 1627 2934 Fabullum.
1684 2890 1760 2936 Sic
1790 2892 1929 2938 MSS.

1042 2945 1165 2989 Flor.
1189 2946 1316 2999 (teste
1329 2945 1520 3003 Ryckio)
1539 2948 1647 3006 Agr.
1672 2948 1927 3007 edd.Ryck.

1044 3004 1132 3047 lac.
1158 3001 1300 3045 Gron.
1321 3018 1416 3061 sqq.
1443 3031 1500 3039 —-
1541 3005 1774 3048 Fabulam
1788 3008 1925 3051 MSS.

1044 3059 1199 3103 Guelf.-
1218 3058 1329 3103 Bud.
1354 3061 1455 3104 edd.
1471 3060 1588 3119 Spir.
1601 3062 1705 3105 Put.
1721 3062 1928 3108 Beroald,

1042 3119 1164 3171 (curn
1190 3115 1335 3160 silent.
1358 3115 1494 3184 Vici.)
1518 3133 1616 3176 sqq.
1674 3120 1734 3162 cf.
1762 3120 1928 3166 Catull.

1044 3175 1112 3218 18.
1183 3173 1390 3216 Ceterum
1431 3173 1539 3218 nihil
1586 3175 1789 3221 inlibris
1820 3186 1927 3221 vett.

1044 3230 1319 3288 frequentius
1343 3239 1407 3272 est
1443 3247 1576 3291 quam
1612 3233 1783 3278 litterae
1816 3236 1929 3278 sim-

1043 3288 1182 3347 plices
1216 3301 1299 3344 pro
1334 3287 1567 3345 duplicatis
1589 3289 1782 3348 positae,
1818 3301 1861 3334 et
1893 3292 1927 3334 si

1045 3345 1197 3388 omnia
1243 3345 1463 3388 eiusmodi
1500 3345 1605 3389 vitia
1645 3347 1810 3391 vellem
1856 3348 1931 3391 ad·

1044 3410 1222 3449 notare,
1250 3402 1492 3445 adnotandi
1511 3402 1611 3445 finis
1632 3413 1744 3446 esset
1766 3405 1931 3447 nullus.

1045 3461 1104 3502 lta
1140 3475 1240 3500 mox
1266 3458 1311 3502 in
1337 3456 1488 3505 Guelf.
1518 3459 1680 3504 Casius
1701 3477 1782 3519 pro
1811 3461 1929 3505 Cas·

1045 3518 1159 3558 sius.
1296 3574 1339 3632 S

1826 1611 1912 1654 Ac·
1970 1637 1973 1643 ⁴
