2138 4030
1864 20 1882 68 *ἐ
1962 47 1965 51 ‚
2013 30 2020 39 ε

187 241 262 299 18
757 234 1461 301 HISTORIARUM
1728 229 1887 322 22:¹33„
1939 305 1956 325 ,

181 368 328 426 dicis
382 364 672 438 obligatae
727 367 948 424 recenti
1001 368 1160 424 dono
1210 366 1519 428 Romanae
1564 370 1838 432 ‘civitatis-
1870 385 1934 432 et
1974 374 2042 439 in

180 463 485 530 posterum
526 449 738 507 tributi
786 451 1139 512 levamentO.
1211 440 2051 529 proximaefltarnenlssdma‘s-

181 539 276 594 nis
321 535 665 592 exercitibus
703 533 1039 592 Galliarum
1083 535 1347 597 civitates
1384 559 1510 595 non
1562 542 1770 601 eodem
1812 538 2042 609 honore

178 620 445 692 habitae,
511 621 801 697 quaedam
847 621 1025 678 etiam
1070 621 1290 680 finibus
1333 624 1623 700 ademptis
1667 627 1802 702 pari
1836 618 2042 691 dol'ote

181 702 488 765 commoda
519 706 712 762 aliena
747 725 812 762 ac
838 726 969 763 suas
1003 706 1254 764 iniurias
1288 709 1703 771 metiebantur.
1735 701 2073 791 ''³G'grma2

181 794 301 850 nici
338 790 654 860 exercitus,
699 790 1457 871 quod'periculosissimum
1491 794 1557 850 in
1588 795 1767 859 tantis
1797 787 2044 868 ἐἰῇ-111113,

183 877 419 936 Solliciti
446 888 502 934 et
526 875 691 946 irati,
727 876 1007 952 'superbia
1030 871 1280 935 recentis
1307 879 1587 936 victoriae
1623 892 1680 938 et
1711 880 1874 962 metu
1907 893 2042 950 tan-,-

181 985 357 1042 quam
402 963 546 1019 alias
589 971 783 1037 partes
836 961 1139 1022 fovissent.
1253 962 1452 1021 Tarde
1495 985 1530 1021 a
1571 963 1809 1024 Nerone
1836 963 2042 1025 flesti-

180 1060 414 1118 verant,
468 1067 576 1103 nec
618 1046 814 1103 statim
852 1066 960 1122 pro
999 1046 1193 1105 Galba
1230 1046 1573 1123 Verginius:
1629 1071 1707 1108 an
1751 1052 2042 1128 imperare¹

180 1134 491 1203 voluisset,
536 1131 812 1189 dubium:
870 1132 1133 1191 delatum
1166 1134 1222 1189 ei
1261 1154 1295 1191 a
1324 1134 1514 1197 milite
1543 1135 1861 1212 imperium
1899 1141 2045 1200 cona,

1147 1384 1316 1422 stanter
1345 1378 1534 1422 audiunt
1565 1380 1806 1424 exercitus
1833 1377 2042 1425 Germa-

182 1380 407 1438 :criptura
432 1377 538 1421 facit
565 1378 693 1422 locus
717 1376 823 1421 infr.
847 1377 891 1427 2,
910 1376 982 1423 75.
1007 1380 1077 1421 le-

1147 1437 1253 1478 m'ci.
1314 1435 1374 1480 cf.
1406 1437 1499 1480 An.
1531 1439 1570 1488 1,
1589 1438 1664 1481 22.
1699 1436 1771 1480 81.
1794 1437 1869 1489 46.
1923 1434 2041 1487 Hist-

180 1441 342 1494 giones
361 1438 482 1481 civili
498 1437 617 1478 bello
639 1438 930 1491 inexpertas.

233 1507 410 1553 recenti
425 1507 695 1550 donoRom.
722 1507 936 1552 ciuitatis.
982 1505 1077 1549 Pri·

178 1582 331 1614 mores
356 1564 528 1608 Galliae
559 1564 683 1622 prius
719 1564 765 1606 id
797 1564 866 1606 ius
896 1580 1076 1622 accepe-

178 1633 295 1670 rant.
367 1622 427 1666 cf.
461 1620 551 1666 An.
588 1623 655 1671 11,
687 1621 759 1665 23.
827 1623 920 1664 Iam
963 1638 1078 1680 pro-

178 1682 352 1726 misene
393 1679 546 1721 datum
586 1688 664 1722 est.
749 1678 805 1722 cf.
847 1679 1075 1722 Plutarch.

178 1738 311 1784 Galb.
345 1754 384 1780 c.
420 1738 490 1780 18.
568 1737 661 1779 Pro
691 1738 814 1779 dono
845 1737 915 1779 ed.
951 1737 1073 1794 Spir.

177 1797 308 1841 habet
355 1794 567 1838 domino.
655 1793 782 1836 Idem
828 1795 921 1836 vult
970 1794 1073 1839 cod.

81 1856 87 1858 ’
177 1853 354 1900 Guelf..
385 1853 493 1895 dum
517 1867 599 1910 per
619 1851 943 1909 compendium
965 1850 1072 1894 seri·

178 1913 244 1956 bit
274 1912 384 1954 dtfo.

234 1970 402 2012 tributi
413 1969 695 2009 levamento.
739 1965 800 2009 cf.
817 1965 928 2009 infr.
953 1966 1078 2009 c.51.

232 2026 466 2071 Romanis
486 2026 779 2067 exercitibus.
840 2023 919 2066 Sic
938 2023 1075 2067 MSS.

180 2083 334 2128 Guelf.
363 2083 404 2136 (a
426 2098 496 2140 pr.
522 2082 682 2135 manu)
711 2080 833 2124 Harl.
861 2082 945 2124 les.
974 2080 1076 2123 edd.

178 2143 300 2200 Spir.
320 2140 423 2184 Put.
445 2139 513 2182 M.
539 2147 582 2182 et
604 2138 659 2182 V.
687 2137 896 2181 Beroald.
924 2139 985 2193 (c.
1007 2137 1077 2180 sil.

181 2200 322 2252 Viet.)
347 2197 450 2240 Ale.
480 2221 538 2230 --
582 2196 832 2239 Germanis
856 2197 1075 2238 exerciti-

179 2261 264 2300 bus
284 2253 422 2299 MSS.
447 2253 560 2312 Reg.
599 2253 737 2296 Corb.
775 2253 890 2296 Bud.
919 2250 1075 2296 Guelf.

181 2320 340 2373 (a2sec.
363 2315 518 2365 manu)
551 2311 655 2354 edd.
681 2310 824 2353 Rhen.
847 2311 954 2355 Ald.
975 2325 1074 2367 sqq.

180 2380 223 2419 et
247 2386 393 2430 nuper
423 2368 617 2413 Bekker.
653 2396 716 2406 ω-
788 2369 1079 2411 Germanicis

180 2429 461 2473 exercitibus
480 2426 582 2473 MS.
606 2426 716 2484 Agr.
743 2426 844 2469 edd.
866 2424 1077 2469 Oberlin.

180 2503 279 2546 sqq.
339 2485 396 2528 Et
420 2484 529 2528 haec
550 2484 731 2542 quidem
756 2483 978 2542 scriptura
993 2515 1005 2534 ,
1040 2481 1076 2524 si

180 2546 342 2589 idonea
366 2542 591 2584 librorum
615 2541 880 2585 auctoritate
904 2540 1075 2583 nitere-

179 2612 278 2653 tur,
312 2601 414 2643 satis
438 2606 537 2656 apta
560 2598 701 2642 videri
726 2606 891 2657 posset.
955 2597 1076 2640 Ger-

181 2661 317 2703 mani
338 2658 573 2701 exercitus
599 2665 748 2700 autem
771 2671 866 2698 non
890 2661 1078 2714 possunt

184 2716 297 2767 diei,
339 2714 422 2756 nisi
455 2714 533 2770 qui
568 2731 590 2756 e
613 2713 854 2756 Germanis
885 2727 1080 2770 compo-

134 2796 137 2799 *
183 2774 254 2818 siti
278 2772 350 2817 vel
369 2770 707 2814 Germanorum
730 2780 856 2814 sunt:
887 2785 1001 2828 quos
1022 2768 1076 2811 ab

182 2831 272 2875 hoc
303 2831 406 2873 loeo
438 2843 531 2870 esse
552 2828 723 2871 alienos
748 2828 905 2873 video.
961 2826 1076 2870 Cer-

182 2888 275 2932 tior
292 2885 410 2930 haud
435 2883 572 2927 dubie
591 2894 716 2935 zetus
736 2886 958 2944 scriptura
978 2883 1077 2926 Ro-

155 2945 157 2947 ’
184 2944 359 2989 manis.
392 2970 451 2978 -
503 2942 615 2984 Mox
638 2942 912 2985 Germanici
934 2953 1076 2984 exer-

184 3007 300 3046 citus
311 2998 444 3044 MSS.
456 2999 572 3042 Bud.
588 3000 692 3056 Agr.
707 3000 807 3043 edd.
821 2999 949 3042 Rhen
975 2997 1079 3041 Ald-

187 3075 286 3118 sqq.
311 3082 363 3092 —
417 3056 506 3100 Iac.
528 3055 816 3105 Gronovius,
847 3055 1079 3100 Ernestius

186 3126 231 3160 et
271 3131 415 3173 nuper
446 3113 675 3156 Bekkerus
720 3118 917 3157 maluere
956 3113 1079 3155 Ger-

185 3175 323 3217 mani
340 3172 596 3225 exercitus,
627 3186 739 3228 quae
767 3172 988 3227 scriptura
1012 3176 1079 3212 est

184 3233 234 3275 in
260 3229 396 3274 MSS.
428 3229 554 3271 Flor.
596 3229 710 3282 (test.
739 3226 828 3271 Iac.
852 3228 1075 3280 Gronov.)

187 3287 342 3332 Guel-f.
375 3285 497 3330 Harl.
530 3284 661 3328 Bodl.
699 3284 783 3326 Ies.
821 3286 922 3328 edd.
957 3283 1077 3343 Spir.

184 3346 288 3389 Put.
310 3343 378 3388 M.
405 3352 449 3386 et
469 3342 527 3386 V.
550 3340 759 3385 Beroald.
782 3342 904 3397 (cum
929 3343 1078 3385 silent.

186 3403 344 3459 vien).
424 3399 669 3444 Oberlinus
710 3398 874 3458 aliique
915 3399 1079 3443 rectius

184 3460 469 3505 retinuerunt
502 3456 791 3500 Germanici.
850 3455 964 3498 Nam
1002 3455 1076 3497 in-

183 3516 448 3576 telliguntur
496 3513 717 3557 exercitus
764 3512 1076 3557 Romanorum

183 3575 230 3619 in
245 3573 488 3618 Germania
510 3570 643 3617 babiti
657 3602 669 3622 ,
691 3570 766 3627 qui
779 3570 945 3614 Nostro
969 3586 1078 3614 con·

1146 1495 1189 1546 2,
1209 1492 1281 1537 58.
1312 1495 1351 1544 1,
1374 1494 1444 1537 26.
1470 1501 1514 1536 et
1538 1494 1660 1538 alibi.
1729 1493 1902 1538 Similis
1936 1491 2044 1550 cons-

1147 1550 1269 1594 fusio
1293 1550 1428 1594 nobis
1453 1551 1583 1595 obvia
1606 1552 1690 1596 erit
1710 1549 1823 1596 infr.
1845 1551 1890 1604 4,
1906 1552 1986 1597 76..
2001 1559 2044 1596 et

1147 1610 1190 1660 8,
1215 1606 1284 1652 13.
1359 1607 1572 1652 Ceterum
1603 1609 1708 1654 satis
1739 1608 1953 1669 frequens
1977 1611 2044 1653 est

1146 1667 1194 1710 in
1251 1674 1363 1711 vett.
1420 1665 1546 1709 libris
1590 1665 1797 1710 confusio
1837 1666 2040 1713 vocabu-

1143 1724 1292 1768 lorum
1316 1723 1531 1766 Romani
1549 1731 1592 1766 et
1614 1724 1868 1768 Germani.-
1897 1738 2043 1770 exem·

1143 1782 1217 1841 pla
1244 1780 1496 1824 videbimus
1516 1781 1670 1826 multa.

1199 1864 1394 1908 solliciti
1409 1871 1454 1906 et
1476 1865 1606 1908 irati.
1666 1864 1723 1908 H.
1751 1881 1791 1909 e.
1816 1865 1880 1909 ita
1904 1863 2042 1910 solli}-

1150 1923 1252 1971 citi,
1283 1929 1333 1964 ut
1354 1921 1568 1965 timerent
1589 1922 1772 1980 quidem
1793 1923 2045 1982 imperato·-

1148 1981 1209 2025 ris
1232 1980 1281 2022 in
1302 1995 1348 2022 se
1371 1978 1487 2027 odia,
1521 1995 1668 2037 neque
1692 1989 1844 2024 tamen
1865 1978 2044 2027 veniam

1150 2044 1390 2096 cuperent,
1440 2035 1517 2079 sed
1550 2037 1702 2094 potius
1733 2036 1834 2081 odia
1874 2036 2042 2096 redde-

1149 2103 1271 2138 rent.
1358 2093 1544 2136 Frustra
1584 2093 1758 2152 Lipsius
1796 2109 1882 2153 pro
1924 2094 2048 2138 'irati

1148 2150 1350 2196 tentabat
1402 2152 1540 2202 eloti;
1600 2151 1811 2206 Heinsius
1837 2175 1841 2178 ·
1869 2147 2042 2207 inflatz‘.

1151 2208 1388 2252 Vocabulo
1419 2208 1611 2252 solliciti
1635 2209 1686 2266 in*
1713 2208 1812 2268 s'fffl‘.
1849 2217 2040 2268 respou-

1149 2265 1226 2310 det
1266 2273 1445 2311 metus.-
1505 2267 1725 2322 superbia
1764 2265 2044 2327 respicit-ad

1149 2324 1281 2367 irati·
2029 2327 2035 2346 ³

1204 2401 1251 2437 et
1286 2400 1429 2438 metu.
1498 2394 1576 2450 Sic
1602 2393 1705 2439 MS.
1743 2393 1899 2439 Guelf.
1934 2396 2042 2441 edd.

1148 2451 1254 2496 Put.
1277 2469 1297 2495 s
1333 2467 1363 2510 q
1414 2475 1468 2486 -·
1534 2457 1580 2496 et
1612 2459 1765 2497 metus
1786 2452 1890 2497 MS.
1917 2454 2043 2499 Flor.

1149 2510 1265 2566 (test.
1330 2511 1428 2568 iet.)
1450 2517 1492 2552 et
1515 2508 1586 2553 ed.
1605 2511 1722 2569 Spir.
1739 2543 1751 2562 ,
1768 2511 1905 2569 'quod
1928 2512 2043 2555 bene

1148 2583 1195 2611 se
1218 2567 1396 2611 habebit
1417 2566 1618 2626 pleniore
1633 2567 1922 2613 distinctione
1942 2577 2046 2628 post

1148 2626 1265 2668 irati
1293 2625 1454 2683 posita.
1524 2625 1632 2668 Mox
1662 2625 1768 2670 MS.
1798 2626 1911 2684 Agr.
1942 2634 2044 2670 ante

1151 2686 1287 2725 tarde
1311 2682 1433 2725 addit
1458 2683 1549 2737 qui.
1822 2701 1825 2705 ⁴
1903 2695 1905 2698 ⁴
1932 2705 1933 2709 ¹
2030 2739 2033 2742 ψ

1209 2752 1475 2805 Verginius.
1547 2750 1629 2800 ‚Sic
1667 2751 1770 2797 edd.
1801 2751 1910 2797 Put.
1940 2752 2040 2813 εἴη.

1149 2832 1206 2842 --
1241 2810 1488 2863 Virginius
1507 2806 1608 2853 MS.
1637 2807 1790 2855 Guelf.
1821 2835 1874 2846 —
1917 2809 2043 2854 Ver-²

1147 2868 1312 2922 genius
1341 2865 1442 2911 MS.
1474 2866 1598 2910 Flor.
1632 2875 1734 2912 test.
1761 2867 1912 2923 vict-3
1953 2882 2040 2911 vn-

1147 2924 1316 2979 gem‘us
1342 2923 1414 2968 ed.
1442 2923 1561 2982 Spir.
1620 2924 1734 2968 Mox
1765 2933 1955 2986 uterque
1989 2922 2043 2970 li-

1149 2982 1230 3024 ber
1265 2981 1496 3035 Ver-gemo
1526 2990 1569 3026 et
1601 2998 1642 3038 e.
1669 2982 1713 3024 9.
1747 2983 2041 3040 Verginium.

1152 3039 1214 3082 cf.
1239 3047 1339 3082 not.
1368 3039 1424 3082 ad
1450 3039 1542 3082 An.
1567 3039 1634 3092 15,
1655 3039 1728 3083 23.

1208 3124 1274 3151 an
1291 3110 1527 3163 imperare
1554 3110 1786 3156 voluisset.
1831 3091 2043 3174 Heinsiue

1150 3165 1354 3210 volebat:
1420 3169 1643 3219 voluerit,
1705 3165 1774 3210 esi
1829 3169 2043 3214 dubium.

1151 3224 1288 3267 Male.
1349 3223 1462 3267 Nam
1496 3223 1678 3268 Tacitus
1713 3239 1810 3293 ηομ
1844 3225 2044 3294 loquitur

1150 3281 1677 3386 ἓῗηῗΞῘ-ἶιῖῗῗῖῑῗέεἰυῗξεῖ
1691 3281 1936 3390 ἆῗιέῗῖἷιῖἷῖἷ
1940 3298 2046 3384 ‘'5512‘’

1152 3405 1237 3462 etc.
1336 3393 1450 3462 Rem
1493 3396 1632 3453 tangit
1682 3395 1817 3440 etiam
1859 3397 1951 3466 Dio
1995 3399 2043 3454 in

1149 3451 1492 3570 }.¹‘i·05¹{‘.³¹¹}·121}‘:
1516 3452 2044 3574 2252..3f·.532÷.¹},÷;3²a;

1147 3569 1218 3613 25·
1269 3566 1387 3613 Plin-
1416 3583 1486 3627 eP*
1506 3568 1549 3617 2,
1573 3570 1611 3612 1·
1727 3618 1729 3621 Ι
