2138 4030
162 247 216 286 A.
233 249 287 286 U.
304 248 390 285 823.

162 295 215 329 A.
226 293 293 328 ·C.-
327 294 390 330 ¹11).

563 251 735 314 LIB.
774 250 883 314 ΙΙΙ.
961 247 1159 313 CAP.
1188 248 1293 315 63.
1326 252 1429 314 64.

78 382 144 439 in
169 383 433 440 medium
462 381 791 442 Vitelliani.
875 392 932 439 et
956 381 1346 440 circumdatos
1367 380 1604 441 Primus
1626 379 1928 444 Antonius

79 469 396 525 clementer
427 466 787 543 adloquitur.
871 487 1007 542 pars
1037 465 1323 537 Narniae,
1382 486 1520 542 pars
1556 467 1929 529 Interamnae

82 554 394 610 subsistere
430 552 589 610 iussi.
656 551 893 608 relictae
918 552 1095 609 simul
1116 572 1149 608 e
1173 552 1514 610 victricibus
1539 553 1797 627 legiones
1821 577 1931 614 ne-

81 658 196 714 que
224 638 657 715 quiescentibus
685 655 887 710 graves
915 648 971 694 et
1005 639 1284 694 adversus
1316 639 1746 695 contumaciam
1777 641 1931 698 vali-

82 724 207 779 dae.
289 723 429 781 Non
463 722 712 778 omisere
736 741 842 797 per
866 741 965 778 eos
993 722 1117 778 dies
1140 721 1376 779 Primus
1399 742 1467 779 ac
1487 718 1682 780 Varus
1709 726 1938 783 crebris

81 809 308 866 nuntiis
356 808 600 864 salutem
649 818 706 863 et
744 807 1058 881 pecuniam
1094 817 1153 863 et
1188 818 1404 864 secreta
1435 805 1795 883 Campaniae
1836 812 1944 868 of-

80 894 234 950 ferre
273 891 553 961 Vitellio,
614 891 666 948 si
710 891 917 966 positis
964 891 1144 948 armis
1196 911 1373 969 seque
1414 911 1482 949 ac
1527 893 1748 951 liberos
1793 913 1930 953 suos
2013 900 2021 912 ‘

82 976 443 1053 Vespasiano
478 976 852 1052 permisisset.
935 974 1009 1033 In
1039 977 1298 1033 eundem
1334 978 1580 1034 modum
1616 989 1674 1035 et
1695 977 1933 1037 Mucia-

82 1082 196 1119 nus
221 1062 550 1138 composuit
575 1062 878 1137 epistolas:
923 1061 1140 1139 quibus
1169 1062 1514 1139 plerumque
1537 1062 1718 1120 fidere
1742 1062 1935 1123 Vitel-

83 1147 199 1204 lius
238 1169 306 1205 ac
343 1149 415 1204 de
454 1167 704 1204 numero
741 1166 1078 1215 servorum,
1130 1146 1414 1204 electione
1458 1147 1704 1216 litorum
1747 1149 1935 1227 loqui.

83 1244 247 1291 tanta
273 1234 519 1307 torpedo
549 1232 842 1288 invaserat
859 1232 1160 1301 animum,
1206 1243 1300 1300 ut,
1353 1232 1404 1289 si
1431 1232 1763 1309 principem
1797 1255 1934 1294 eum

83 1317 263 1375 fuisse
291 1318 467 1375 ceteri
487 1338 612 1374 non
634 1316 1062 1387 meminissent,
1099 1315 1222 1391 ipse
1247 1317 1713 1382 oblivisceretur.

252 1400 475 1463 LXIV.
543 1400 628 1459 At
677 1402 965 1476 primores
1018 1401 1271 1476 civitatis
1319 1395 1594 1460 Flavium
1643 1403 1936 1471 Sabinum

85 1489 441 1564 praefectum
478 1486 645 1544 urbis
681 1487 913 1544 secretis
949 1486 1320 1544 sermonibus
1350 1485 1709 1559 incitabant,
1738 1490 1948 1565 'victos

86 1573 209 1630 riae
229 1574 534 1648 famaeque
559 1582 787 1647 partem
817 1582 1154 1647 capesseret.
1216 1591 1335 1628 esse
1363 1572 1455 1629 illi
1479 1574 1791 1650 proprium
1823 1576 1942 1646 mie

87 1658 253 1731 litem
289 1653 621 1715 cohortium
656 1657 1053 1717 urbanarum:
1109 1676 1216 1712 nec
1242 1657 1543 1718 defuturas
1562 1659 1812 1734 vigilum
1841 1682 1943 1720 co·-

1800 256 1947 316 3312

87 1738 318 1814 horteS,
371 1742 608 1799 servitia
652 1742 946 1818 ipsorum,
998 1743 1301 1800 fortunam
1337 1743 1598 1821 partium
1638 1755 1697 1802 et
1735 1739 1941 1805 omnia

791 1852 806 1870 l

89 1908 162 1953 M.
213 1914 259 1952 et
296 1905 382 1959 V..
440 1907 544 1952 dein
585 1907 714 1953 Pich.
753 1909 901 1954 Berne
934 1925 977 1978 g.

940 1985 984 2010 ,-

26 1986 33 1997 ·
89 1981 190 2025 sqq.
237 1989 290 2001 --
358 1965 587 2010 Victorius
618 1966 838 2011 intactum
869 1982 919 2011 re

92 2024 188 2082 quit
225 2031 555 2079 armatusque,
612 2025 735 2080 quod
770 2032 908 2068 exstat
937 2025 985 2067 in

90 2079 227 2125 MSS.
255 2080 410 2124 Guelf.
436 2081 559 2126 Harl.
586 2081 718 2124 Bodl.
750 2081 835 2125 les.
870 2082 984 2139 Reg.

93 2138 230 2183 Corb.
254 2139 292 2182 A
325 2155 361 2182 r.
379 2139 489 2183 edd.
513 2137 630 2197 Spir.
657 2138 984 2183 Beroald.Alc.

91 2212 190 2254 sqq.
214 2197 267 2239 ad
333 2196 561 2247 iehenan„
602 2203 645 2238 et
667 2194 726 2240 ita
747 2196 987 2239 ediderunt

88 2252 320 2297 Ernestius
361 2262 406 2296 et
442 2252 690 2296 Broterius.
746 2254 988 2311 ,Suspicor

89 2313 139 2358 in
173 2310 275 2354 cod.
306 2311 428 2354 Flor.
470 2310 740 2354 vocabulum
777 2311 985 2369 ambigue

91 2368 326 2424 scriptum.
386 2367 592 2424 Utraque
628 2369 850 2425 scriptura
886 2377 986 2426 apta

93 2434 174 2473 est.
220 2423 449 2468 Ernestius
475 2425 657 2483 quidem
681 2425 904 2468 desiderat
923 2426 987 2468 lo·

94 2498 248 2537 eum„
281 2483 329 2527 in
364 2497 456 2539 quo
492 2490 692 2525 ornatus
722 2482 987 2539 simpliciter

93 2541 268 2584 dicatur
289 2538 350 2591 is,
376 2540 450 2596 qui
474 2539 692 2596 gladium,
722 2539 807 2581 tela
829 2540 876 2582 in
897 2553 990 2581 ma·

92 2598 230 2642 nibus
253 2605 402 2640 teneat
425 2596 655 2654 pugnandi
682 2611 831 2640 causa.
890 2596 988 2639 Pu-

92 2662 157 2701 tat
180 2654 436 2701 addendum
459 2652 597 2696 fuisse
620 2654 890 2698 militariter
906 2651 991 2697 -vel

93 2715 223 2757 cultu
243 2712 456 2755 militari.
514 2709 686 2754 Verum
707 2710 743 2753 si
771 2710 990 2754 exercitus

94 2779 145 2814 ut
176 2769 230 2812 ad
265 2768 488 2826 proelium
513 2777 700 2811 ornatus
729 2767 872 2820 stetit,
909 2783 990 2826 per

95 2843 142 2874 se
186 2825 450 2882 intelligitur
491 2825 744 2868 militariter
778 2834 988 2869 ornatum

96 2900 200 2934 eum
249 2882 438 2928 stetisse.
527 2881 740 2925 Ceterum
788 2890 990 2926 ornatus

96 2947 265 3011 spectat
297 2938 432 2983 etiam
465 2939 520 2982 ad
544 2939 716 2983 cultum
740 2955 994 2991 armorum,

97 3013 332 3056 signorum
396 2997 690 3063 omniumque
744 2996 991 3054 insignium

98 3054 378 3100 militarium.
435 3053 537 3096 Non
563 3070 682 3105 emm
710 3053 883 3099 inluvie
908 3054 992 3097 de-

97 3111 237 3156 formi
260 3110 420 3166 obsiti,
451 3110 529 3155 sed
549 3110 798 3168 insignibus
821 3110 994 3170 fulgen·

96 3178 163 3214 tes
181 3168 238 3213 ad
254 3167 479 3226 proelium
505 3169 644 3211 ibant.

154 3226 426 3273 adstiterat.
486 3225 555 3267 Ed
578 3224 698 3283 Spir.
719 3227 990 3271 adsisteret.

95 3283 214 3333 Edd.
259 3282 364 3327 Put.
405 3282 510 3326 Ber.
552 3282 655 3326 Alc.
692 3283 838 3327 Rhen.
884 3299 990 3331 cum

99 3341 203 3388 eod.
232 3338 387 3385 Guelf.
423 3339 700 3389 adstiterat,
741 3356 835 3384 non
866 3342 987 3384 asti-

99 3405 242 3441 terat.
298 3399 303 3410 ¹

156 3456 203 3497 in
227 3437 459 3503 medium.
519 3453 621 3499 MS.
643 3454 755 3512 Reg.
793 3457 858 3497 ad
887 3469 989 3498 me-

101 3512 246 3554 dium.
841 3559 843 3561 .

156 3570 419 3615 subsistere.
524 3567 628 3613 MS.
686 3568 809 3612 Flor.
874 3570 988 3622 (test.

1052 1908 1199 1959 vict.)
1235 1909 1510 1965 substitere,
1549 1917 1608 1956 ,ut
1645 1909 1867 1974 intelligas
1889 1912 1957 1960 id.

1051 1965 1153 2010 illos
1175 1965 1335 2010 fecisse
1357 1967 1554 2012 iussosae-
1881 1994 1883 1998 ⁴
1901 1980 1912 2001 ·'

1111 2039 1246 2080 seque
1277 2039 1335 2066 ae
1363 2027 1546 2068 liberos.
1604 2025 1706 2070 MS.
1727 2025 1844 2074 Bud.
1871 2028 1945 2075 ed.

1056 2081 1180 2139 Spir.
1210 2096 1260 2124 se
1289 2097 1343 2123 ac
1368 2083 1569 2125 liberos.
1642 2083 1733 2128 Sed
1759 2084 1947 2143 'vulgata

1055 2139 1272 2195 scriptura
1302 2138 1417 2181 bene
1451 2155 1499 2183 se
1531 2139 1664 2184 habet
1696 2150 1737 2185 et
1773 2144 1954 2201 egregie

1057 2196 1268 2242 convenit
1287 2194 1462 2239 Tacito.
1521 2196 1581 2240 cf.
1606 2198 1714 2242 infr.
1732 2199 1775 2248 4,
1799 2199 1842 2244 2.
1867 2201 1960 2245 nee'

1056 2262 1294 2295 cunctatus
1321 2261 1393 2295 est
1418 2255 1788 2312 Vz'tellz'usseque
1812 2266 1858 2300 et
1882 2275 1954 2305 co,-

1053 2312 1213 2353 hones
1236 2311 1431 2353 arbitrio
1454 2313 1641 2355 victoris
1661 2316 1952 2369 permittere.

1057 2368 1329 2419 An.‘¹1,-61.
1370 2370 1559 2426 visuque
1594 2386 1654 2420 ‚ae
1701 2374 1949 2416 memoria.

1058 2423 1162 2467 Vid.
1188 2424 1248 2468 ibi
1274 2433 1369 2468 not.

1105 2495 1279 2551 fidere.
1347 2494 1432 2539 Ed.
1461 2496 1587 2555 Spir.
1607 2499 1785 2555 fidem,
1826 2457 1956 2575 quthl:

1063 2578 1279 2642 originem
1318 2578 1450 2642 trarit
1481 2597 1505 2622 e
1539 2578 1810 2642 compendio
1832 2577 1961 2646 fiatf-

1062 2635 1231 2679 Eadem
1254 2652 1359 2678 mox
1378 2651 1433 2678 ac
1453 2638 1498 2679 si
1512 2640 1570 2679 de
1594 2643 1797 2682 numero'
1818 2638 1961 2711 etcssffz

1119 2709 1330 2751 litorum.
1400 2708 1478 2752 sic
1511 2709 1647 2754 MSS.
1671 2711 1795 2762 Flor.
1823 2715 1954 2770 (lest.

1060 2766 1210 2822 Pich.)
1233 2764 1386 2808 Guelf.
1411 2764 1514 2808 edd.
1536 2766 1656 2824 Spir.
1674 2767 1800 2815 Pieh.
1817 2771 1951 2820 Grut.

1058 2840 1156 2882 sqq.
1178 2823 1312 2890 idque
1343 2823 1432 2889 iam
1453 2823 1626 2890 Lipsius
1660 2825 1960 2879 divinaverat;

1061 2882 1151 2927 Sed
1176 2896 1280 2938 quia
1313 2880 1423 2922 olim
1456 2890 1674 2938 seriptum
1703 2881 1791 2927 fuit
1820 2890 1953 2939 litto..

1060 2955 1194 2993 rum,
1228 2937 1532 3003 pei-frequenti
1556 2938 1803 2986 litterarum
1822 2955 1911 2996 exet
1933 2955 1955 2996 t,

1062 3003 1387 3056 permutatione
1429 3002 1578 3038 ortum
1619 3006 1686 3042 est
1726 3001 1954 3057 lictorum,

1097 3052 1188 3096 uod
1212 3060 1347 3096 exstat
1370 3053 1415 3095 in
1431 3051 1564 3096 MSS.
1577 3052 1700 3098 Harl.
1715 3055 1851 3102 Bodl.
1867 3062 1951 3110 les.

1061 3071 1442 3222 lats->idd-
1463 3107 1696 3213 ¹333?
1729 3117 1855 3170 (Μ
1876 3173 1932 3216 v

1066 3186 1133 3270 <fit
1164 3197 1330 3289 'tam-eii
1366 3182 1541 3280 gib-sius
1584 3186 1954 3286 intelliginolitorlg

1063 3283 1361 3338 Campaniae,
1396 3295 1520 3338 ‘quae
1558 3297 1601 3327 c.
1632 3285 1704 3329 66.
1742 3286 1955 3335 dicuntur

1058 3337 1176 3384 beati
1202 3337 1471 3395 Campaniae
1491 3339 1630 3385 sinus.

1121 3396 1232 3439 CAP.
1252 3394 1324 3438 64.
1364 3405 1638 3451 capesseret.
1698 3400 1951 3461 Edd.spir.

1061 3452 1167 3520 ΑῙιῘἶ
1194 3461 1466 3519 eapesceret.
1795 3515 1804 3526 .

1060 3512 1951 3633 ε6ῗ’ἶέἷι“ἒ’ἷσῖἵιῗέῗὲἱ“οιῗρκὲἳύῗοῗί
