<?xml version="1.0" encoding="UTF-8"?>
<!DOCTYPE html PUBLIC "-//W3C//DTD XHTML 1.0 Transitional//EN"
    "http://www.w3.org/TR/xhtml1/DTD/xhtml1-transitional.dtd">
<html xmlns="http://www.w3.org/1999/xhtml" xml:lang="en" lang="en">
 <head>
  <title>
</title>
<meta http-equiv="Content-Type" content="text/html;charset=utf-8" />
  <meta name='ocr-system' content='tesseract 3.04.00' />
  <meta name='ocr-capabilities' content='ocr_page ocr_carea ocr_par ocr_line ocrx_word'/>
</head>
<body>
  <div class='ocr_page' id='page_1' title='image "./operarecensuitet03taciuoft/operarecensuitet03taciuoft_0246.png"; bbox 0 0 2138 4030; ppageno 0'>
   <div class='ocr_carea' id='block_1_1' title="bbox 1753 244 1968 328">
    <p class='ocr_par' dir='ltr' id='par_1_1' title="bbox 1753 244 1968 328">
     <span class='ocr_line' id='line_1_1' title="bbox 1753 244 1968 283; baseline 0 -1"><span class='ocrx_word' id='word_1_1' title='bbox 1753 247 1805 282; x_wconf 79' lang='lat' dir='ltr'>A.</span> <span class='ocrx_word' id='word_1_2' title='bbox 1819 244 1873 283; x_wconf 86' lang='lat' dir='ltr'>U.</span> <span class='ocrx_word' id='word_1_3' title='bbox 1884 245 1968 282; x_wconf 77' lang='lat'>823.</span> 
     </span>
     <span class='ocr_line' id='line_1_2' title="bbox 1755 288 1968 328; baseline 0.014 -3"><span class='ocrx_word' id='word_1_4' title='bbox 1755 290 1807 326; x_wconf 86' lang='lat' dir='ltr'>A.</span> <span class='ocrx_word' id='word_1_5' title='bbox 1825 288 1871 326; x_wconf 80' lang='lat' dir='ltr'>C.</span> <span class='ocrx_word' id='word_1_6' title='bbox 1909 290 1968 328; x_wconf 72' lang='lat'>70.</span> 
     </span>
    </p>
   </div>
   <div class='ocr_carea' id='block_1_2' title="bbox 204 236 1495 314">
    <p class='ocr_par' dir='ltr' id='par_1_2' title="bbox 204 236 1495 314">
     <span class='ocr_line' id='line_1_3' title="bbox 204 236 1495 314; baseline -0.004 -1"><span class='ocrx_word' id='word_1_7' title='bbox 204 236 328 314; x_wconf 74' lang='lat'>236</span> <span class='ocrx_word' id='word_1_8' title='bbox 764 245 1495 310; x_wconf 78' lang='lat' dir='ltr'>HISTORIARUM</span> 
     </span>
    </p>
   </div>
   <div class='ocr_carea' id='block_1_3' title="bbox 120 377 2061 1563">
    <p class='ocr_par' dir='ltr' id='par_1_3' title="bbox 120 377 2061 1563">
     <span class='ocr_line' id='line_1_4' title="bbox 206 377 2054 455; baseline -0.003 -13"><span class='ocrx_word' id='word_1_9' title='bbox 206 386 350 442; x_wconf 88' lang='lat' dir='ltr'>dum</span> <span class='ocrx_word' id='word_1_10' title='bbox 370 382 548 451; x_wconf 88' lang='lat' dir='ltr'>foret,</span> <span class='ocrx_word' id='word_1_11' title='bbox 590 399 895 439; x_wconf 76' lang='lat' dir='ltr'>consensa.</span> <span class='ocrx_word' id='word_1_12' title='bbox 983 377 1098 437; x_wconf 88' lang='lat' dir='ltr'>Sed</span> <span class='ocrx_word' id='word_1_13' title='bbox 1121 377 1378 453; x_wconf 89' lang='lat' dir='ltr'>plurima</span> <span class='ocrx_word' id='word_1_14' title='bbox 1401 388 1617 451; x_wconf 85' lang='lat' dir='ltr'>strages</span> <span class='ocrx_word' id='word_1_15' title='bbox 1641 378 1716 435; x_wconf 89' lang='lat' dir='ltr'>ad</span> <span class='ocrx_word' id='word_1_16' title='bbox 1741 379 2054 455; x_wconf 85' lang='lat' dir='ltr'>septimum</span> 
     </span>
     <span class='ocr_line' id='line_1_5' title="bbox 205 461 2058 542; baseline -0.003 -16"><span class='ocrx_word' id='word_1_17' title='bbox 205 470 282 526; x_wconf 87' lang='lat' dir='ltr'>ab</span> <span class='ocrx_word' id='word_1_18' title='bbox 321 468 470 525; x_wconf 88' lang='lat' dir='ltr'>urbe</span> <span class='ocrx_word' id='word_1_19' title='bbox 490 466 777 542; x_wconf 84' lang='lat' dir='ltr'>lapidem.</span> <span class='ocrx_word' id='word_1_20' title='bbox 863 463 1109 536; x_wconf 89' lang='lat' dir='ltr'>singulis</span> <span class='ocrx_word' id='word_1_21' title='bbox 1143 462 1228 519; x_wconf 88' lang='lat' dir='ltr'>ibi</span> <span class='ocrx_word' id='word_1_22' title='bbox 1260 462 1552 532; x_wconf 84' lang='lat' dir='ltr'><strong>militibus</strong></span> <span class='ocrx_word' id='word_1_23' title='bbox 1576 461 1855 522; x_wconf 82' lang='lat' dir='ltr'><strong>Vitellius</strong></span> <span class='ocrx_word' id='word_1_24' title='bbox 1884 483 2058 540; x_wconf 82' lang='lat' dir='ltr'>para-</span> 
     </span>
     <span class='ocr_line' id='line_1_6' title="bbox 207 547 2057 625; baseline -0.004 -13"><span class='ocrx_word' id='word_1_25' title='bbox 207 566 299 612; x_wconf 88' lang='lat' dir='ltr'>tos</span> <span class='ocrx_word' id='word_1_26' title='bbox 336 553 499 610; x_wconf 89' lang='lat' dir='ltr'>cibos</span> <span class='ocrx_word' id='word_1_27' title='bbox 534 563 602 609; x_wconf 89' lang='lat' dir='ltr'>ut</span> <span class='ocrx_word' id='word_1_28' title='bbox 640 548 1051 625; x_wconf 81' lang='lat' dir='ltr'>gladiatoriam</span> <span class='ocrx_word' id='word_1_29' title='bbox 1088 548 1351 621; x_wconf 83' lang='lat' dir='ltr'>saginam</span> <span class='ocrx_word' id='word_1_30' title='bbox 1388 547 1723 618; x_wconf 80' lang='lat' dir='ltr'>dividebat,</span> <span class='ocrx_word' id='word_1_31' title='bbox 1778 561 1837 608; x_wconf 87' lang='lat' dir='ltr'>et</span> <span class='ocrx_word' id='word_1_32' title='bbox 1867 549 2057 606; x_wconf 65' lang='lat' dir='ltr'>,effusa</span> 
     </span>
     <span class='ocr_line' id='line_1_7' title="bbox 207 633 2060 714; baseline -0.003 -19"><span class='ocrx_word' id='word_1_33' title='bbox 207 638 410 714; x_wconf 89' lang='lat' dir='ltr'>plebes</span> <span class='ocrx_word' id='word_1_34' title='bbox 464 637 602 695; x_wconf 89' lang='lat' dir='ltr'>totis</span> <span class='ocrx_word' id='word_1_35' title='bbox 649 656 708 693; x_wconf 91' lang='lat' dir='ltr'>se</span> <span class='ocrx_word' id='word_1_36' title='bbox 770 633 974 691; x_wconf 90' lang='lat' dir='ltr'>castris</span> <span class='ocrx_word' id='word_1_37' title='bbox 1034 633 1360 692; x_wconf 85' lang='lat' dir='ltr'>miscuerat.</span> <span class='ocrx_word' id='word_1_38' title='bbox 1458 633 1789 690; x_wconf 88' lang='lat' dir='ltr'>incuriosos</span> <span class='ocrx_word' id='word_1_39' title='bbox 1842 633 2060 691; x_wconf 85' lang='lat' dir='ltr'>milites</span> 
     </span>
     <span class='ocr_line' id='line_1_8' title="bbox 207 716 2059 800; baseline -0.003 -19"><span class='ocrx_word' id='word_1_40' title='bbox 207 721 551 800; x_wconf 88' lang='lat' dir='ltr'>(vernacula</span> <span class='ocrx_word' id='word_1_41' title='bbox 586 722 905 791; x_wconf 86' lang='lat' dir='ltr'>utebantur</span> <span class='ocrx_word' id='word_1_42' title='bbox 940 716 1299 796; x_wconf 81' lang='lat' dir='ltr'>urbanitate)</span> <span class='ocrx_word' id='word_1_43' title='bbox 1335 716 1577 794; x_wconf 88' lang='lat' dir='ltr'>quidam</span> <span class='ocrx_word' id='word_1_44' title='bbox 1602 718 1936 793; x_wconf 83' lang='lat' dir='ltr'>spoliavere</span> <span class='ocrx_word' id='word_1_45' title='bbox 1951 719 2059 776; x_wconf 92' lang='lat' dir='ltr'>ab-</span> 
     </span>
     <span class='ocr_line' id='line_1_9' title="bbox 120 802 2058 877; baseline -0.003 -11"><span class='ocrx_word' id='word_1_46' title='bbox 120 819 122 823; x_wconf 78' lang='grc'>’</span> <span class='ocrx_word' id='word_1_47' title='bbox 207 807 598 867; x_wconf 67' lang='lat' dir='ltr'>scisis‘furtim</span> <span class='ocrx_word' id='word_1_48' title='bbox 625 804 863 873; x_wconf 83' lang='lat' dir='ltr'>balteiS‚</span> <span class='ocrx_word' id='word_1_49' title='bbox 906 822 983 859; x_wconf 87' lang='lat' dir='ltr'>an</span> <span class='ocrx_word' id='word_1_50' title='bbox 1008 802 1254 860; x_wconf 89' lang='lat' dir='ltr'>accincti</span> <span class='ocrx_word' id='word_1_51' title='bbox 1273 803 1498 872; x_wconf 85' lang='lat' dir='ltr'>forent,</span> <span class='ocrx_word' id='word_1_52' title='bbox 1539 802 1881 877; x_wconf 59' lang='lat' dir='ltr'>rogitante&amp;</span> <span class='ocrx_word' id='word_1_53' title='bbox 1933 823 2058 860; x_wconf 90' lang='lat' dir='ltr'>non</span> 
     </span>
     <span class='ocr_line' id='line_1_10' title="bbox 204 887 2058 954; baseline -0.005 0"><span class='ocrx_word' id='word_1_54' title='bbox 204 893 343 954; x_wconf 88' lang='lat' dir='ltr'>tulit</span> <span class='ocrx_word' id='word_1_55' title='bbox 377 891 706 952; x_wconf 83' lang='lat' dir='ltr'>ludibrium</span> <span class='ocrx_word' id='word_1_56' title='bbox 739 887 1000 945; x_wconf 87' lang='lat' dir='ltr'>insolens</span> <span class='ocrx_word' id='word_1_57' title='bbox 1036 888 1426 945; x_wconf 89' lang='lat' dir='ltr'>contumeliae</span> <span class='ocrx_word' id='word_1_58' title='bbox 1461 889 1723 946; x_wconf 88' lang='lat' dir='ltr'>animus:</span> <span class='ocrx_word' id='word_1_59' title='bbox 1769 889 2058 945; x_wconf 85' lang='lat' dir='ltr'>inermem</span> 
     </span>
     <span class='ocr_line' id='line_1_11' title="bbox 204 972 2057 1056; baseline -0.004 -19"><span class='ocrx_word' id='word_1_60' title='bbox 204 979 492 1056; x_wconf 89' lang='lat' dir='ltr'>populum</span> <span class='ocrx_word' id='word_1_61' title='bbox 519 975 728 1050; x_wconf 81' lang='lat' dir='ltr'>gladiis</span> <span class='ocrx_word' id='word_1_62' title='bbox 752 974 1038 1032; x_wconf 88' lang='lat' dir='ltr'>invasere.</span> <span class='ocrx_word' id='word_1_63' title='bbox 1125 979 1326 1030; x_wconf 85' lang='lat' dir='ltr'>caesus</span> <span class='ocrx_word' id='word_1_64' title='bbox 1353 972 1509 1029; x_wconf 87' lang='lat' dir='ltr'>inter</span> <span class='ocrx_word' id='word_1_65' title='bbox 1534 973 1684 1030; x_wconf 87' lang='lat' dir='ltr'>alios</span> <span class='ocrx_word' id='word_1_66' title='bbox 1705 984 1872 1049; x_wconf 87' lang='lat' dir='ltr'>pater</span> <span class='ocrx_word' id='word_1_67' title='bbox 1895 973 2057 1030; x_wconf 85' lang='lat' dir='ltr'>mili-</span> 
     </span>
     <span class='ocr_line' id='line_1_12' title="bbox 205 1058 2058 1134; baseline -0.004 -13"><span class='ocrx_word' id='word_1_68' title='bbox 205 1065 312 1134; x_wconf 83' lang='lat' dir='ltr'>tis,</span> <span class='ocrx_word' id='word_1_69' title='bbox 356 1073 492 1120; x_wconf 90' lang='lat' dir='ltr'>cum</span> <span class='ocrx_word' id='word_1_70' title='bbox 515 1062 701 1117; x_wconf 87' lang='lat' dir='ltr'>filium</span> <span class='ocrx_word' id='word_1_71' title='bbox 726 1058 1131 1115; x_wconf 85' lang='lat' dir='ltr'>comitaretur:</span> <span class='ocrx_word' id='word_1_72' title='bbox 1193 1058 1408 1114; x_wconf 90' lang='lat' dir='ltr'>deinde</span> <span class='ocrx_word' id='word_1_73' title='bbox 1433 1058 1696 1131; x_wconf 85' lang='lat' dir='ltr'>agnitus,</span> <span class='ocrx_word' id='word_1_74' title='bbox 1739 1070 1797 1116; x_wconf 87' lang='lat' dir='ltr'>et</span> <span class='ocrx_word' id='word_1_75' title='bbox 1821 1059 2058 1132; x_wconf 86' lang='lat' dir='ltr'>vulgata</span> 
     </span>
     <span class='ocr_line' id='line_1_13' title="bbox 206 1139 2057 1222; baseline -0.004 -15"><span class='ocrx_word' id='word_1_76' title='bbox 206 1150 380 1207; x_wconf 86' lang='lat' dir='ltr'>caede</span> <span class='ocrx_word' id='word_1_77' title='bbox 411 1156 798 1222; x_wconf 86' lang='lat' dir='ltr'>temperatum</span> <span class='ocrx_word' id='word_1_78' title='bbox 835 1143 909 1199; x_wconf 88' lang='lat' dir='ltr'>ab</span> <span class='ocrx_word' id='word_1_79' title='bbox 943 1142 1219 1199; x_wconf 78' lang='lat' dir='ltr'>innoxiis,</span> <span class='ocrx_word' id='word_1_80' title='bbox 1304 1139 1378 1209; x_wconf 83' lang='lat' dir='ltr'>In</span> <span class='ocrx_word' id='word_1_81' title='bbox 1403 1143 1551 1200; x_wconf 89' lang='lat' dir='ltr'>urbe</span> <span class='ocrx_word' id='word_1_82' title='bbox 1574 1154 1773 1200; x_wconf 91' lang='lat' dir='ltr'>tamen</span> <span class='ocrx_word' id='word_1_83' title='bbox 1798 1144 2057 1219; x_wconf 85' lang='lat' dir='ltr'>trepida-</span> 
     </span>
     <span class='ocr_line' id='line_1_14' title="bbox 203 1227 2061 1308; baseline -0.005 -15"><span class='ocrx_word' id='word_1_84' title='bbox 203 1247 331 1293; x_wconf 80' lang='lat' dir='ltr'>tum</span> <span class='ocrx_word' id='word_1_85' title='bbox 367 1230 883 1308; x_wconf 88' lang='lat' dir='ltr'>praecurrentibus</span> <span class='ocrx_word' id='word_1_86' title='bbox 915 1229 1132 1303; x_wconf 88' lang='lat' dir='ltr'>passim</span> <span class='ocrx_word' id='word_1_87' title='bbox 1172 1227 1482 1288; x_wconf 86' lang='lat' dir='ltr'>militibus.</span> <span class='ocrx_word' id='word_1_88' title='bbox 1565 1229 1784 1285; x_wconf 77' lang='lat' dir='ltr'>forum.</span> <span class='ocrx_word' id='word_1_89' title='bbox 1808 1228 2061 1285; x_wconf 85' lang='lat' dir='ltr'>maxime</span> 
     </span>
     <span class='ocr_line' id='line_1_15' title="bbox 204 1311 2059 1396; baseline -0.003 -20"><span class='ocrx_word' id='word_1_90' title='bbox 204 1319 481 1396; x_wconf 85' lang='lat' dir='ltr'>petebant</span> <span class='ocrx_word' id='word_1_91' title='bbox 503 1315 779 1391; x_wconf 89' lang='lat' dir='ltr'>cupidine</span> <span class='ocrx_word' id='word_1_92' title='bbox 805 1314 1035 1370; x_wconf 88' lang='lat' dir='ltr'>visendi</span> <span class='ocrx_word' id='word_1_93' title='bbox 1056 1314 1278 1383; x_wconf 83' lang='lat' dir='ltr'>locum,</span> <span class='ocrx_word' id='word_1_94' title='bbox 1320 1314 1386 1368; x_wconf 90' lang='lat' dir='ltr'>in</span> <span class='ocrx_word' id='word_1_95' title='bbox 1412 1334 1528 1390; x_wconf 87' lang='lat' dir='ltr'>quo</span> <span class='ocrx_word' id='word_1_96' title='bbox 1555 1311 1748 1370; x_wconf 84' lang='lat' dir='ltr'>Galba</span> <span class='ocrx_word' id='word_1_97' title='bbox 1772 1313 2059 1374; x_wconf 86' lang='lat' dir='ltr'>iacuisset.</span> 
     </span>
     <span class='ocr_line' id='line_1_16' title="bbox 204 1398 2060 1473; baseline -0.004 -11"><span class='ocrx_word' id='word_1_98' title='bbox 204 1425 314 1461; x_wconf 91' lang='lat' dir='ltr'>nec</span> <span class='ocrx_word' id='word_1_99' title='bbox 347 1403 547 1460; x_wconf 84' lang='lat' dir='ltr'>minus</span> <span class='ocrx_word' id='word_1_100' title='bbox 582 1421 820 1457; x_wconf 89' lang='lat' dir='ltr'>saevum</span> <span class='ocrx_word' id='word_1_101' title='bbox 847 1400 1241 1473; x_wconf 85' lang='lat' dir='ltr'>spectaculum</span> <span class='ocrx_word' id='word_1_102' title='bbox 1265 1410 1434 1456; x_wconf 88' lang='lat' dir='ltr'>erant</span> <span class='ocrx_word' id='word_1_103' title='bbox 1460 1398 1575 1473; x_wconf 91' lang='lat' dir='ltr'>ipsi</span> <span class='ocrx_word' id='word_1_104' title='bbox 1601 1398 1777 1472; x_wconf 85' lang='lat' dir='ltr'>tergis</span> <span class='ocrx_word' id='word_1_105' title='bbox 1798 1399 2060 1456; x_wconf 84' lang='lat' dir='ltr'>ferarum</span> 
     </span>
     <span class='ocr_line' id='line_1_17' title="bbox 207 1481 2058 1563; baseline -0.004 -15"><span class='ocrx_word' id='word_1_106' title='bbox 207 1501 264 1548; x_wconf 89' lang='lat' dir='ltr'>et</span> <span class='ocrx_word' id='word_1_107' title='bbox 289 1487 626 1563; x_wconf 85' lang='lat' dir='ltr'>ingentibus</span> <span class='ocrx_word' id='word_1_108' title='bbox 649 1486 779 1545; x_wconf 87' lang='lat' dir='ltr'>telis</span> <span class='ocrx_word' id='word_1_109' title='bbox 804 1481 1140 1554; x_wconf 80' lang='lat' dir='ltr'>horrentes,</span> <span class='ocrx_word' id='word_1_110' title='bbox 1181 1505 1316 1544; x_wconf 88' lang='lat' dir='ltr'>cum</span> <span class='ocrx_word' id='word_1_111' title='bbox 1337 1484 1573 1541; x_wconf 88' lang='lat' dir='ltr'>turbam</span> <span class='ocrx_word' id='word_1_112' title='bbox 1602 1484 1815 1561; x_wconf 86' lang='lat' dir='ltr'>populi</span> <span class='ocrx_word' id='word_1_113' title='bbox 1834 1504 1940 1560; x_wconf 91' lang='lat' dir='ltr'>per</span> <span class='ocrx_word' id='word_1_114' title='bbox 1962 1484 2058 1540; x_wconf 92' lang='lat' dir='ltr'>in-</span> 
     </span>
    </p>
   </div>
   <div class='ocr_carea' id='block_1_4' title="bbox 197 1732 1100 2418">
    <p class='ocr_par' dir='ltr' id='par_1_4' title="bbox 201 1732 1100 1965">
     <span class='ocr_line' id='line_1_18' title="bbox 249 1732 1099 1796; baseline -0.006 -15"><span class='ocrx_word' id='word_1_115' title='bbox 249 1738 677 1796; x_wconf 65' lang='lat' dir='ltr'>foret,‚consensu.</span> <span class='ocrx_word' id='word_1_116' title='bbox 734 1735 819 1780; x_wconf 90' lang='lat' dir='ltr'>Ed.</span> <span class='ocrx_word' id='word_1_117' title='bbox 842 1734 961 1793; x_wconf 78' lang='lat' dir='ltr'>Spir.</span> <span class='ocrx_word' id='word_1_118' title='bbox 983 1732 1099 1791; x_wconf 79' lang='lat' dir='ltr'>sore</span> 
     </span>
     <span class='ocr_line' id='line_1_19' title="bbox 201 1792 1100 1850; baseline -0.01 -8"><span class='ocrx_word' id='word_1_119' title='bbox 201 1810 490 1842; x_wconf 81' lang='lat' dir='ltr'>consensum.</span> <span class='ocrx_word' id='word_1_120' title='bbox 551 1795 602 1837; x_wconf 91' lang='lat' dir='ltr'>ln</span> <span class='ocrx_word' id='word_1_121' title='bbox 625 1793 729 1838; x_wconf 88' lang='lat' dir='ltr'>MS.</span> <span class='ocrx_word' id='word_1_122' title='bbox 743 1792 895 1836; x_wconf 79' lang='lat' dir='ltr'>Gueli&#39;.</span> <span class='ocrx_word' id='word_1_123' title='bbox 919 1807 1100 1850; x_wconf 89' lang='lat' dir='ltr'>quoque</span> 
     </span>
     <span class='ocr_line' id='line_1_20' title="bbox 201 1848 1099 1898; baseline -0.007 0"><span class='ocrx_word' id='word_1_124' title='bbox 201 1854 400 1898; x_wconf 83' lang='lat' dir='ltr'>secunda</span> <span class='ocrx_word' id='word_1_125' title='bbox 445 1869 605 1896; x_wconf 86' lang='lat' dir='ltr'>manus</span> <span class='ocrx_word' id='word_1_126' title='bbox 646 1869 669 1895; x_wconf 91' lang='lat' dir='ltr'>e</span> <span class='ocrx_word' id='word_1_127' title='bbox 713 1864 947 1894; x_wconf 85' lang='lat' dir='ltr'>consensu</span> <span class='ocrx_word' id='word_1_128' title='bbox 991 1848 1099 1893; x_wconf 81' lang='lat' dir='ltr'>fecit</span> 
     </span>
     <span class='ocr_line' id='line_1_21' title="bbox 202 1905 1057 1965; baseline -0.009 -8"><span class='ocrx_word' id='word_1_129' title='bbox 202 1913 428 1957; x_wconf 59' lang='lat' dir='ltr'>consensu</span> <span class='ocrx_word' id='word_1_130' title='bbox 442 1925 456 1954; x_wconf 91' lang='grc'>.·</span> <span class='ocrx_word' id='word_1_131' title='bbox 482 1910 627 1954; x_wconf 84' lang='lat' dir='ltr'>forma</span> <span class='ocrx_word' id='word_1_132' title='bbox 637 1909 774 1965; x_wconf 82' lang='lat' dir='ltr'>foret</span> <span class='ocrx_word' id='word_1_133' title='bbox 794 1908 854 1951; x_wconf 91' lang='lat' dir='ltr'>ibi</span> <span class='ocrx_word' id='word_1_134' title='bbox 878 1905 1057 1951; x_wconf 83' lang='lat' dir='ltr'>mansit.</span> 
     </span>
    </p>

    <p class='ocr_par' dir='ltr' id='par_1_5' title="bbox 199 1964 1097 2141">
     <span class='ocr_line' id='line_1_22' title="bbox 260 1964 1097 2023; baseline -0.005 -12"><span class='ocrx_word' id='word_1_135' title='bbox 260 1976 312 2012; x_wconf 79' lang='lat' dir='ltr'>ut</span> <span class='ocrx_word' id='word_1_136' title='bbox 333 1965 670 2023; x_wconf 75' lang='lat' dir='ltr'>gladiatoriam</span> <span class='ocrx_word' id='word_1_137' title='bbox 697 1966 931 2019; x_wconf 73' lang='lat' dir='ltr'>saginam.</span> <span class='ocrx_word' id='word_1_138' title='bbox 990 1964 1097 2010; x_wconf 72' lang='lat' dir='ltr'>MS.</span> 
     </span>
     <span class='ocr_line' id='line_1_23' title="bbox 203 2024 1096 2085; baseline -0.007 -15"><span class='ocrx_word' id='word_1_139' title='bbox 203 2026 317 2085; x_wconf 79' lang='lat' dir='ltr'>Agr.</span> <span class='ocrx_word' id='word_1_140' title='bbox 340 2026 411 2070; x_wconf 90' lang='lat' dir='ltr'>ed.</span> <span class='ocrx_word' id='word_1_141' title='bbox 429 2025 548 2083; x_wconf 85' lang='lat' dir='ltr'>Spir.</span> <span class='ocrx_word' id='word_1_142' title='bbox 570 2028 635 2068; x_wconf 85' lang='lat' dir='ltr'>ad</span> <span class='ocrx_word' id='word_1_143' title='bbox 654 2024 991 2079; x_wconf 75' lang='lat' dir='ltr'>gladiatoriam</span> <span class='ocrx_word' id='word_1_144' title='bbox 1013 2036 1096 2065; x_wconf 78' lang='lat' dir='ltr'>sa·-</span> 
     </span>
     <span class='ocr_line' id='line_1_24' title="bbox 199 2098 382 2141; baseline 0.005 -15"><span class='ocrx_word' id='word_1_145' title='bbox 199 2098 382 2141; x_wconf 70' lang='lat' dir='ltr'>ganam.</span> 
     </span>
    </p>

    <p class='ocr_par' dir='ltr' id='par_1_6' title="bbox 197 2135 1099 2418">
     <span class='ocr_line' id='line_1_25' title="bbox 262 2135 1093 2200; baseline -0.008 -16"><span class='ocrx_word' id='word_1_146' title='bbox 262 2141 405 2200; x_wconf 81' lang='lat' dir='ltr'>effusa</span> <span class='ocrx_word' id='word_1_147' title='bbox 447 2142 621 2196; x_wconf 81' lang='lat' dir='ltr'>plebes.</span> <span class='ocrx_word' id='word_1_148' title='bbox 702 2138 779 2182; x_wconf 87' lang='lat' dir='ltr'>Sic</span> <span class='ocrx_word' id='word_1_149' title='bbox 821 2137 925 2179; x_wconf 87' lang='lat' dir='ltr'>MS.</span> <span class='ocrx_word' id='word_1_150' title='bbox 966 2135 1093 2178; x_wconf 84' lang='lat' dir='ltr'>Flor.</span> 
     </span>
     <span class='ocr_line' id='line_1_26' title="bbox 203 2192 1099 2255; baseline -0.009 -13"><span class='ocrx_word' id='word_1_151' title='bbox 203 2200 322 2255; x_wconf 76' lang='lat' dir='ltr'>(test.</span> <span class='ocrx_word' id='word_1_152' title='bbox 346 2197 466 2243; x_wconf 88' lang='lat' dir='ltr'>Vict.</span> <span class='ocrx_word' id='word_1_153' title='bbox 501 2214 607 2242; x_wconf 86' lang='lat' dir='ltr'>eum</span> <span class='ocrx_word' id='word_1_154' title='bbox 630 2196 777 2250; x_wconf 82' lang='lat' dir='ltr'>Pieh.)</span> <span class='ocrx_word' id='word_1_155' title='bbox 810 2193 959 2237; x_wconf 85' lang='lat' dir='ltr'>Guelf.</span> <span class='ocrx_word' id='word_1_156' title='bbox 995 2192 1099 2235; x_wconf 87' lang='lat' dir='ltr'>edd.</span> 
     </span>
     <span class='ocr_line' id='line_1_27' title="bbox 204 2252 1099 2314; baseline -0.011 -13"><span class='ocrx_word' id='word_1_157' title='bbox 204 2255 334 2302; x_wconf 62' lang='lat' dir='ltr'>Picis.</span> <span class='ocrx_word' id='word_1_158' title='bbox 386 2256 606 2314; x_wconf 82' lang='lat' dir='ltr'>Bernegg.</span> <span class='ocrx_word' id='word_1_159' title='bbox 660 2270 758 2312; x_wconf 86' lang='lat' dir='ltr'>sqq.</span> <span class='ocrx_word' id='word_1_160' title='bbox 815 2277 871 2284; x_wconf 91' lang='lat'>—-</span> <span class='ocrx_word' id='word_1_161' title='bbox 950 2252 1099 2306; x_wconf 82' lang='lat' dir='ltr'>effusa</span> 
     </span>
     <span class='ocr_line' id='line_1_28' title="bbox 197 2308 1094 2415; baseline -0.011 -58"><span class='ocrx_word' id='word_1_162' title='bbox 197 2317 329 2415; x_wconf 44' lang='grc' dir='ltr'>ρὲεῗᾶς</span> <span class='ocrx_word' id='word_1_163' title='bbox 353 2313 455 2415; x_wconf 49' lang='lat'>1:¹48.</span> <span class='ocrx_word' id='word_1_164' title='bbox 469 2313 589 2357; x_wconf 85' lang='lat' dir='ltr'>Harl.</span> <span class='ocrx_word' id='word_1_165' title='bbox 619 2312 721 2372; x_wconf 84' lang='lat' dir='ltr'>edd.</span> <span class='ocrx_word' id='word_1_166' title='bbox 736 2308 974 2370; x_wconf 56' lang='lat' dir='ltr'>Spu-‚Pan</span> <span class='ocrx_word' id='word_1_167' title='bbox 997 2323 1094 2365; x_wconf 85' lang='lat' dir='ltr'>sqq.</span> 
     </span>
     <span class='ocr_line' id='line_1_29' title="bbox 200 2388 409 2418; baseline -0.014 0"><span class='ocrx_word' id='word_1_168' title='bbox 200 2388 225 2418; x_wconf 79' lang='lat' dir='ltr'>a</span> <span class='ocrx_word' id='word_1_169' title='bbox 323 2389 363 2416; x_wconf 78' lang='lat' dir='ltr'>ic</span> <span class='ocrx_word' id='word_1_170' title='bbox 397 2404 409 2415; x_wconf 93' lang='lat'>.</span> 
     </span>
    </p>
   </div>
   <div class='ocr_carea' id='block_1_5' title="bbox 262 2420 1113 2473">
    <p class='ocr_par' dir='ltr' id='par_1_7' title="bbox 262 2420 1113 2473">
     <span class='ocr_line' id='line_1_30' title="bbox 262 2420 1113 2473; baseline -0.008 -2"><span class='ocrx_word' id='word_1_171' title='bbox 262 2431 369 2473; x_wconf 83' lang='lat' dir='ltr'>totis</span> <span class='ocrx_word' id='word_1_172' title='bbox 395 2443 445 2472; x_wconf 87' lang='lat' dir='ltr'>se</span> <span class='ocrx_word' id='word_1_173' title='bbox 472 2427 655 2470; x_wconf 72' lang='lat' dir='ltr'>castris.</span> <span class='ocrx_word' id='word_1_174' title='bbox 716 2423 820 2468; x_wconf 91' lang='lat' dir='ltr'>MS.</span> <span class='ocrx_word' id='word_1_175' title='bbox 842 2420 998 2467; x_wconf 87' lang='lat' dir='ltr'>Guelf.</span> <span class='ocrx_word' id='word_1_176' title='bbox 1023 2430 1113 2464; x_wconf 46' lang='grc' dir='ltr'>ιον.</span> 
     </span>
    </p>
   </div>
   <div class='ocr_carea' id='block_1_6' title="bbox 202 2479 1108 3628">
    <p class='ocr_par' dir='ltr' id='par_1_8' title="bbox 202 2479 1100 2600">
     <span class='ocr_line' id='line_1_31' title="bbox 204 2479 1100 2543; baseline -0.011 -12"><span class='ocrx_word' id='word_1_177' title='bbox 204 2487 354 2543; x_wconf 74' lang='lat' dir='ltr'>tis-que</span> <span class='ocrx_word' id='word_1_178' title='bbox 402 2487 580 2531; x_wconf 61' lang='lat' dir='ltr'>castrus.</span> <span class='ocrx_word' id='word_1_179' title='bbox 672 2484 780 2526; x_wconf 81' lang='lat' dir='ltr'>Mox</span> <span class='ocrx_word' id='word_1_180' title='bbox 828 2496 863 2526; x_wconf 86' lang='lat' dir='ltr'>a·</span> <span class='ocrx_word' id='word_1_181' title='bbox 902 2479 1100 2523; x_wconf 85' lang='lat' dir='ltr'>secunda</span> 
     </span>
     <span class='ocr_line' id='line_1_32' title="bbox 202 2541 995 2600; baseline -0.011 -12"><span class='ocrx_word' id='word_1_182' title='bbox 202 2560 342 2589; x_wconf 85' lang='lat' dir='ltr'>manu</span> <span class='ocrx_word' id='word_1_183' title='bbox 366 2544 594 2587; x_wconf 57' lang='lat' dir='ltr'>incuriosi</span> <span class='ocrx_word' id='word_1_184' title='bbox 613 2556 697 2600; x_wconf 82' lang='lat' dir='ltr'>pro</span> <span class='ocrx_word' id='word_1_185' title='bbox 723 2541 995 2583; x_wconf 81' lang='lat' dir='ltr'>incuriosos.</span> 
     </span>
    </p>

    <p class='ocr_par' dir='ltr' id='par_1_9' title="bbox 203 2593 1104 3279">
     <span class='ocr_line' id='line_1_33' title="bbox 263 2593 1099 2645; baseline -0.012 0"><span class='ocrx_word' id='word_1_186' title='bbox 263 2603 531 2645; x_wconf 74' lang='lat' dir='ltr'>utebantur.</span> <span class='ocrx_word' id='word_1_187' title='bbox 611 2601 688 2643; x_wconf 85' lang='lat' dir='ltr'>Sic</span> <span class='ocrx_word' id='word_1_188' title='bbox 729 2597 865 2641; x_wconf 89' lang='lat' dir='ltr'>MSS.</span> <span class='ocrx_word' id='word_1_189' title='bbox 912 2604 956 2638; x_wconf 82' lang='lat' dir='ltr'>et</span> <span class='ocrx_word' id='word_1_190' title='bbox 994 2593 1099 2640; x_wconf 85' lang='lat' dir='ltr'>edd.</span> 
     </span>
     <span class='ocr_line' id='line_1_34' title="bbox 203 2653 1100 2714; baseline -0.013 -9"><span class='ocrx_word' id='word_1_191' title='bbox 203 2669 307 2706; x_wconf 78' lang='lat' dir='ltr'>ante</span> <span class='ocrx_word' id='word_1_192' title='bbox 327 2659 622 2705; x_wconf 84' lang='lat' dir='ltr'>Rhenanum‚</span> <span class='ocrx_word' id='word_1_193' title='bbox 654 2656 729 2714; x_wconf 91' lang='lat' dir='ltr'>qui</span> <span class='ocrx_word' id='word_1_194' title='bbox 757 2656 802 2700; x_wconf 88' lang='lat' dir='ltr'>id</span> <span class='ocrx_word' id='word_1_195' title='bbox 827 2653 1013 2697; x_wconf 87' lang='lat' dir='ltr'>verbum</span> <span class='ocrx_word' id='word_1_196' title='bbox 1040 2659 1100 2694; x_wconf 81' lang='lat' dir='ltr'>ta-</span> 
     </span>
     <span class='ocr_line' id='line_1_35' title="bbox 206 2708 1100 2771; baseline -0.012 -10"><span class='ocrx_word' id='word_1_197' title='bbox 206 2717 296 2761; x_wconf 83' lang='lat' dir='ltr'>cite</span> <span class='ocrx_word' id='word_1_198' title='bbox 335 2716 508 2760; x_wconf 80' lang='lat' dir='ltr'>delevit.</span> <span class='ocrx_word' id='word_1_199' title='bbox 597 2714 773 2771; x_wconf 84' lang='lat' dir='ltr'>Lipsius</span> <span class='ocrx_word' id='word_1_200' title='bbox 815 2720 945 2757; x_wconf 84' lang='lat' dir='ltr'>vetus</span> <span class='ocrx_word' id='word_1_201' title='bbox 986 2708 1100 2752; x_wconf 89' lang='lat' dir='ltr'>illud</span> 
     </span>
     <span class='ocr_line' id='line_1_36' title="bbox 206 2768 1096 2817; baseline -0.011 0"><span class='ocrx_word' id='word_1_202' title='bbox 206 2776 455 2817; x_wconf 76' lang='lat' dir='ltr'>utebantur</span> <span class='ocrx_word' id='word_1_203' title='bbox 494 2773 668 2816; x_wconf 82' lang='lat' dir='ltr'>volebat</span> <span class='ocrx_word' id='word_1_204' title='bbox 701 2768 817 2816; x_wconf 79' lang='lat' dir='ltr'>verti</span> <span class='ocrx_word' id='word_1_205' title='bbox 851 2769 898 2811; x_wconf 85' lang='lat' dir='ltr'>in</span> <span class='ocrx_word' id='word_1_206' title='bbox 932 2775 983 2812; x_wconf 77' lang='lat' dir='ltr'>ut</span> <span class='ocrx_word' id='word_1_207' title='bbox 1018 2781 1096 2808; x_wconf 84' lang='lat' dir='ltr'>re-</span> 
     </span>
     <span class='ocr_line' id='line_1_37' title="bbox 206 2824 1099 2888; baseline -0.01 -14"><span class='ocrx_word' id='word_1_208' title='bbox 206 2833 403 2884; x_wconf 83' lang='lat' dir='ltr'>bantur,</span> <span class='ocrx_word' id='word_1_209' title='bbox 455 2830 591 2888; x_wconf 88' lang='lat' dir='ltr'>idque</span> <span class='ocrx_word' id='word_1_210' title='bbox 631 2833 901 2886; x_wconf 77' lang='lat' dir='ltr'>receperunt</span> <span class='ocrx_word' id='word_1_211' title='bbox 946 2825 981 2866; x_wconf 91' lang='lat' dir='ltr'>l.</span> <span class='ocrx_word' id='word_1_212' title='bbox 1022 2824 1099 2866; x_wconf 80' lang='lat' dir='ltr'>Fr.</span> 
     </span>
     <span class='ocr_line' id='line_1_38' title="bbox 204 2881 1099 2944; baseline -0.011 -12"><span class='ocrx_word' id='word_1_213' title='bbox 204 2887 414 2935; x_wconf 89' lang='lat' dir='ltr'>Gronov.</span> <span class='ocrx_word' id='word_1_214' title='bbox 431 2889 598 2944; x_wconf 75' lang='lat'>(1672.)</span> <span class='ocrx_word' id='word_1_215' title='bbox 626 2884 772 2943; x_wconf 79' lang='lat' dir='ltr'>Ryck.</span> <span class='ocrx_word' id='word_1_216' title='bbox 796 2900 893 2942; x_wconf 85' lang='lat' dir='ltr'>sqq.</span> <span class='ocrx_word' id='word_1_217' title='bbox 954 2881 1099 2924; x_wconf 86' lang='lat' dir='ltr'>Ober-</span> 
     </span>
     <span class='ocr_line' id='line_1_39' title="bbox 204 2939 1100 2998; baseline -0.012 -8"><span class='ocrx_word' id='word_1_218' title='bbox 204 2946 326 2993; x_wconf 90' lang='lat' dir='ltr'>linus</span> <span class='ocrx_word' id='word_1_219' title='bbox 350 2946 525 2989; x_wconf 86' lang='lat' dir='ltr'>reduxit</span> <span class='ocrx_word' id='word_1_220' title='bbox 556 2947 835 2991; x_wconf 66' lang='lat' dir='ltr'>utebantur,</span> <span class='ocrx_word' id='word_1_221' title='bbox 874 2939 994 2998; x_wconf 88' lang='lat' dir='ltr'>quod</span> <span class='ocrx_word' id='word_1_222' title='bbox 1029 2954 1100 2980; x_wconf 82' lang='lat' dir='ltr'>sa-</span> 
     </span>
     <span class='ocr_line' id='line_1_40' title="bbox 205 2994 1102 3062; baseline -0.013 -14"><span class='ocrx_word' id='word_1_223' title='bbox 205 3003 265 3048; x_wconf 76' lang='lat' dir='ltr'>tis</span> <span class='ocrx_word' id='word_1_224' title='bbox 294 3003 403 3049; x_wconf 83' lang='lat' dir='ltr'>ferri</span> <span class='ocrx_word' id='word_1_225' title='bbox 437 3011 583 3062; x_wconf 82' lang='lat' dir='ltr'>potest</span> <span class='ocrx_word' id='word_1_226' title='bbox 614 2999 807 3045; x_wconf 84' lang='lat' dir='ltr'>adhibita</span> <span class='ocrx_word' id='word_1_227' title='bbox 839 2994 1102 3055; x_wconf 75' lang='lat' dir='ltr'>parenthesi,</span> 
     </span>
     <span class='ocr_line' id='line_1_41' title="bbox 210 3056 1099 3124; baseline -0.013 -19"><span class='ocrx_word' id='word_1_228' title='bbox 210 3076 346 3124; x_wconf 79' lang='lat' dir='ltr'>quam</span> <span class='ocrx_word' id='word_1_229' title='bbox 379 3077 503 3104; x_wconf 84' lang='lat' dir='ltr'>nunc</span> <span class='ocrx_word' id='word_1_230' title='bbox 535 3059 743 3102; x_wconf 86' lang='lat' dir='ltr'>fecimus.</span> <span class='ocrx_word' id='word_1_231' title='bbox 803 3056 947 3100; x_wconf 81' lang='lat' dir='ltr'>Aliter</span> <span class='ocrx_word' id='word_1_232' title='bbox 981 3062 1099 3095; x_wconf 76' lang='lat' dir='ltr'>stru-</span> 
     </span>
     <span class='ocr_line' id='line_1_42' title="bbox 213 3110 1103 3164; baseline -0.013 -1"><span class='ocrx_word' id='word_1_233' title='bbox 213 3128 342 3164; x_wconf 81' lang='lat' dir='ltr'>ctura</span> <span class='ocrx_word' id='word_1_234' title='bbox 383 3117 471 3161; x_wconf 88' lang='lat' dir='ltr'>loci</span> <span class='ocrx_word' id='word_1_235' title='bbox 508 3133 602 3159; x_wconf 92' lang='lat' dir='ltr'>non</span> <span class='ocrx_word' id='word_1_236' title='bbox 636 3122 829 3160; x_wconf 78' lang='lat' dir='ltr'>constat.</span> <span class='ocrx_word' id='word_1_237' title='bbox 900 3110 1103 3155; x_wconf 77' lang='lat' dir='ltr'>Alciatus</span> 
     </span>
     <span class='ocr_line' id='line_1_43' title="bbox 211 3172 1104 3222; baseline -0.013 -1"><span class='ocrx_word' id='word_1_238' title='bbox 211 3175 376 3221; x_wconf 78' lang='lat' dir='ltr'>edidit=</span> <span class='ocrx_word' id='word_1_239' title='bbox 419 3176 468 3222; x_wconf 77' lang='lat' dir='ltr'>in</span> <span class='ocrx_word' id='word_1_240' title='bbox 501 3175 704 3216; x_wconf 75' lang='lat' dir='ltr'>curiosos</span> <span class='ocrx_word' id='word_1_241' title='bbox 733 3172 900 3218; x_wconf 73' lang='lat' dir='ltr'>milites</span> <span class='ocrx_word' id='word_1_242' title='bbox 932 3183 1104 3211; x_wconf 80' lang='lat' dir='ltr'>verna-</span> 
     </span>
     <span class='ocr_line' id='line_1_44' title="bbox 213 3235 714 3279; baseline -0.016 -1"><span class='ocrx_word' id='word_1_243' title='bbox 213 3238 323 3279; x_wconf 82' lang='lat' dir='ltr'>cula</span> <span class='ocrx_word' id='word_1_244' title='bbox 346 3235 598 3276; x_wconf 80' lang='lat' dir='ltr'>utebantur</span> <span class='ocrx_word' id='word_1_245' title='bbox 627 3237 714 3271; x_wconf 84' lang='lat' dir='ltr'>etc.</span> 
     </span>
    </p>

    <p class='ocr_par' dir='ltr' id='par_1_10' title="bbox 212 3282 1108 3628">
     <span class='ocr_line' id='line_1_45' title="bbox 271 3282 1101 3337; baseline -0.016 -2"><span class='ocrx_word' id='word_1_246' title='bbox 271 3290 475 3335; x_wconf 74' lang='lat' dir='ltr'>abscisis.</span> <span class='ocrx_word' id='word_1_247' title='bbox 550 3287 626 3330; x_wconf 80' lang='lat' dir='ltr'>Sic</span> <span class='ocrx_word' id='word_1_248' title='bbox 659 3285 792 3330; x_wconf 87' lang='lat' dir='ltr'>MSS.</span> <span class='ocrx_word' id='word_1_249' title='bbox 823 3284 946 3328; x_wconf 87' lang='lat' dir='ltr'>Flor.</span> <span class='ocrx_word' id='word_1_250' title='bbox 983 3282 1101 3337; x_wconf 81' lang='lat' dir='ltr'>(test.</span> 
     </span>
     <span class='ocr_line' id='line_1_46' title="bbox 214 3337 1103 3403; baseline -0.015 -10"><span class='ocrx_word' id='word_1_251' title='bbox 214 3349 306 3394; x_wconf 80' lang='lat' dir='ltr'>lae.</span> <span class='ocrx_word' id='word_1_252' title='bbox 328 3346 494 3403; x_wconf 82' lang='lat' dir='ltr'>Gron.)</span> <span class='ocrx_word' id='word_1_253' title='bbox 528 3343 640 3401; x_wconf 81' lang='lat' dir='ltr'>ch.</span> <span class='ocrx_word' id='word_1_254' title='bbox 671 3343 811 3387; x_wconf 80' lang='lat' dir='ltr'>corb.</span> <span class='ocrx_word' id='word_1_255' title='bbox 846 3341 965 3384; x_wconf 85' lang='lat' dir='ltr'>Bud.</span> <span class='ocrx_word' id='word_1_256' title='bbox 998 3337 1103 3382; x_wconf 87' lang='lat' dir='ltr'>edd.</span> 
     </span>
     <span class='ocr_line' id='line_1_47' title="bbox 212 3398 1108 3467; baseline -0.016 -15"><span class='ocrx_word' id='word_1_257' title='bbox 212 3406 335 3467; x_wconf 82' lang='lat' dir='ltr'>Spir.</span> <span class='ocrx_word' id='word_1_258' title='bbox 379 3405 481 3448; x_wconf 83' lang='lat' dir='ltr'>Ber.</span> <span class='ocrx_word' id='word_1_259' title='bbox 530 3403 653 3457; x_wconf 83' lang='lat' dir='ltr'>(cum</span> <span class='ocrx_word' id='word_1_260' title='bbox 696 3400 842 3443; x_wconf 85' lang='lat' dir='ltr'>silent.</span> <span class='ocrx_word' id='word_1_261' title='bbox 880 3398 1020 3453; x_wconf 84' lang='lat' dir='ltr'>Vict.)</span> <span class='ocrx_word' id='word_1_262' title='bbox 1064 3402 1108 3439; x_wconf 81' lang='lat' dir='ltr'>et</span> 
     </span>
     <span class='ocr_line' id='line_1_48' title="bbox 213 3457 1107 3512; baseline -0.013 -4"><span class='ocrx_word' id='word_1_263' title='bbox 213 3463 376 3508; x_wconf 88' lang='lat' dir='ltr'>deinde</span> <span class='ocrx_word' id='word_1_264' title='bbox 396 3462 483 3506; x_wconf 81' lang='lat' dir='ltr'>Iac.</span> <span class='ocrx_word' id='word_1_265' title='bbox 496 3458 707 3503; x_wconf 85' lang='lat' dir='ltr'>Gronov.</span> <span class='ocrx_word' id='word_1_266' title='bbox 722 3457 901 3500; x_wconf 82' lang='lat' dir='ltr'>Ernest.</span> <span class='ocrx_word' id='word_1_267' title='bbox 924 3469 1026 3512; x_wconf 81' lang='lat' dir='ltr'>sqq.</span> <span class='ocrx_word' id='word_1_268' title='bbox 1049 3476 1107 3485; x_wconf 93' lang='lat'><strong>—</strong></span> 
     </span>
     <span class='ocr_line' id='line_1_49' title="bbox 213 3511 1106 3571; baseline -0.012 -6"><span class='ocrx_word' id='word_1_269' title='bbox 213 3521 428 3571; x_wconf 75' lang='lat' dir='ltr'>abscissis</span> <span class='ocrx_word' id='word_1_270' title='bbox 477 3514 612 3561; x_wconf 88' lang='lat' dir='ltr'>MSS.</span> <span class='ocrx_word' id='word_1_271' title='bbox 668 3513 789 3557; x_wconf 82' lang='lat' dir='ltr'>Harl.</span> <span class='ocrx_word' id='word_1_272' title='bbox 837 3512 970 3556; x_wconf 79' lang='lat' dir='ltr'>ssodl.</span> <span class='ocrx_word' id='word_1_273' title='bbox 1021 3511 1106 3554; x_wconf 85' lang='lat' dir='ltr'>les.</span> 
     </span>
     <span class='ocr_line' id='line_1_50' title="bbox 217 3568 1105 3628; baseline -0.017 -2"><span class='ocrx_word' id='word_1_274' title='bbox 217 3579 367 3628; x_wconf 79' lang='lat' dir='ltr'>Guelf.</span> <span class='ocrx_word' id='word_1_275' title='bbox 392 3574 605 3624; x_wconf 76' lang='lat' dir='ltr'>edd.l’ut.</span> <span class='ocrx_word' id='word_1_276' title='bbox 630 3572 696 3618; x_wconf 87' lang='grc' dir='ltr'>Μ.</span> <span class='ocrx_word' id='word_1_277' title='bbox 717 3579 760 3616; x_wconf 83' lang='lat' dir='ltr'>et</span> <span class='ocrx_word' id='word_1_278' title='bbox 776 3568 1105 3616; x_wconf 70' lang='lat' dir='ltr'>v.A1‹.-.Rhen.</span> 
     </span>
    </p>
   </div>
   <div class='ocr_carea' id='block_1_7' title="bbox 1168 1731 2059 1834">
    <p class='ocr_par' dir='ltr' id='par_1_11' title="bbox 1168 1731 2059 1834">
     <span class='ocr_line' id='line_1_51' title="bbox 1168 1731 2059 1834; baseline 0.001 -57"><span class='ocrx_word' id='word_1_279' title='bbox 1168 1748 1274 1834; x_wconf 46' lang='lat' dir='ltr'>¹⁸7}sp</span> <span class='ocrx_word' id='word_1_280' title='bbox 1309 1733 1366 1778; x_wconf 89' lang='lat' dir='ltr'>ad</span> <span class='ocrx_word' id='word_1_281' title='bbox 1389 1731 1481 1781; x_wconf 78' lang='lat' dir='ltr'>Iac.</span> <span class='ocrx_word' id='word_1_282' title='bbox 1504 1731 1652 1778; x_wconf 76' lang='lat' dir='ltr'>Gron.</span> <span class='ocrx_word' id='word_1_283' title='bbox 1710 1731 1772 1778; x_wconf 82' lang='lat' dir='ltr'>cf.</span> <span class='ocrx_word' id='word_1_284' title='bbox 1807 1736 1900 1777; x_wconf 81' lang='lat' dir='ltr'>not.</span> <span class='ocrx_word' id='word_1_285' title='bbox 1932 1733 1989 1778; x_wconf 84' lang='lat' dir='ltr'>ad</span> <span class='ocrx_word' id='word_1_286' title='bbox 2017 1731 2059 1786; x_wconf 80' lang='grc'>3,</span> 
     </span>
    </p>
   </div>
   <div class='ocr_carea' id='block_1_8' title="bbox 1169 1832 2061 2020">
    <p class='ocr_par' dir='ltr' id='par_1_12' title="bbox 1169 1832 2061 2020">
     <span class='ocr_line' id='line_1_52' title="bbox 1226 1832 2060 1918; baseline 0.001 -14"><span class='ocrx_word' id='word_1_287' title='bbox 1226 1861 1411 1904; x_wconf 70' lang='lat' dir='ltr'>balteis.</span> <span class='ocrx_word' id='word_1_288' title='bbox 1450 1832 1672 1918; x_wconf 38' lang='lat' dir='ltr'>Ed.s&#39;pir‚</span> <span class='ocrx_word' id='word_1_289' title='bbox 1693 1861 1909 1906; x_wconf 63' lang='lat' dir='ltr'>cauneis.</span> <span class='ocrx_word' id='word_1_290' title='bbox 1950 1860 2060 1906; x_wconf 77' lang='lat' dir='ltr'>Mox</span> 
     </span>
     <span class='ocr_line' id='line_1_53' title="bbox 1169 1918 2061 2020; baseline 0.006 -60"><span class='ocrx_word' id='word_1_291' title='bbox 1169 1919 1362 2020; x_wconf 56' lang='grc' dir='ltr'><em>ἕέἒῖξέἷε</em></span> <span class='ocrx_word' id='word_1_292' title='bbox 1393 1934 1478 1976; x_wconf 87' lang='lat' dir='ltr'>pro</span> <span class='ocrx_word' id='word_1_293' title='bbox 1512 1919 1718 1964; x_wconf 71' lang='lat' dir='ltr'>accmcts&#39;.</span> <span class='ocrx_word' id='word_1_294' title='bbox 1776 1919 1879 2005; x_wconf 67' lang='lat' dir='ltr'>MS.</span> <span class='ocrx_word' id='word_1_295' title='bbox 1907 1918 2061 1965; x_wconf 72' lang='lat' dir='ltr'>Guelf.</span> 
     </span>
    </p>
   </div>
   <div class='ocr_carea' id='block_1_9' title="bbox 1169 2043 2064 2562">
    <p class='ocr_par' dir='ltr' id='par_1_13' title="bbox 1169 2043 2064 2562">
     <span class='ocr_line' id='line_1_54' title="bbox 1226 2043 2060 2094; baseline 0.007 -6"><span class='ocrx_word' id='word_1_296' title='bbox 1226 2047 1549 2090; x_wconf 79' lang='lat' dir='ltr'>comitaretur.</span> <span class='ocrx_word' id='word_1_297' title='bbox 1615 2043 1661 2090; x_wconf 91' lang='lat' dir='ltr'>b.</span> <span class='ocrx_word' id='word_1_298' title='bbox 1700 2062 1738 2090; x_wconf 89' lang='lat' dir='ltr'>e.</span> <span class='ocrx_word' id='word_1_299' title='bbox 1770 2063 1875 2091; x_wconf 87' lang='lat' dir='ltr'>curn</span> <span class='ocrx_word' id='word_1_300' title='bbox 1908 2048 1956 2092; x_wconf 87' lang='lat' dir='ltr'>in</span> <span class='ocrx_word' id='word_1_301' title='bbox 1987 2066 2060 2094; x_wconf 90' lang='lat' dir='ltr'>co-</span> 
     </span>
     <span class='ocr_line' id='line_1_55' title="bbox 1169 2102 2061 2150; baseline 0.004 -4"><span class='ocrx_word' id='word_1_302' title='bbox 1169 2103 1329 2146; x_wconf 82' lang='lat' dir='ltr'>mitatu</span> <span class='ocrx_word' id='word_1_303' title='bbox 1350 2102 1429 2145; x_wconf 82' lang='lat' dir='ltr'>filii</span> <span class='ocrx_word' id='word_1_304' title='bbox 1453 2103 1603 2146; x_wconf 84' lang='lat' dir='ltr'>militis</span> <span class='ocrx_word' id='word_1_305' title='bbox 1626 2112 1669 2145; x_wconf 84' lang='lat' dir='ltr'>et</span> <span class='ocrx_word' id='word_1_306' title='bbox 1693 2103 1830 2147; x_wconf 87' lang='lat' dir='ltr'>domo</span> <span class='ocrx_word' id='word_1_307' title='bbox 1853 2121 1955 2149; x_wconf 82' lang='lat' dir='ltr'>eum</span> <span class='ocrx_word' id='word_1_308' title='bbox 1981 2107 2061 2150; x_wconf 84' lang='lat' dir='ltr'>illo</span> 
     </span>
     <span class='ocr_line' id='line_1_56' title="bbox 1170 2160 2063 2226; baseline 0.007 -23"><span class='ocrx_word' id='word_1_309' title='bbox 1170 2161 1400 2226; x_wconf 84' lang='lat' dir='ltr'>profectus</span> <span class='ocrx_word' id='word_1_310' title='bbox 1439 2168 1575 2209; x_wconf 82' lang='lat' dir='ltr'>esset,</span> <span class='ocrx_word' id='word_1_311' title='bbox 1619 2175 1715 2204; x_wconf 85' lang='lat' dir='ltr'>non</span> <span class='ocrx_word' id='word_1_312' title='bbox 1745 2160 1907 2220; x_wconf 79' lang='lat' dir='ltr'>hospes</span> <span class='ocrx_word' id='word_1_313' title='bbox 1938 2180 2063 2210; x_wconf 85' lang='lat' dir='ltr'>nuuc</span> 
     </span>
     <span class='ocr_line' id='line_1_57' title="bbox 1171 2217 2063 2279; baseline 0.007 -20"><span class='ocrx_word' id='word_1_314' title='bbox 1171 2234 1217 2260; x_wconf 83' lang='lat' dir='ltr'>m</span> <span class='ocrx_word' id='word_1_315' title='bbox 1249 2217 1405 2261; x_wconf 79' lang='lat' dir='ltr'>castris</span> <span class='ocrx_word' id='word_1_316' title='bbox 1438 2217 1628 2274; x_wconf 88' lang='lat' dir='ltr'>cupidus</span> <span class='ocrx_word' id='word_1_317' title='bbox 1659 2217 1846 2263; x_wconf 87' lang='lat' dir='ltr'>visendi.</span> <span class='ocrx_word' id='word_1_318' title='bbox 1906 2220 2063 2279; x_wconf 89' lang='lat' dir='ltr'>Neque</span> 
     </span>
     <span class='ocr_line' id='line_1_58' title="bbox 1171 2274 2063 2332; baseline 0.006 -15"><span class='ocrx_word' id='word_1_319' title='bbox 1171 2274 1391 2332; x_wconf 83' lang='lat' dir='ltr'>intelligas</span> <span class='ocrx_word' id='word_1_320' title='bbox 1414 2289 1594 2318; x_wconf 85' lang='lat' dir='ltr'>caesum</span> <span class='ocrx_word' id='word_1_321' title='bbox 1615 2291 1639 2318; x_wconf 86' lang='lat' dir='ltr'>a</span> <span class='ocrx_word' id='word_1_322' title='bbox 1661 2274 1776 2327; x_wconf 84' lang='lat' dir='ltr'>filio,</span> <span class='ocrx_word' id='word_1_323' title='bbox 1803 2277 1882 2320; x_wconf 87' lang='lat' dir='ltr'>sed</span> <span class='ocrx_word' id='word_1_324' title='bbox 1900 2278 1952 2322; x_wconf 87' lang='lat' dir='ltr'>ab</span> <span class='ocrx_word' id='word_1_325' title='bbox 1973 2279 2063 2323; x_wconf 86' lang='lat' dir='ltr'>alio</span> 
     </span>
     <span class='ocr_line' id='line_1_59' title="bbox 1170 2329 2060 2404; baseline 0.006 -30"><span class='ocrx_word' id='word_1_326' title='bbox 1170 2332 1367 2390; x_wconf 88' lang='lat' dir='ltr'>quodam</span> <span class='ocrx_word' id='word_1_327' title='bbox 1398 2329 1540 2375; x_wconf 78' lang='lat' dir='ltr'>milite</span> <span class='ocrx_word' id='word_1_328' title='bbox 1566 2331 1633 2376; x_wconf 85' lang='lat' dir='ltr'>ira</span> <span class='ocrx_word' id='word_1_329' title='bbox 1663 2332 1708 2374; x_wconf 87' lang='lat' dir='ltr'>iu</span> <span class='ocrx_word' id='word_1_330' title='bbox 1740 2349 1898 2378; x_wconf 89' lang='lat' dir='ltr'>omnes</span> <span class='ocrx_word' id='word_1_331' title='bbox 1925 2350 2060 2404; x_wconf 77' lang='lat' dir='ltr'>paga-</span> 
     </span>
     <span class='ocr_line' id='line_1_60' title="bbox 1170 2392 2064 2445; baseline 0.008 -13"><span class='ocrx_word' id='word_1_332' title='bbox 1170 2406 1252 2432; x_wconf 90' lang='lat' dir='ltr'>nos</span> <span class='ocrx_word' id='word_1_333' title='bbox 1284 2404 1482 2436; x_wconf 80' lang='lat' dir='ltr'>accensa.</span> <span class='ocrx_word' id='word_1_334' title='bbox 1541 2392 1710 2434; x_wconf 72' lang='lat' dir='ltr'>deinde</span> <span class='ocrx_word' id='word_1_335' title='bbox 1736 2392 1952 2445; x_wconf 75' lang='lat' dir='ltr'>agnitus,</span> <span class='ocrx_word' id='word_1_336' title='bbox 1982 2403 2064 2439; x_wconf 69' lang='lat' dir='ltr'>mi.</span> 
     </span>
     <span class='ocr_line' id='line_1_61' title="bbox 1170 2447 2062 2503; baseline 0.007 -13"><span class='ocrx_word' id='word_1_337' title='bbox 1170 2447 1292 2491; x_wconf 85' lang='lat' dir='ltr'>hunc</span> <span class='ocrx_word' id='word_1_338' title='bbox 1323 2462 1417 2489; x_wconf 91' lang='lat' dir='ltr'>non</span> <span class='ocrx_word' id='word_1_339' title='bbox 1451 2462 1544 2489; x_wconf 88' lang='lat' dir='ltr'>esse</span> <span class='ocrx_word' id='word_1_340' title='bbox 1576 2463 1599 2491; x_wconf 91' lang='lat' dir='ltr'>e</span> <span class='ocrx_word' id='word_1_341' title='bbox 1632 2449 1800 2491; x_wconf 84' lang='lat' dir='ltr'>scurris</span> <span class='ocrx_word' id='word_1_342' title='bbox 1832 2447 1946 2503; x_wconf 87' lang='lat' dir='ltr'>illis,</span> <span class='ocrx_word' id='word_1_343' title='bbox 1984 2453 2062 2497; x_wconf 78' lang='lat' dir='ltr'>sed</span> 
     </span>
     <span class='ocr_line' id='line_1_62' title="bbox 1171 2503 2063 2562; baseline 0.007 -15"><span class='ocrx_word' id='word_1_344' title='bbox 1171 2505 1328 2548; x_wconf 70' lang='lat' dir='ltr'>militis</span> <span class='ocrx_word' id='word_1_345' title='bbox 1369 2512 1557 2562; x_wconf 80' lang='lat' dir='ltr'>patrem.</span> <span class='ocrx_word' id='word_1_346' title='bbox 1626 2503 1858 2551; x_wconf 83' lang='lat' dir='ltr'>Reinesius</span> <span class='ocrx_word' id='word_1_347' title='bbox 1898 2506 2063 2553; x_wconf 80' lang='lat' dir='ltr'>frustra</span> 
     </span>
    </p>
   </div>
   <div class='ocr_carea' id='block_1_10' title="bbox 1171 2562 2126 2625">
    <p class='ocr_par' dir='ltr' id='par_1_14' title="bbox 1171 2562 2126 2625">
     <span class='ocr_line' id='line_1_63' title="bbox 1171 2562 2126 2625; baseline 0.006 -20"><span class='ocrx_word' id='word_1_348' title='bbox 1171 2562 1370 2606; x_wconf 79' lang='lat' dir='ltr'>tentabat</span> <span class='ocrx_word' id='word_1_349' title='bbox 1388 2562 1755 2612; x_wconf 79' lang='lat' dir='ltr'>conviciaretur,</span> <span class='ocrx_word' id='word_1_350' title='bbox 1786 2571 1837 2607; x_wconf 77' lang='lat' dir='ltr'>ut</span> <span class='ocrx_word' id='word_1_351' title='bbox 1857 2564 1917 2611; x_wconf 78' lang='lat' dir='ltr'>ita</span> <span class='ocrx_word' id='word_1_352' title='bbox 1937 2575 2063 2625; x_wconf 67' lang='lat' dir='ltr'>pater</span> <span class='ocrx_word' id='word_1_353' title='bbox 2124 2574 2126 2576; x_wconf 82' lang='grc'><strong>’</strong></span> 
     </span>
    </p>
   </div>
   <div class='ocr_carea' id='block_1_11' title="bbox 1171 2619 1757 2666">
    <p class='ocr_par' dir='ltr' id='par_1_15' title="bbox 1171 2619 1757 2666">
     <span class='ocr_line' id='line_1_64' title="bbox 1171 2619 1757 2666; baseline 0 -4"><span class='ocrx_word' id='word_1_354' title='bbox 1171 2636 1196 2662; x_wconf 87' lang='lat' dir='ltr'>a</span> <span class='ocrx_word' id='word_1_355' title='bbox 1217 2619 1311 2662; x_wconf 80' lang='lat' dir='ltr'>filio</span> <span class='ocrx_word' id='word_1_356' title='bbox 1337 2633 1491 2662; x_wconf 84' lang='lat' dir='ltr'>caesus</span> <span class='ocrx_word' id='word_1_357' title='bbox 1514 2620 1757 2666; x_wconf 82' lang='lat' dir='ltr'>videretur.</span> 
     </span>
    </p>
   </div>
   <div class='ocr_carea' id='block_1_12' title="bbox 1165 2688 2062 2854">
    <p class='ocr_par' dir='ltr' id='par_1_16' title="bbox 1165 2688 2062 2854">
     <span class='ocr_line' id='line_1_65' title="bbox 1230 2688 2059 2745; baseline 0.005 -13"><span class='ocrx_word' id='word_1_358' title='bbox 1230 2689 1535 2745; x_wconf 80' lang='lat' dir='ltr'>trepidatum.</span> <span class='ocrx_word' id='word_1_359' title='bbox 1605 2688 1691 2734; x_wconf 89' lang='lat' dir='ltr'>Ed.</span> <span class='ocrx_word' id='word_1_360' title='bbox 1719 2689 1928 2737; x_wconf 72' lang='lat' dir='ltr'>Beroald.</span> <span class='ocrx_word' id='word_1_361' title='bbox 1963 2700 2059 2736; x_wconf 77' lang='lat' dir='ltr'>tre-</span> 
     </span>
     <span class='ocr_line' id='line_1_66' title="bbox 1165 2746 2062 2806; baseline 0.003 -15"><span class='ocrx_word' id='word_1_362' title='bbox 1165 2750 1394 2803; x_wconf 83' lang='lat' dir='ltr'>pitatum‚</span> <span class='ocrx_word' id='word_1_363' title='bbox 1425 2746 1548 2804; x_wconf 92' lang='lat' dir='ltr'>quod</span> <span class='ocrx_word' id='word_1_364' title='bbox 1571 2746 1691 2791; x_wconf 85' lang='lat' dir='ltr'>Vict.</span> <span class='ocrx_word' id='word_1_365' title='bbox 1717 2763 1838 2794; x_wconf 78' lang='lat' dir='ltr'>corr.</span> <span class='ocrx_word' id='word_1_366' title='bbox 1863 2752 2062 2806; x_wconf 75' lang='lat' dir='ltr'>trepida·</span> 
     </span>
     <span class='ocr_line' id='line_1_67' title="bbox 1171 2804 1694 2854; baseline -0.002 -5"><span class='ocrx_word' id='word_1_367' title='bbox 1171 2813 1298 2854; x_wconf 81' lang='lat' dir='ltr'>tum,</span> <span class='ocrx_word' id='word_1_368' title='bbox 1328 2811 1376 2846; x_wconf 85' lang='lat' dir='ltr'>ut</span> <span class='ocrx_word' id='word_1_369' title='bbox 1400 2819 1422 2846; x_wconf 91' lang='lat' dir='ltr'>e</span> <span class='ocrx_word' id='word_1_370' title='bbox 1441 2804 1546 2847; x_wconf 87' lang='lat' dir='ltr'>cod.</span> <span class='ocrx_word' id='word_1_371' title='bbox 1570 2804 1694 2848; x_wconf 79' lang='lat' dir='ltr'>Flor-</span> 
     </span>
    </p>
   </div>
   <div class='ocr_carea' id='block_1_13' title="bbox 1171 2877 2070 3619">
    <p class='ocr_par' dir='ltr' id='par_1_17' title="bbox 1171 2877 2070 3619">
     <span class='ocr_line' id='line_1_68' title="bbox 1226 2877 2064 2929; baseline 0.01 -11"><span class='ocrx_word' id='word_1_372' title='bbox 1226 2888 1422 2918; x_wconf 79' lang='lat' dir='ltr'>saevum</span> <span class='ocrx_word' id='word_1_373' title='bbox 1455 2878 1786 2929; x_wconf 78' lang='lat' dir='ltr'>spectaculum.</span> <span class='ocrx_word' id='word_1_374' title='bbox 1856 2877 1932 2924; x_wconf 86' lang='lat' dir='ltr'>Sic</span> <span class='ocrx_word' id='word_1_375' title='bbox 1963 2881 2064 2926; x_wconf 77' lang='lat' dir='ltr'>edd.</span> 
     </span>
     <span class='ocr_line' id='line_1_69' title="bbox 1171 2931 2064 2988; baseline 0.011 -15"><span class='ocrx_word' id='word_1_376' title='bbox 1171 2931 1271 2978; x_wconf 85' lang='lat' dir='ltr'>Put.</span> <span class='ocrx_word' id='word_1_377' title='bbox 1307 2948 1405 2988; x_wconf 88' lang='lat' dir='ltr'>sqq.</span> <span class='ocrx_word' id='word_1_378' title='bbox 1442 2947 1544 2975; x_wconf 86' lang='lat' dir='ltr'>cum</span> <span class='ocrx_word' id='word_1_379' title='bbox 1579 2933 1682 2982; x_wconf 83' lang='lat' dir='ltr'>MS.</span> <span class='ocrx_word' id='word_1_380' title='bbox 1714 2935 1754 2977; x_wconf 91' lang='lat' dir='ltr'>A</span> <span class='ocrx_word' id='word_1_381' title='bbox 1814 2967 1825 2978; x_wconf 90' lang='lat'>.</span> <span class='ocrx_word' id='word_1_382' title='bbox 1854 2936 1913 2980; x_wconf 78' lang='lat' dir='ltr'>··et</span> <span class='ocrx_word' id='word_1_383' title='bbox 1952 2937 2064 2984; x_wconf 83' lang='lat' dir='ltr'>aliis.</span> 
     </span>
     <span class='ocr_line' id='line_1_70' title="bbox 1172 2989 2059 3047; baseline 0.008 -15"><span class='ocrx_word' id='word_1_384' title='bbox 1172 2989 1256 3032; x_wconf 84' lang='lat' dir='ltr'>Ed.</span> <span class='ocrx_word' id='word_1_385' title='bbox 1298 2989 1417 3047; x_wconf 87' lang='lat' dir='ltr'>Spir.</span> <span class='ocrx_word' id='word_1_386' title='bbox 1468 3003 1659 3039; x_wconf 77' lang='lat' dir='ltr'>seuam,</span> <span class='ocrx_word' id='word_1_387' title='bbox 1714 3000 1779 3035; x_wconf 82' lang='lat' dir='ltr'>uu</span> <span class='ocrx_word' id='word_1_388' title='bbox 1822 2992 1955 3038; x_wconf 80' lang='lat' dir='ltr'>solet.</span> <span class='ocrx_word' id='word_1_389' title='bbox 2007 3020 2059 3032; x_wconf 81' lang='lat'>·—</span> 
     </span>
     <span class='ocr_line' id='line_1_71' title="bbox 1172 3046 2066 3099; baseline 0.01 -9"><span class='ocrx_word' id='word_1_390' title='bbox 1172 3062 1388 3092; x_wconf 73' lang='lat' dir='ltr'>scaevum</span> <span class='ocrx_word' id='word_1_391' title='bbox 1421 3046 1558 3091; x_wconf 89' lang='lat' dir='ltr'>MSS.</span> <span class='ocrx_word' id='word_1_392' title='bbox 1594 3047 1720 3093; x_wconf 85' lang='lat' dir='ltr'>Flor.</span> <span class='ocrx_word' id='word_1_393' title='bbox 1755 3046 1879 3093; x_wconf 76' lang='lat' dir='ltr'>Harl.</span> <span class='ocrx_word' id='word_1_394' title='bbox 1914 3050 2066 3099; x_wconf 78' lang='lat' dir='ltr'>Guelf.</span> 
     </span>
     <span class='ocr_line' id='line_1_72' title="bbox 1175 3102 2066 3164; baseline 0.008 -15"><span class='ocrx_word' id='word_1_395' title='bbox 1175 3105 1245 3149; x_wconf 91' lang='lat' dir='ltr'>ed.</span> <span class='ocrx_word' id='word_1_396' title='bbox 1274 3104 1364 3147; x_wconf 86' lang='lat' dir='ltr'>lac.</span> <span class='ocrx_word' id='word_1_397' title='bbox 1391 3102 1536 3148; x_wconf 84' lang='lat' dir='ltr'>Gron.</span> <span class='ocrx_word' id='word_1_398' title='bbox 1598 3106 1855 3164; x_wconf 78' lang='lat' dir='ltr'>Utrumque</span> <span class='ocrx_word' id='word_1_399' title='bbox 1886 3109 2066 3156; x_wconf 72' lang='lat' dir='ltr'>tolerari</span> 
     </span>
     <span class='ocr_line' id='line_1_73' title="bbox 1174 3161 2064 3223; baseline 0.01 -19"><span class='ocrx_word' id='word_1_400' title='bbox 1174 3169 1335 3221; x_wconf 77' lang='lat' dir='ltr'>potest.</span> <span class='ocrx_word' id='word_1_401' title='bbox 1394 3161 1597 3205; x_wconf 71' lang='lat' dir='ltr'>Saevum</span> <span class='ocrx_word' id='word_1_402' title='bbox 1618 3171 1684 3206; x_wconf 83' lang='lat' dir='ltr'>est</span> <span class='ocrx_word' id='word_1_403' title='bbox 1697 3161 1935 3223; x_wconf 74' lang='grc' dir='ltr'>χαλεπόν,</span> <span class='ocrx_word' id='word_1_404' title='bbox 1968 3169 2064 3212; x_wconf 75' lang='grc' dir='ltr'><em>δει-</em></span> 
     </span>
     <span class='ocr_line' id='line_1_74' title="bbox 1175 3216 2067 3278; baseline 0.009 -16"><span class='ocrx_word' id='word_1_405' title='bbox 1175 3216 1260 3265; x_wconf 83' lang='grc' dir='ltr'>νόν</span> <span class='ocrx_word' id='word_1_406' title='bbox 1296 3218 1374 3274; x_wconf 78' lang='lat' dir='ltr'>(ef.</span> <span class='ocrx_word' id='word_1_407' title='bbox 1400 3227 1496 3263; x_wconf 85' lang='lat' dir='ltr'>not.</span> <span class='ocrx_word' id='word_1_408' title='bbox 1520 3220 1574 3263; x_wconf 83' lang='lat' dir='ltr'>ad</span> <span class='ocrx_word' id='word_1_409' title='bbox 1599 3219 1689 3264; x_wconf 89' lang='lat' dir='ltr'>An.</span> <span class='ocrx_word' id='word_1_410' title='bbox 1711 3223 1755 3274; x_wconf 76' lang='lat'>2,</span> <span class='ocrx_word' id='word_1_411' title='bbox 1779 3222 1839 3278; x_wconf 85' lang='lat'>5.)</span> <span class='ocrx_word' id='word_1_412' title='bbox 1877 3232 1919 3268; x_wconf 81' lang='lat' dir='ltr'>et</span> <span class='ocrx_word' id='word_1_413' title='bbox 1950 3226 2067 3270; x_wconf 86' lang='lat' dir='ltr'>bene</span> 
     </span>
     <span class='ocr_line' id='line_1_75' title="bbox 1177 3275 2069 3336; baseline 0.007 -16"><span class='ocrx_word' id='word_1_414' title='bbox 1177 3275 1386 3333; x_wconf 84' lang='lat' dir='ltr'>congruit</span> <span class='ocrx_word' id='word_1_415' title='bbox 1419 3291 1524 3321; x_wconf 86' lang='lat' dir='ltr'>cum</span> <span class='ocrx_word' id='word_1_416' title='bbox 1556 3278 1868 3336; x_wconf 78' lang='lat' dir='ltr'>trepidatione.</span> <span class='ocrx_word' id='word_1_417' title='bbox 1924 3283 2069 3327; x_wconf 80' lang='lat' dir='ltr'>Scae-</span> 
     </span>
     <span class='ocr_line' id='line_1_76' title="bbox 1177 3336 2070 3388; baseline 0.009 -12"><span class='ocrx_word' id='word_1_418' title='bbox 1177 3350 1287 3377; x_wconf 84' lang='lat' dir='ltr'>vum</span> <span class='ocrx_word' id='word_1_419' title='bbox 1319 3336 1630 3388; x_wconf 79' lang='lat' dir='ltr'>spectaculum</span> <span class='ocrx_word' id='word_1_420' title='bbox 1665 3343 1753 3388; x_wconf 85' lang='lat' dir='ltr'>est,</span> <span class='ocrx_word' id='word_1_421' title='bbox 1801 3338 1920 3380; x_wconf 86' lang='lat' dir='ltr'>unde</span> <span class='ocrx_word' id='word_1_422' title='bbox 1954 3340 2070 3384; x_wconf 82' lang='lat' dir='ltr'>mala</span> 
     </span>
     <span class='ocr_line' id='line_1_77' title="bbox 1176 3390 2067 3449; baseline 0.007 -14"><span class='ocrx_word' id='word_1_423' title='bbox 1176 3390 1454 3435; x_wconf 80' lang='lat' dir='ltr'>inuuineutia</span> <span class='ocrx_word' id='word_1_424' title='bbox 1473 3401 1800 3449; x_wconf 66' lang='lat' dir='ltr'>augur-arentur</span> <span class='ocrx_word' id='word_1_425' title='bbox 1813 3393 1949 3441; x_wconf 81' lang='lat' dir='ltr'>cives.</span> <span class='ocrx_word' id='word_1_426' title='bbox 1977 3397 2067 3441; x_wconf 85' lang='lat' dir='ltr'>Sed</span> 
     </span>
     <span class='ocr_line' id='line_1_78' title="bbox 1177 3447 2068 3505; baseline 0.006 -13"><span class='ocrx_word' id='word_1_427' title='bbox 1177 3450 1224 3492; x_wconf 88' lang='lat' dir='ltr'>in</span> <span class='ocrx_word' id='word_1_428' title='bbox 1240 3447 1340 3492; x_wconf 86' lang='lat' dir='ltr'>MS.</span> <span class='ocrx_word' id='word_1_429' title='bbox 1359 3447 1513 3492; x_wconf 87' lang='lat' dir='ltr'>Guels.</span> <span class='ocrx_word' id='word_1_430' title='bbox 1537 3464 1620 3505; x_wconf 87' lang='lat' dir='ltr'>pro</span> <span class='ocrx_word' id='word_1_431' title='bbox 1643 3465 1837 3492; x_wconf 80' lang='lat' dir='ltr'>saevum</span> <span class='ocrx_word' id='word_1_432' title='bbox 1861 3461 2068 3496; x_wconf 75' lang='lat' dir='ltr'>constan-</span> 
     </span>
     <span class='ocr_line' id='line_1_79' title="bbox 1179 3504 2067 3559; baseline 0.011 -11"><span class='ocrx_word' id='word_1_433' title='bbox 1179 3505 1467 3551; x_wconf 76' lang='lat' dir='ltr'>ter-scribitur</span> <span class='ocrx_word' id='word_1_434' title='bbox 1491 3522 1539 3549; x_wconf 80' lang='lat' dir='ltr'>sc</span> <span class='ocrx_word' id='word_1_435' title='bbox 1569 3504 1879 3551; x_wconf 70' lang='lat' dir='ltr'>cutm—‘Mox</span> <span class='ocrx_word' id='word_1_436' title='bbox 1904 3508 1950 3554; x_wconf 90' lang='lat' dir='ltr'>in</span> <span class='ocrx_word' id='word_1_437' title='bbox 1965 3511 2067 3559; x_wconf 73' lang='lat' dir='ltr'>MS.</span> 
     </span>
     <span class='ocr_line' id='line_1_80' title="bbox 1179 3563 1910 3619; baseline 0.003 -9"><span class='ocrx_word' id='word_1_438' title='bbox 1179 3563 1297 3610; x_wconf 87' lang='lat' dir='ltr'>Bud.</span> <span class='ocrx_word' id='word_1_439' title='bbox 1323 3563 1446 3608; x_wconf 80' lang='lat' dir='ltr'>deest</span> <span class='ocrx_word' id='word_1_440' title='bbox 1468 3565 1550 3619; x_wconf 72' lang='grc' dir='ltr'><em>ι’μει</em></span> <span class='ocrx_word' id='word_1_441' title='bbox 1569 3573 1614 3608; x_wconf 78' lang='lat' dir='ltr'>et</span> <span class='ocrx_word' id='word_1_442' title='bbox 1636 3563 1797 3610; x_wconf 77' lang='lat' dir='ltr'>deinde</span> <span class='ocrx_word' id='word_1_443' title='bbox 1819 3569 1910 3613; x_wconf 77' lang='lat' dir='ltr'>ubi.</span> 
     </span>
    </p>
   </div>
   <div class='ocr_carea' id='block_1_14' title="bbox 2090 3656 2114 3669">
    <p class='ocr_par' dir='ltr' id='par_1_18' title="bbox 2090 3656 2114 3669">
     <span class='ocr_line' id='line_1_81' title="bbox 2090 3656 2114 3669; baseline 0 0"><span class='ocrx_word' id='word_1_444' title='bbox 2090 3656 2114 3669; x_wconf 57' lang='grc' dir='ltr'><em>Δ</em></span> 
     </span>
    </p>
   </div>
  </div>
 </body>
</html>
