2138 4030
193 239 334 363 §02

186 444 193 449 ,
381 398 452 440 88.
482 395 782 454 Vespasianus
806 412 908 440 cum
923 396 1031 440 Tito
1055 396 1341 444 consulatum
1366 399 1463 442 init.
1526 399 1645 444 Falsi
1669 414 1852 457 pavores
1875 402 1922 446 in
1946 405 2057 448 urbe

212 463 312 501 eta
345 453 396 504 L.
425 453 609 497 Pisone.
678 454 750 498 39.
786 453 1079 498 Domitianus
1110 451 1307 511 praetor.
1382 457 1458 500 Vis
1525 475 1629 501 enes
1661 458 1944 502 Mucianum.
2017 460 2057 504 ls

212 513 354 555 Primi
381 512 566 555 Antonii
590 511 837 571 potentiam
859 511 1079 568 infringit.
1138 512 1213 554 40.
1243 511 1450 557 Restituti
1474 473 1643 558 (galbae
1663 515 1872 566 honores.
1891 516 2056 561 Bareae

212 569 373 613 Sorani
397 569 601 613 manibus
625 570 676 612 P.
696 567 852 611 Celere
873 569 1085 611 damnato
1107 568 1400 614 satisfactum.
1460 574 1530 614 41.
1562 572 1656 616 Alii
1682 588 1862 632 quoque
1889 573 2056 619 delato-

211 643 283 672 res
317 625 532 683 castigati.
594 627 665 669 42.
704 626 751 668 ln
786 627 852 668 bis
875 625 1108 683 Aquilium
1137 624 1355 683 Regulum
1389 644 1413 670 a
1435 627 1643 672 Messalla
1665 623 1800 673 fratre
1825 631 2054 674 defensum

211 685 458 728 hlontanus
489 683 709 740 percellit.
773 683 842 734 43,
869 683 939 725 44.
974 682 1096 724 ldem
1124 681 1170 724 in
1195 683 1463 727 Marcellum
1494 694 1633 729 tentat
1655 685 1888 732 Helvidius
1921 689 2056 732 inter·

213 741 400 786 cedente
432 740 617 783 Caesare
658 739 946 793 abolendam„
964 739 1169 797 priorum
1205 749 1459 799 temporum
1494 744 1900 789 memoriam'rato.
1974 745 2057 813 Kta-

212 815 299 857 que
321 798 367 842 in
393 813 560 856 paucos
585 798 721 841 modo
746 797 977 840 saevitum.
1034 795 1103 839 45.
1137 799 1352 840 senenses
1377 800 1434 842 ob
1458 801 1683 856 pulsatum
1705 809 1954 845 senatorem
1977 817 2056 861 pu·

211 857 311 900 niti.
368 856 596 899 Antonius
622 854 824 896 Flamma
849 855 942 912 lege
968 855 1316 912 repetundarum
1340 856 1593 901 damnatus.
1651 860 1720 902 46.
1757 859 1965 903 Militaris
1993 875 2058 902 se·

211 914 323 972 ditio
343 929 367 955 a
389 911 604 956 Muciano
627 927 846 969 repressa.
905 911 977 954 47.
1010 911 1227 969 Abrogati
1251 914 1533 965 consulatus,
1563 931 1677 973 quos
1690 915 1899 959 Vitellius
1919 916 2056 960 dede-

210 982 295 1015 rat.
357 971 512 1014 Funus
533 969 789 1013 censorium
811 969 966 1014 Flavio
990 969 1157 1011 Sabino
1183 968 1384 1012 ductum.
1443 972 1651 1016 48-50.
1682 973 1728 1016 L.
1742 973 1918 1018 Pisonis
1934 973 2055 1017 Afri-

213 1045 290 1072 cae
329 1025 617 1086 proconsulis
654 1026 828 1069 caedes.
898 1025 1023 1070 Servi
1045 1027 1141 1068 eius
1171 1025 1405 1084 *egregium
1436 1030 1740 1077 mendacium.
1807 1030 2055 1075 Oeensium
2093 1063 2096 1066 -

209 1087 635 1144 Leptitanorumque
668 1082 917 1126 discordiae
951 1084 1244 1141 compositae.
1315 1084 1422 1126 Fusi
1459 1085 1774 1133 Garamantes.
1845 1088 1914 1132 51.
1950 1087 2056 1132 Par·

208 1144 393 1189 thorum
426 1140 585 1185 auxilia
618 1156 712 1186 non
747 1141 904 1198 recipit
935 1141 1253 1198 Vespasianus.
1322 1142 1393 1185 52.
1433 1143 1567 1190 Hunc
1601 1146 1772 1189 iratum}
1794 1145 2056 1193 Domitiano

207 1201 338 1245 Titus
362 1198 551 1256 mitigat.
610 1197 679 1240 5⁷3.
714 1196 831 1240 Cura
856 1197 1121 1241 restituendi
1147 1198 1352 1255 Capitolii
1373 1199 1420 1242 in
1441 1201 1492 1245 L.
1516 1201 1962 1247 Vestinumcollata.

377 1283 447 1327 54.
476 1282 643 1328 Audita
674 1298 798 1326 mors
825 1282 992 1326 Vitellii
1024 1282 1326 1349 duplicaverat
1359 1284 1528 1328 bellum
1559 1302 1640 1343 per
1675 1284 1841 1330 Gallias
1873 1284 2056 1329 Germa-

208 1345 410 1400 niasque.
472 1341 587 1384 Cum
609 1339 821 1384 incendio
841 1339 1049 1399 Capitolii
1072 1341 1171 1383 finis
1196 1340 1385 1398 imperio
1406 1342 1559 1386 adesse
1583 1346 1793 1388 creditus.
1851 1343 2056 1386 55—58.

208 1400 452 1444 Interfecto
475 1397 742 1441 Hordeonio
775 1400 1034 1456 conspirant
1069 1414 1172 1440 cum
1198 1397 1338 1441 Civile
1370 1407 1412 1441 et
1436 1399 1633 1443 Classico
1670 1401 1808 1444 lulius
1837 1400 1984 1444 Tutor
2015 1410 2057 1443 et

208 1458 348 1502 lulius
385 1456 593 1499 Sabinus.
666 1463 827 1498 nutant
866 1456 1066 1514 reliquae
1100 1454 1289 1499 Galliae.
1361 1456 1595 1500 Romanae
1637 1474 1817 1517 quoque
1860 1458 1900 1502 le
1934 1458 2057 1501 'ones

208 1523 437 1559 tentantur
459 1513 625 1557 frustra
647 1512 865 1556 renitente
892 1512 1090 1562 Vocula,
1137 1529 1225 1570 quo
1255 1514 1324 1557 59.
1346 1515 1417 1557 60.
1447 1530 1574 1558 caeso
1602 1516 1855 1573 vinctisque
1879 1474 2054 1558 tffiren-

207 1574 284 1617 nio
319 1579 362 1616 et
385 1571 590 1614 Numisio
630 1570 782 1628 legatis
804 1570 906 1613 istas
927 1586 1011 1629 pro
1036 1570 1227 1629 imperio
1254 1570 1502 1614 Galliarum
1530 1582 1808 1618 sacramento
1831 1572 1901 1616 adi
1932 1572 1966 1616 it
1984 1570 2054 1614 Ci-

207 1631 328 1682 vilis,
369 1628 514 1671 Tutor
546 1627 919 1689 AgrippinenseS‚
958 1627 1178 1672 Classicus
1206 1629 1411 1672 obsessos
1447 1630 1500 1672 ad
1538 1628 1714 1674 Vetera.
1786 1631 1856 1674 61.
1899 1588 2055 1674 Civilis

207 1688 304 1733 voti
342 1702 530 1744 compos
565 1687 738 1729 crinem
774 1685 970 1743 deponit.
1030 1686 1147 1728 Tum
1185 1695 1229 1729 et
1263 1687 1408 1730 maior
1443 1688 1682 1732 auctoritas
1710 1685 1926 1735 Veledae.
1979 1687 2053 1729 62.

208 1746 452 1803 Captarum
490 1743 720 1798 legionum
754 1753 974 1786 maestum
1010 1743 1234 1801 silensque
1271 1760 1446 1802 agmen.
1516 1745 1598 1795 Ala
1633 1745 1866 1791 Picentina
1898 1759 2055 1788 necem

206 1802 410 1848 Voculae
432 1801 644 1845 vindicat.
701 1800 915 1845 63—65.
950 1801 1141 1844 Colonia
1163 1800 1505 1859 Agrippinensis
1526 1800 1883 1846 Transrhenanis
1906 1799 2051 1858 genti-

203 1862 290 1906 bus
311 1860 456 1906 invisa
480 1858 528 1902 in
548 1873 778 1902 summum
803 1858 1043 1903 discrimen
1069 1859 1259 1901 adducta
1281 1875 1384 1901 cum
1401 1858 1539 1902 Civile
1562 1859 1819 1904 societatem
1841 1859 1947 1910 init,
1974 1855 2054 1902 Ve-

200 1918 334 1962 ledae
354 1932 524 1960 numen
547 1916 676 1961 donis
703 1915 860 1973 placat
922 1918 995 1960 66.
1026 1914 1183 1961 Civilis
1206 1917 1431 1969 Betasios,
1460 1915 1695 1979 Tungros,
1725 1916 1911 1961 Nervios
1937 1916 1983 1958 in
2008 1915 2055 1958 fi·

205 1976 311 2021 dem
336 1974 517 2032 accipit.
571 1974 641 2016 67.
675 1973 781 2018 Fusi
804 1973 1031 2032 Lingones
1054 1990 1078 2016 a
1098 1974 1340 2031 Sequanis,
1371 1974 1405 2016 l.
1426 1974 1619 2019 Sabinus
1642 1974 1788 2019 victu-s
1810 1974 1932 2019 latet.
1982 1973 2055 2017 68.

206 2033 451 2077 Mucianus
489 2047 595 2076 cum
627 2030 892 2075 Domitiano
927 2032 982 2076 ad
1016 2032 1183 2075 bellum
1215 2030 1480 2089 accingitur.
1549 2031 1622 2077 69.
1651 2031 1781 2075 Remi
1807 2030 1982 2085 *Gallias
2006 2031 2055 2073 in

207 2090 296 2134 fide
328 2089 533 2132 Romana
566 2097 837 2133 conservant
869 2089 1061 2147 exceptis
1091 2089 1296 2132 Treveris
1329 2099 1462 2146 atque
1493 2089 1784 2149 Lingonibus.
1852 2090 1926 2133 70.
1965 2088 2054 2134 Sed

206 2163 294 2192 nec
323 2146 385 2192 iis
408 2161 493 2189 nec
519 2146 703 2204 reliquis
729 2146 992 2190 civitatibus·
1014 2163 1095 2190 nec
1117 2145 1223 2203 ipsis
1247 2146 1436 2190 ducibus
1460 2149 1563 2190 satis
1588 2147 1764 2191 consilii
1785 2162 1838 2190 ac
1863 2161 2055 2199 concor·

209 2205 326 2250 diae.
382 2203 529 2247 Tutor
555 2203 611 2247 ad
636 2202 844 2261 Bingium
870 2205 1035 2248 victus.
1093 2204 1165 2246 71.
1198 2202 1383 2246 Petilius
1406 2204 1593 2246 Cerialis
1618 2203 1959 2260 Magontiacum
1985 2219 2054 2246 ve·

206 2262 300 2314 nit,
331 2278 429 2321 spes
454 2261 765 2304 Romanorum
792 2259 946 2318 erigit,
974 2259 1264 2303 Valentinum
1289 2260 1451 2303 (lucem
1478 2277 1634 2319 magna
1657 2269 1803 2318 strage
1824 2260 2053 2303 adfectum

205 2321 338 2378 capit.
395 2320 469 2363 72.
498 2318 720 2365 Treveros
747 2318 898 2361 intrat.
958 2318 1182 2360 Militibus
1205 2317 1383 2360 exitium
1409 2318 1534 2362 urbis
1557 2319 1843 2377 poscentibus
1877 2317 2053 2361 resistit.

205 2377 359 2422 Victas
378 2376 578 2433 legione-s
602 2376 650 2418 in
673 2384 815 2420 castra
838 2376 1015 2433 recipit.
1071 2375 1142 2418 73.
1164 2375 1234 2417 74.
1265 2374 1489 2419 Treveros
1515 2385 1558 2419 et
1570 2376 1794 2437 Lingones
1817 2373 1957 2419 officii
1978 2376 2052 2419 ad·

197 2442 376 2480 monet.
432 2434 502 2477 75.
534 2432 690 2478 Civilis
712 2442 755 2476 et
778 2432 999 2477 Classicus
1021 2432 1076 2475 ad
1097 2431 1318 2476 Cerialem
1343 2433 1510 2476 litteras
1532 2432 1740 2483 mittunt,
1771 2431 1826 2476 ad
1847 2447 1956 2490 quas
1979 2431 2055 2475 ille

205 2491 336 2539 nihil.
385 2492 458 2535 76.
481 2490 633 2536 Civilis
653 2491 981 2543 cunctandum,
1011 2489 1158 2533 Tutor
1180 2498 1223 2532 et
1239 2489 1462 2534 Classicus
1485 2489 1633 2536 statim
1651 2490 1951 2548 pugnandum
1972 2497 2068 2533 sta-=

206 2559 357 2598 tuunt.
414 2549 487 2593 77.
519 2549 590 2592 78.
620 2548 763 2594 Atrox
792 2547 1041 2605 proelium,
1085 2563 1174 2604 quo
1209 2547 1394 2592 Cerialis
1425 2547 1555 2591 initio
1592 2548 1737 2600 victus
1773 2562 1877 2590 mox
1911 2547 2055 2592 victor

207 2612 351 2653 castra
370 2606 567 2650 hostium
588 2605 820 2650 exscindit.
878 2605 950 2649 79.
979 2604 1334 2663 Agrippinenses
1359 2603 1633 2649 aGermanis
1657 2602 1945 2650 desciscuntu
1978 2603 2051 2648 80.

204 2665 449 2714 Mucianus
485 2663 654 2708 Vitellii
695 2663 840 2706 filium
882 2663 1110 2706 interficit.
1185 2662 1409 2706 Antonius
1442 2663 1614 2722 primus
1643 2662 1698 2704 ad
1730 2658 2050 2728 Vespasianum
2121 2680 2130 2683 ⁷

203 2722 437 2783 profectus
458 2737 554 2765 non
575 2738 658 2780 pro
678 2736 755 2780 spe
774 2721 1006 2778 excipitur.
1065 2721 1136 2763 81.
1169 2719 1326 2764 Multis
1348 2717 1576 2772 miraculis
1601 2718 1803 2762 coelestis
1827 2713 2051 2778 mVespa·

205 2781 380 2824 sianum
403 2779 529 2823 favor
549 2788 769 2823 ostensus.
817 2780 915 2837 lpse
941 2777 1180 2823 oculorum
1204 2777 1302 2821 tabe
1324 2785 1514 2827 notum,
1543 2776 1680 2819 alium
1705 2792 1850 2820 manu·
1867 2791 2052 2835 aegrum

205 2837 380 2881 sanitati
403 2837 608 2882 restituit.
666 2837 736 2880 82.
770 2834 1075 2880 Confirmatur
1097 2835 1249 2877 omine
1272 2835 1316 2877 in
1338 2833 1509 2893 templo
1533 2832 1782 2891 Serapidis,
1819 2836 1949 2886 cuius
1980 2832 2050 2877 83.

207 2895 279 2938 84.
312 2895 440 2952 origo
462 2894 751 2953 Sinopensis,
788 2894 1007 2951 templum
1043 2890 1337 2936 Alexandriae
1375 2891 1694 2948 magnificum,
1734 2889 1920 2936 nomen.
1975 2888 2049 2937 85.

208 2951 474 2996 Valentinus
505 2951 727 3010 supplicio
763 2951 979 2994 adfectus.
1057 2950 1127 2994 86.
1159 2948 1448 2992 Domitianus
1486 2947 1655 2992 frustra
1690 2952 1857 2991 tentato
1881 2946 2051 2994 Ceriale

211 3013 270 3054 an
299 3010 382 3052 sibi
414 3009 656 3056 exercitum
686 3009 1018 3067 imperiumque
1057 3006 1302 3051 traditurus
1345 3006 1466 3049 foret
1504 3007 1751 3063 litterarum
1782 3004 1978 3050 studium
2007 3011 2051 3051 et

211 3081 414 3110 amorem
442 3067 695 3110 carminum
717 3066 911 3113 simulat.
970 3065 1103 3109 Gesta
1129 3064 1235 3107 haec
1258 3064 1418 3121 partim
1441 3064 1598 3106 eodem
1622 3077 1768 3112 anno,
1797 3064 1960 3122 partim
2116 3068 2119 3069 ⁷

378 3163 498 3197 1MP.
528 3161 896 3198 VESPASLANO
929 3159 1164 3195 ITBRUM
1205 3159 1346 3190 'rl'ro
1388 3161 1499 3192 1⁸11..
1527 3159 1681 3195 0088.
