2138 4030
387 990 454 1051 C.
540 983 1167 1057 CORNELII
1255 936 1712 1047 ΤΑΟΙΤΪ

222 1119 1897 1216 ΗΙΒΤΟΒΙΑΒΠΜ

684 1291 950 1344 LIBER
1028 1289 1424 1343 TERTIUS.

584 1565 1185 1611 BREVIARIUM
1254 1566 1528 1611 LtBRl.

302 1681 417 1726 CAP.
441 1683 478 1723 1.
513 1678 734 1722 Flavianis
757 1678 811 1720 de
833 1677 1004 1721 ratione
1026 1676 1131 1722 belli
1157 1676 1504 1721 deliberantibus
1528 1694 1698 1721 moram
1722 1678 1822 1731 alii,
1853 1683 1899 1726 2.
1917 1682 1983 1727 fe·

133 1738 417 1782 stinationem
458 1736 684 1781 Antonius
715 1735 896 1778 Primus
926 1734 1080 1777 suadet
1119 1734 1162 1778 3.
1193 1743 1236 1777 et
1262 1734 1452 1779 obtinet.
1526 1735 1567 1778 4.
1603 1735 1812 1781 Proxima
1843 1739 1982 1786 Corn.

134 1795 555 1847 Fusciauctoritas.
647 1792 688 1836 5.
729 1792 964 1849 Principes
996 1784 1302 1834 Sarmatarum
1337 1791 1548 1850 lazygum
1587 1793 1634 1837 in
1666 1796 1986 1846 commilitium

137 1852 309 1896 adsciti.
369 1852 478 1895 Sido
501 1860 544 1894 et
566 1850 744 1894 Italicus
761 1849 1016 1893 suevorum
1040 1857 1166 1906 reges
1190 1849 1318 1892 tracti
1340 1849 1387 1891 in
1413 1859 1576 1907 partes.
1634 1851 1677 1895 6.
1706 1852 1748 1897 7.
1777 1853 1984 1898 Antonio

136 1910 304 1954 ltaliam
325 1909 554 1954 invadenti
576 1923 727 1952 comes
750 1915 814 1950 est
828 1906 986 1949 Arrius
1002 1906 1158 1949 Varus.
1199 1905 1368 1949 Multas
1389 1908 1522 1951 urbes
1546 1918 1786 1966 occupant.
1842 1913 1885 1956 8.
1902 1912 1987 1956 Ve-

137 1983 251 2010 rona
272 1966 319 2008 fit
340 1965 446 2009 belli
469 1966 609 2009 sedes.
665 1965 820 2007 Moras
847 1965 1012 2006 frustra
1044 1972 1119 2006 aut
1153 1980 1252 2006 sero
1283 1965 1469 2014 nec'tunt
1494 1964 1788 2022 Vespasianus
1812 1978 1854 2012 et
1876 1969 1987 2013 Mu-

138 2024 309 2068 cianus.
379 2024 422 2066 9.
455 2022 640 2066 lnterim
664 2021 800 2064 duces
829 2020 997 2064 mutuis
1029 2020 1226 2078 epistolis
1251 2021 1418 2063 bellum
1450 2032 1629 2079 gerunt.
1699 2026 1769 2067 10.
1801 2025 1856 2069 T.
1878 2026 1989 2071 Am-

136 2082 237 2138 pius
268 2081 502 2124 Flavianus
534 2078 664 2123 militi
696 2086 926 2136 suspectus
965 2079 1019 2121 ab
1052 2078 1251 2120 Antonio
1293 2087 1506 2140 seryatur.
1592 2083 1658 2124 11.
1687 2081 1773 2127 Hic
1803 2082 1991 2129 alteram

137 2154 231 2195 quo
267 2155 320 2181 ue
351 2138 615 2180 seditionem
654 2135 760 2178 odio
785 2135 951 2191 Aponii
976 2135 1206 2178 Saturnini
1238 2144 1384 2177 ortam
1417 2138 1694 2195 comprimit.
1766 2142 1833 2185 12.
1860 2141 1990 2185 Luci-

137 2198 224 2240 lius
246 2198 249 2200 ’
285 2211 405 2239 assus
437 2203 483 2236 et
520 2194 586 2237 13.
615 2193 680 2238 14.
705 2192 898 2237 Caecina
919 2209 944 2235 a
970 2192 1152 2235 Vitellio
1174 2192 1427 2236 deficientes
1449 2210 1474 2237 a
1495 2195 1708 2239 militibus
1732 2199 1823 2242 suis
1851 2199 1992 2242 conii-

140 2255 322 2300 ciuntur
356 2252 403 2295 in
433 2251 634 2296 vincula.
722 2251 792 2293 15.
831 2249 1078 2294 Discordes
1109 2248 1375 2293 Vitellianos
1416 2251 1471 2294 ad
1502 2251 1773 2298 Bedriacum
1809 2256 1991 2311 adgredi

138 2311 302 2361 statuits
322 2309 564 2354 Antonius.
635 2308 705 2352 16.
745 2307 964 2351 Aviditate
995 2307 1223 2350 navandae
1258 2322 1419 2364 operae
1442 2308 1603 2353 Arrius
1632 2312 1775 2355 Varus
1808 2329 1903 2356 rem
1942 2313 1991 2357 in

140 2369 381 2412 discrimen
429 2366 633 2410 adducit:
699 2365 767 2408 17.
810 2381 907 2408 eam
951 2365 1177 2409 Antonius
1216 2364 1464 2408 constantia
1504 2375 1544 2409 et
1586 2367 1747 2412 virtute
1785 2370 1995 2424 restituit,

142 2427 212 2469 18.
244 2423 436 2470 victoria
476 2424 666 2480 potitur.
761 2423 828 2466 19.
866 2421 1060 2466 Flaviani
1099 2438 1148 2464 ea
1187 2420 1290 2464 freti
1324 2422 1602 2468 Cremonam
1635 2441 1884 2485 expugnare
1919 2427 1992 2471 de·

140 2490 349 2541 poscunt.
434 2481 508 2525 20.
545 2480 855 2524 Inconsultum
900 2495 1059 2522 eorum
1104 2478 1309 2520 ardorem
1350 2478 1514 2523 frustra
1558 2482 1715 2524 retinet
1744 2484 1991 2529 Antonius.

140 2543 211 2584 21.
242 2539 329 2583 Sed
353 2538 631 2582 adventantis
655 2537 792 2580 hostis
815 2546 963 2579 terror
984 2537 1234 2579 obstructas
1256 2544 1429 2578 mentes
1458 2539 1657 2582 consiliis
1681 2540 1806 2584 ducis
1835 2542 1992 2599 aperit.

141 2597 350 2641 22-25,
382 2595 619 2638 Proelium
643 2604 789 2645 atrox,
818 2610 995 2651 anceps.
1056 2593 1280 2636 Antonius
1304 2594 1466 2650 egregii
1493 2595 1620 2638 ducis
1648 2598 1800 2643 munia
1824 2596 1994 2658 implet,

143 2655 377 2699 victoriam
403 2652 562 2695 aufert.
624 2651 832 2695 26—33.
868 2650 1092 2694 Cremona
1115 2652 1314 2698 obsessa,
1350 2660 1504 2708 capta,
1536 2663 1757 2706 cremata,
1813 2655 1886 2700 34.
1914 2673 1992 2715 Ρο-

147 2720 236 2755 stea
258 2712 475 2755 restituta.
536 2710 604 2753 35.
634 2710 790 2753 Victae
813 2709 1013 2767 legiones
1035 2709 1272 2766 dispersae.
1638 2750 1641 2753 ¹
1676 2720 1681 2724 ¹
1800 2761 1802 2763 ‚

315 2767 384 2811 36.
421 2765 625 2810 Vitellius
657 2766 762 2810 luxu
788 2775 950 2824 torpet.
1018 2762 1088 2809 37.
1120 2766 1169 2807 ln
1203 2765 1360 2807 urbem
1392 2775 1593 2809 revectus
1617 2766 1856 2813 Caecinam
1879 2786 1992 2814 con-

150 2827 351 2870 demnat:
382 2826 421 2868 ei
444 2824 632 2867 Rosium
657 2823 879 2883 Regulum
903 2825 951 2866 in
975 2840 1116 2867 unum
1148 2822 1266 2866 diem
1296 2823 1530 2866 consulem
1555 2825 1735 2868 suflicit.
1822 2826 1892 2872 38.
1920 2828 1995 2873 39.

145 2882 302 2926 lunius
322 2882 503 2926 Blaesus
523 2880 678 2925 fraude
700 2882 751 2924 L.
778 2881 948 2923 Vitellii
974 2897 1153 2925 veneno
1177 2879 1363 2922 tollitur.
1437 2880 1508 2923 40.
1540 2882 1612 2924 41.
1645 2880 1808 2926 Fabius
1833 2881 2000 2929 Valens

147 2941 329 2983 libidine
357 2948 399 2982 et
426 2939 711 2982 cunctatione
733 2938 1080 2981 Vitellianorum
1115 2955 1184 2981 res
1212 2938 1386 2979 subruit
1417 2945 1460 2979 et
1493 2939 1563 2981 42.
1583 2939 1802 2984 Flavianis
1829 2942 1999 2987 ltaliam

149 2997 470 3055 occupantibus
499 2995 570 3038 43.
595 2996 648 3038 ad
673 2994 943 3040 Stoechadas
965 2997 1134 3039 delatus
1159 2995 1346 3051 capitur.
1421 2995 1492 3039 44.
1525 2995 1784 3054 Hispaniae,
1815 2998 1999 3052 Galliae,

114 3053 119 3056 ’
148 3054 400 3105 Britannia,
439 3060 600 3096 cuncta
630 3053 683 3095 ad
710 3054 967 3111 Vespasiani
999 3069 1104 3110 opes
1131 3068 1359 3096 conversa.
1428 3051 1501 3096 45.
1532 3052 1703 3098 Turbat
1730 3063 1881 3100 tamen
1903 3057 1997 3101 Bri-

148 3110 350 3154 tanniam
379 3110 612 3153 Venutius.
671 3109 734 3153 ibi
756 3110 878 3156 varia
900 3119 1021 3154 sorte
1040 3117 1301 3168 pugnatum.
1361 3107 1433 3153 46.
1465 3109 1664 3154 Turbata
1689 3128 1869 3170 quoque
1886 3114 1998 3158 Ger-

148 3167 311 3211 mania.
371 3167 498 3210 Mota
520 3175 562 3210 et
584 3166 820 3210 Dacorum
836 3183 976 3226 gem,
1003 3177 1027 3211 a
1047 3167 1265 3210 Muciano
1291 3182 1339 3208 cx
1364 3165 1554 3211 Oriente
1578 3169 1745 3213 reduce
1778 3186 1828 3215 re
1862 3189 1997 3216 ressa.

75 3270 78 3271 ⁷
148 3225 220 3267 47.
246 3224 319 3268 48.
350 3225 562 3268 Anicetus
591 3224 852 3267 Polemonis
889 3223 1074 3268 libertus
1104 3225 1301 3267 Pontum
1334 3222 1548 3270 infestans
1583 3227 1774 3284 capitur.
1877 3245 1997 3288 espa-

151 3282 301 3327 sianus
335 3279 645 3324 Alexandriam
675 3280 844 3339 pergit,
881 3291 930 3324 ut
959 3283 1115 3325 urbem
1146 3281 1265 3323 same
1300 3291 1468 3338 urgeat.
1538 3284 1622 3327 49:
1643 3286 1868 3331 Antonius
1899 3296 1998 3344 post

151 3337 422 3386 Cremonam
453 3338 689 3396 superbior
716 3338 785 3385 50.
838 3347 975 3383 artem
1001 3340 1233 3397 copiarum
1262 3339 1464 3386 Veronae
1489 3342 1728 3400 relinquit,
1757 3343 1997 3402 partemin

151 3394 415 3440 Vitellianos
435 3394 625 3451 expedit.
679 3394 753 3438 61.
815 3395 1003 3439 efarium
1026 3396 1200 3440 facinus
1224 3394 1377 3438 militis
1398 3397 1456 3440 ob
1478 3400 1678 3443 occisum
1702 3416 1726 3443 a
1752 3417 1798 3443 se
1814 3400 2002 3444 fratrem

155 3452 401 3511 praemium
433 3450 640 3511 petentis.
671 3455 674 3458 ’
716 3453 788 3495 52.
819 3453 1166 3497 Festinationem
1203 3454 1389 3496 Antonii
1422 3457 1540 3523 apud
1562 3455 1884 3513 Vespasianum
1916 3457 2002 3501 cri-

156 3509 354 3557 minatur
375 3508 632 3553 Mucianus.
707 3510 776 3552 53.
810 3509 851 3553 Is
871 3511 1105 3555 iactantius
1137 3525 1271 3567 quam
1307 3511 1364 3554 ad
1401 3514 1652 3571 principem
1681 3515 1843 3560 litteras
1879 3530 2003 3560 com-

160 3564 286 3627 ponit
306 3565 570 3614 Mucianum
592 3568 846 3614 insectatus.
903 3568 1008 3614 inde
1030 3583 1186 3626 graves
1209 3567 1374 3614 ducum
1394 3571 1659 3616 simultates.
