2138 4030
1763 170 1981 285 &ig-³3³5}
2066 280 2071 285 ,

219 210 343 271 314
784 201 1498 282 ms‘roffiARUM
1561 228 1565 234 ,

217 335 555 412 superbiam
579 346 881 412 ceteraque
913 333 1141 392 occulta
1178 333 1334 390 mala
1368 335 1669 409 patefecit.
1684 388 1716 410 e.
1732 347 1821 398 ‚ut-
1838 348 2068 413 captam

218 421 452 486 Ital-iam
493 417 843 496 persultare,
904 429 981 476 ut
1030 435 1166 474 suas
1206 417 1464 492 legiones
1509 421 1729 491 colere,
1790 419 2069 481 omnibus

219 507 390 564 dietis
425 505 710 582 factisque
745 505 901 561 viam
945 502 1061 558 sibi
1106 503 1180 558 ad
1223 505 1548 578 potentiam
1582 517 1831 565 struere:
1875 502 2068 584 utque

217 590 454 648 licentia
497 590 765 661 militemf
791 589 1111 656 imbueret,
1166 583 1606 647 interfectorum
1654 591 2068 650 centurionum

217 677 459 734 ordines
479 675 814 749 legionibus
838 672 1139 730 offerebat.
1225 691 1292 728 eo
1319 674 1596 749 suffragio
1629 675 2069 733 turbidissimus

217 761 467 838 quisque
502 760 738 818 delecti:
793 777 901 813 nec
932 757 1101 833 miles
1138 755 1204 810 in
1236 758 1481 817 arbitrio
1519 762 1766 831 ducum,
1817 761 1920 817 sed
1951 762 2067 818 du-

217 866 311 904 ces
353 846 600 902 militari
645 834 951 900 violentia&
975 837 1376 905 trahebantur.
1495 866 1645 922 quae
1690 846 1982 909 seditiosa,
2013 857 2070 903 et

215 932 680 1006 corrumpendae
747 926 1092 1000 disciplinae
1157 946 1293 983 mox
1353 928 1416 983 in
1473 933 1750 1005 praedam
1806 931 2068 987 vertebat

214 1014 371 1074 nihil
407 1017 828 1073 :adventantem
864 1010 1215 1068 Mucianum
1255 1013 1508 1085 verimS,
1560 1015 1722 1092 quod
1767 1016 2068 1073 exitiosius

215 1114 340 1159 erat
366 1120 542 1177 quam
568 1097 996 1173 Vespasianum
1024 1097 1327 1172 sprevisse.
1395 1104 1399 1113 '

381 1209 452 1270 L
517 1207 794 1268 Ceterum
823 1208 1158 1285 propinqua
1182 1204 1379 1264 hieme
1410 1220 1466 1265 et
1494 1204 1878 1268 humentibus
1901 1209 2065 1268 Pado

211 1292 431 1371 canipis
477 1294 812 1370 expeditum
860 1313 1068 1368 agmen
1116 1293 1404 1353 incedere.
1508 1295 1672 1368 signa
1715 1294 2067 1374 'aquilaeque

212 1378 544 1438 victricium
578 1380 879 1453 legionum
898 1425 914 1448 ‚
957 1378 1174 1434 milites
1201 1378 1546 1441 vulneribus
1585 1391 1686 1437 aut
1718 1392 1903 1439 aetate
1927 1400 2066 1454 vgra-

209 1487 340 1537 veS‚
397 1466 665 1541 plerique
719 1464 894 1520 etiam
943 1464 1157 1537 integri
1203 1462 1474 1520 Veronae
1523 1465 1737 1522 relicti:
1801 1466 2063 1543 sufficere

171 1608 177 1613 .
210 1549 478 1610 cohortes
504 1551 746 1627 alaeque
779 1560 834 1606 et
857 1569 887 1604 e
910 1549 1239 1622 legionibus
1261 1549 1398 1605 lecti
1422 1549 1730 1624 profligato
1759 1550 1876 1607 iam
1906 1551 2064 1608 bello

208 1625 584 1695 videbantur.
667 1634 1033 1692 'Undecuma
1077 1634 1228 1706 legio
1281 1653 1403 1690 sese
1458 1635 1836 1705 adiunxerat,
1891 1635 2063 1693 initio

215 1734 516 1790 cuncta-ta,
592 1720 693 1775 sed
738 1719 1037 1795 prosperis
1083 1719 1259 1775 rebus
1295 1718 1499 1789 anxia,
1558 1721 1716 1796 quod
1759 1721 2064 1795 *defu-isset.

212 1830 309 1866 sex
345 1806 534 1864 millia
569 1803 1007 1874 Dalmatarum,
1048 1823 1252 1860 recens
1287 1804 1576 1875 delectuS,
1619 1805 2065 1883 comitabantur.

435 1902 441 1925 1

268 2052 394 2094 υἰαηι
426 2050 514 2093 sibi
528 2051 592 2090 ad
614 2043 882 2102 potentiam
904 2053 1104 2090 struere.

212 2110 290 2154 Sic
319 2107 495 2167 Lipsius
525 2106 630 2148 inde
664 2105 718 2148 ab
756 2121 826 2147 an.
853 2103 975 2146 1574.
1005 2104 1102 2147 edi-

213 2167 281 2211 dit*
318 2182 370 2209 ex
411 2162 616 2222 ingenio,
677 2178 770 2204 non
812 2160 1103 2204 exaeditione

209 2215 506 2282 ignorhliore,
535 2219 600 2263 uti
625 2219 858 2261 videbatur
881 2217 1103 2262 Ernestio.

212 2283 331 2326 Nam
368 2278 543 2336 Lipsius
593 2277 782 2320 diserte:
843 2275 1100 2326 „Divinans

212 2341 279 2384 sic
321 2335 518 2386 restitui,
577 2351 679 2378 cum
721 2334 766 2375 in
811 2332 935 2376 libris
989 2342 1104 2376 esset

212 2399 308 2440 vim
330 2395 418 2438 sibi
442 2396 507 2437 ad
522 2390 846 2446 potentiam.'’
907 2390 967 2433 cf.
995 2390 1101 2432 Not.

210 2472 257 2515 p.
280 2453 378 2497 677.
406 2443 476 2495 εδ.
505 2449 628 2492 1574.
704 2447 849 2492 codd.
884 2446 1020 2490 Mss.
1059 2454 1103 2489 et

211 2511 314 2564 edd.
366 2517 468 2553 ante
510 2506 709 2565 Lipsium
766 2520 949 2562 omnes:
1007 2507 1102 2569 vini

210 2570 298 2614 sibi
343 2569 407 2609 ad
446 2563 708 2620 potentiam
753 2569 959 2610 struere,
1016 2561 1102 2604 nisi

211 2624 334 2685 quod
367 2622 470 2668 MS.
510 2625 618 2679 Agr.
658 2636 739 2678 pro
773 2623 838 2662 ad
869 2619 1000 2662 habet
1033 2634 1101 2669 oc,

210 2681 574 2743 quae‘scriptura
604 2693 695 2720 non
733 2676 995 2734 displicebat
1024 2675 1103 2717 Li-

245 2741 345 2785 sio.'
425 2737 649 2782 suadent-e
683 2737 717 2778 Ι.
751 2735 825 2777 Fr.
864 2733 1100 2778 Gronovio

251 2795 409 2856 yckius
446 2803 489 2838 et
513 2795 603 2837 lac.
626 2791 888 2837 Gronovius
911 2806 1100 2835 revoca-

126 2862 132 2876 '
210 2863 365 2898 verant
388 2854 500 2896 vim.
557 2850 751 2892 Scruere
774 2849 1101 2892 auctoreFesto

212 2912 493 2969 accipiebant
515 2924 599 2967 pro
623 2909 842 2950 adiicere.
902 2905 1019 2949 Nam
1038 2905 1102 2948 lo·

168 2993 172 2996 ·
214 2985 293 3014 cus
325 2969 393 3012 M.
426 2965 609 3010 Catonis
641 2965 756 3022 apud
790 2964 971 3006 Festum
1012 2970 1101 3004 est:

214 3028 344 3074 iure,
387 3028 509 3079 lege,
550 3025 791 3073 libertate,
832 3034 886 3063 re
916 3021 1104 3077 'publica

213 3083 528 3128 communiter
582 3081 654 3122 uti
692 3086 905 3133 oportet:
951 3078 1104 3133 gloria

213 3150 354 3198 atque
376 3142 580 3189 honore,
612 3139 841 3194 quomodo
865 3136 956 3179 sibi
976 3134 1105 3191 quis-

211 3211 302 3256 que
333 3198 510 3240 struxit
543 3194 599 3237 h.-
626 3211 666 3238 e.
697 3191 881 3244 adiecit,
916 3191 1102 3251 paravit.

209 3257 269 3301 Et
296 3260 444 3315 potest
474 3267 578 3294 sane
607 3252 653 3294 id
675 3251 927 3306 exemplum
950 3251 995 3292 in
1021 3264 1101 3292 au-

211 3313 366 3358 xiliurn
398 3308 571 3359 vocari,
605 3316 655 3350 ut
686 3316 884 3351 veterem
917 3306 1103 3364 scriptu·

214 3376 312 3418 ram
334 3364 591 3416 defendas,
643 3363 751 3406 dum
789 3374 907 3408 reete
941 3362 1102 3421 capias.

214 3421 391 3486 Nempe
437 3420 536 3466 vim
582 3422 671 3465 sibi
725 3425 789 3463 ad
843 3421 1105 3475 potentiam

216 3489 404 3533 stt'uere
444 3489 542 3525 tum
577 3477 662 3522 erit
694 3479 786 3522 vim
818 3479 899 3521 sibi
936 3492 1106 3537 parare,

219 3558 306 3604 qua
338 3539 404 3586 uti
436 3536 581 3599 possis
608 3534 663 3580 ad
703 3534 948 3595 potentiam
984 3535 1103 3580 obti-

1176 2046 1384 2090 nendam.
1445 2045 1522 2091 Sic
1551 2046 1716 2090 Noster
1742 2048 1827 2092 An.
1852 2047 1894 2097 3,
1915 2046 1993 2094 36.
2015 2057 2066 2091 ut

1174 2119 1228 2146 eo
1259 2104 1465 2147 subsidio
1498 2108 1563 2146 od
1587 2104 1773 2160 flagitia
1803 2112 1977 2150 utatur.
2009 2127 2066 2140 —-

1175 2161 1443 2204 Potentiam
1491 2160 1692 2220 intellige
1749 2179 1871 2212 eam,
1932 2179 2064 2222 quam

1173 2218 1289 2284 apud
1316 2216 1635 2274 Vespasianum
1674 2220 1878 2276 cupiebat
1912 2220 2059 2264 Anto-

1173 2290 1275 2318 nius
1316 2274 1359 2318 h.
1397 2291 1437 2318 e.
1481 2276 1729 2332 potentiam
1804 2277 2062 2336 rincipatus.

1177 2330 1237 2374 cf.
1263 2348 1393 2390 supra
1420 2336 1458 2382 1,
1484 2331 1550 2376 13.
1624 2332 1698 2376 Ad
1732 2292 1864 2378 tal'em
1902 2344 2063 2392 poten-

1173 2388 1280 2431 tiam
1304 2389 1420 2431 haud
1446 2389 1579 2432 dubie
1603 2391 1652 2432 vi
1670 2406 1783 2448 opus
1803 2400 1922 2435 erat:
1957 2408 2061 2435 nam

1172 2446 1292 2488 nillil
1328 2460 1492 2489 rerum
1533 2449 1806 2491 mortalium
1839 2458 1942 2506 tam
1984 2449 2064 2492 in-

1172 2504 1335 2546 stabile
1366 2518 1422 2546 ac
1445 2503 1638 2560 fluxum
1669 2513 1739 2548 est
1759 2521 1902 2562 quam
1917 2508 2064 2563 fama

1167 2562 1409 2615 potentiae
1448 2576 1545 2605 non
1581 2577 1668 2605 sua
1704 2563 1755 2604 vi
1785 2564 1922 2607 ηιζτα,
1998 2563 2059 2608 cs.

1172 2617 1260 2660 An.
1285 2619 1349 2670 13,
1377 2619 1444 2661 19.
1474 2642 1531 2651 -
1589 2618 1693 2662 Non
1717 2619 1775 2663 ita
1809 2630 1908 2679 apta
1940 2621 2062 2665 vide—

1171 2683 1246 2718 tur
1273 2691 1367 2718 esse
1395 2691 1445 2717 ea
1470 2675 1727 2734 explicatio,
1757 2692 1843 2735 qua
1878 2679 1969 2721 vim
1999 2683 2065 2722 ad

1170 2735 1427 2786 potentiam
1472 2741 1653 2776 struere
1708 2734 1937 2792 accipiunt
1979 2748 2061 2794 pro

1173 2791 1265 2830 vim
1284 2791 1524 2843 potentiae
1549 2791 1770 2851 adiicere.
1796 2807 1959 2849 augere
1984 2806 2062 2851 po-

1174 2845 1376 2889 tentiam.
1462 2847 1601 2906 Lipsii
1636 2848 2062 2906 scripturamcrevo-

1172 2911 1334 3003 lqai-unt
1347 2903 1622 2950 Lallemand.
1634 2937 1646 2957 ,
1675 2905 1726 2948 Bi
1732 2915 1859 2964 pont.
1871 2930 1893 2958 ,··
1905 2906 2061 2952 'Ober-

1191 2977 1252 3004 ιη.
1276 2976 1324 3016 sq
1361 2996 1370 3005 .

1231 2976 1370 3074 acquic
1391 3021 1573 3063 licentia
1594 3020 1805 3064 militem.
1847 3020 2062 3081 Ed.Spir.

1175 3081 1227 3117 ut
1250 3090 1338 3139 qug
1363 3077 1547 3120 licentia
1566 3079 1781 3121 militum.

1234 3133 1493 3177 exitiosius.
1554 3133 1657 3178 Ed...
1669 3134 1788 3194 spir.
1823 3137 2061 3182 exitiosus.

1174 3189 1280 3234 MS.
1305 3189 1453 3234 Guelf.
1477 3192 1716 3235 exitiosus.
2054 3231 2058 3237 .

1235 3246 1347 3291 Cn.
1362 3248 1430 3292 50.
1454 3250 1718 3305 propinqua
1734 3251 1894 3308 hieme.
1925 3248 2060 3295 MSS.

1175 3304 1313 3349 Corb.
1336 3314 1378 3349 et
1399 3306 1504 3364 Agr.
1523 3307 1892 3363 propinquante,
1925 3306 2061 3366 idque

1173 3362 1383 3405 Muretus
1402 3362 1622 3409 voluerat.
1680 3363 1878 3408 Frustra.

1232 3427 1276 3461 et
1299 3434 1322 3461 e
1342 3421 1606 3475 legionibus.
1667 3420 1750 3465 Ed.
1776 3420 1895 3481 Spir.
1922 3436 1955 3463 a
1987 3422 2060 3464 le-

1174 3478 1404 3532 gionibus,
1443 3477 1609 3521 omisso
1634 3485 1694 3521 et.

1233 3530 1594 3581 Dalmatarum.
1655 3533 1754 3602 MS.
1778 3533 1929 3580 Guelf.
1948 3535 2058 3580 Sat-
