2138 4030
4 284 27 317 ᾖ

1 0 64 138 Ῡ
158 24 191 55 ’“

80 268 87 297 1
162 266 211 300 Α.
234 262 279 303 C.
319 263 381 299 71.

72 82 75 93 ι

28 123 37 139 λ’,

26 203 41 216 ,ἱ
57 200 60 203 -

159 223 210 257 Α.
227 219 279 256 u.
295 180 383 252 ἐμ.

630 216 802 280 LIB.
835 218 906 277 V.
987 213 1181 276 CAP.
1224 214 1282 276 5.
1319 217 1379 279 6.
1807 217 1931 287 495,

5 318 48 407 *z
75 367 278 414 contra
311 347 589 427 Aegyptii
627 348 906 423 pleraque
953 326 1231 402 animalia
1269 346 1603 423 effigiesque
1640 350 1934 424 composi-

74 455 163 500 tas
184 434 571 502 venerantum
617 430 823 488 Iudaei
849 443 1045 488 mente
1076 430 1200 487 sola
1237 449 1543 507 unumque
1584 453 1814 490 numen.
1835 434 1934 489 in-

76 525 367 598 telligunt.
487 519 796 594 profan05‚
863 516 968 593 qui
1016 517 1193 572 deum
1244 514 1528 588 imagines
1580 519 1931 575 mortalibus

14 639 16 642 ’
75 609 336 668 materiis
373 607 440 661 in
480 603 697 678 species
735 598 1049 657 hominum
1084 601 1389 674 effingant:
1447 620 1746 660 summum
1778 602 1933 660 illud

26 735 29 738 <
79 707 135 752 et
170 705 475 750 aeternum
511 707 703 764 neque
738 686 1024 743 imitabile
1047 705 1239 762 neque
1265 685 1666 748 interiturum.

1753 689 1935 761 igitur

13 771 22 783 ⁸
77 778 244 837 nulla
299 775 610 834 simulacra
663 772 914 828 urbibus
967 770 1087 827 suis
1146 772 1367 827 nedum
1419 772 1655 845 templis
1711 774 1935 833 sinunt.

78 885 201 923 non
229 863 464 936 regibus
491 854 635 914 haec
663 856 956 925 adulati0‚
999 876 1123 912 non
1140 853 1489 913 Caesaribus
1514 853 1727 914 honor.

81 950 217 1027 quia
271 947 595 1004 sacerdotes
638 963 843 998 eorum
880 941 1477 1018 tibia'tympanisque
1526 942 1936 1014 concinebant,

1814 857 1934 916 Sed

79 1032 298 1098 hedera
339 1030 752 1088 vinciebantur
787 1026 1040 1101 vitisque
1073 1046 1248 1082 aurea
1272 1026 1492 1102 templo
1527 1039 1789 1103 reperta,
1833 1027 1939 1084 Li-

36 1209 43 1215 ’
85 1216 252 1274 suut,
295 1218 669 1278 nequaquam
705 1196 1164 1270 congruentibus
1201 1197 1504 1253 institutiS.

78 1122 289 1177 berum
314 1116 550 1173 Patrem
578 1113 693 1169 coli
717 1112 1073 1168 domitorem
1099 1106 1368 1167 Orientis
1396 1111 1640 1188 quidam
1667 1113 1940 1170 arbitrati

1590 1198 1809 1274 quippe
1831 1197 1941 1254 Li-

4 1364 7 1367 <
83 1293 190 1348 ber
211 1290 387 1346 festos
416 1287 714 1359 laetosque
741 1283 890 1339 ritus
916 1281 1141 1355 posuit3
1187 1279 1543 1338 Iudaeorum
1570 1285 1940 1342 mossabsur-

31 2863 33 2865 ·
96 2838 227 2881 unalia
270 2847 402 2896 atque
435 2837 635 2882 venerati
668 2844 788 2878 sunt.

86 1379 197 1433 dus
230 1373 639 1446 sordidusque.

255 1467 360 1528 VI.
448 1465 637 1522 Terra
694 1464 956 1539 finesque
1017 1483 1130 1538 qua
1196 1464 1272 1520 ad
1324 1458 1640 1521 Orientem
1689 1462 1942 1540 vergunt

86 1553 308 1613 Arabia
354 1551 777 1610 terminantur:
836 1569 867 1604 a
920 1548 1166 1604 meridie
1206 1549 1507 1625 Aegyptus
1553 1549 1809 1608 obiacet:
1867 1553 1941 1608 ab

87 1808 220 1856 MSS.
255 1807 407 1854 Guelf.
435 1808 560 1851 Harl.
591 1806 727 1850 Bodl.
763 1806 844 1849 Ies.
878 1806 979 1848 edd.

88 1870 188 1912 Put.
219 1869 287 1910 M.
326 1874 367 1909 et
396 1867 446 1911 V.
477 1864 688 1908 Beroald.
712 1863 878 1907 Aleiat.
913 1864 976 1905 ul-

85 1936 157 1970 tro
182 1925 351 1968 addunt
372 1931 417 1965 et
437 1932 537 1966 ante
552 1923 818 1976 persuasio.
877 1920 978 1963 Ab·

89 1992 154 2026 est
176 1999 224 2025 ea
247 1980 464 2039 particula
499 1997 522 2023 a
546 1978 680 2022 MSS.
703 1978 829 2021 Flor.
879 1985 977 2020 test.

91 2039 228 2095 Viet.)
267 2037 376 2095 Reg.
407 2037 547 2081 Corb.
573 2036 689 2079 ssud.
725 2036 825 2078 edd.
893 2035 977 2092 pir.

87 2097 288 2140 Rhenan.
329 2111 428 2153 sqq.
521 2094 781 2148 Rhenanus&
811 2099 979 2135 mutata

89 2153 220 2206 etiam
249 2152 612 2210 interpunctione
643 2150 805 2193 edidit:
844 2155 890 2191 et
921 2151 979 2190 de

87 2210 291 2267 infernis
357 2209 619 2263 persuasio.
706 2206 980 2248 coelestium

88 2275 269 2311 contra.
348 2267 565 2322 Aegyptii
604 2271 690 2307 ete.
746 2262 979 2321 quomodo

91 2325 224 2368 hodie
264 2323 391 2366 locus
422 2323 638 2378 vulgatur.
716 2321 886 2362 Verum
919 2320 979 2363 ita

91 2380 313 2440 genitivus
382 2380 646 2422 coelestium
701 2393 795 2419 non
848 2375 982 2420 habet

92 2439 211 2482 unde
243 2446 370 2496 aptus
401 2438 472 2481 sit.
538 2435 654 2478 Dele
686 2434 822 2492 igitur
857 2449 973 2491 pun-

92 2504 214 2541 ctum
238 2504 339 2538 ante
362 2494 596 2550 Aegyptii,
636 2501 684 2536 ut
716 2491 979 2534 coelestium

93 2552 282 2612 pendeat
326 2568 348 2594 e
391 2568 506 2596 voce
540 2553 795 2605 pleraque,
845 2555 887 2591 et
919 2548 980 2589 ita

92 2610 237 2668 poscit
262 2608 351 2653 loci
371 2608 603 2652 sententia.
672 2607 787 2661 Nam
815 2609 980 2659 plera-

93 2683 180 2724 que
218 2668 450 2709 animalia
478 2665 726 2731 Aegyptios
767 2678 862 2706 esse
905 2678 999 2706 ve-‚

96 2733 272 2768 neratos
324 2723 616 2766 mendacmm
663 2730 741 2764 est.
835 2719 982 2762 Immo

95 2782 304 2840 pleraque
336 2779 596 2825 coelestium
637 2779 843 2822 effinxere
879 2776 983 2878 RF}-

95 2895 232 2939 corb.
251 2899 476 2951 pleraque
500 2894 798 2937 animalium.
971 2865 983 2877 ⁸

154 2967 416 3023 effigiesque
458 2965 760 3018 compositas.
842 2959 986 3004 Intel-

96 3023 183 3081 lige
224 3023 393 3066 formas
430 3040 453 3066 e
487 3022 764 3065 diversorum
807 3018 983 3062 anima-

98 3081 208 3124 lium
263 3080 464 3139 partibus
515 3077 806 3137 compositas,
898 3075 983 3119 Ed.

98 3138 220 3197 Spir.
241 3139 404 3181 omittit
426 3137 634 3196 copulam
658 3150 757 3193 que.

155 3201 391 3251 unumque
435 3208 623 3238 numen.
702 3189 840 3235 MSS.
874 3191 984 3251 Reg.

100 3251 251 3296 Guelf.
276 3253 318 3307 (a
347 3253 543 3296 secunda
572 3251 729 3305 manu)
759 3250 830 3292 ed.
865 3249 986 3308 Spir-

73 3347 75 3349 .
98 3325 246 3352 unum
266 3316 449 3352 tantum
468 3321 660 3352 numen.

157 3367 394 3423 affingant.
462 3366 564 3410 MS.
599 3363 753 3409 Guelf.
792 3352 985 3422 effinge-

101 3427 230 3467 bant.

157 3494 397 3522 summum
419 3479 551 3521 illud.
610 3479 712 3523 MS.
730 3477 839 3538 Reg.
861 3487 903 3524 et
921 3480 987 3524 ed.

103 3534 218 3595 Spir.
239 3539 386 3581 solum
408 3537 541 3578 illud.

1044 2657 1262 2710 ¹Victorio
1314 2667 1584 2717 catinebar,

1106 1821 1256 1862 neque
1288 1807 1530 1850 imitabile.
1594 1806 1658 1851 [ta
1690 1809 1794 1853 MS.
1819 1811 1943 1855 Flor.

1051 1873 1159 1908 teste
1183 1864 1414 1917 Victorio,
1451 1864 1572 1907 unde
1600 1865 1651 1908 in
1680 1865 1835 1911 locum
1867 1885 1943 1913 re-

1050 1920 1187 1979 cipio.
1249 1922 1399 1979 Vulgo
1433 1922 1759 1978 editurneque
1781 1933 1941 1970 muta-

1051 1981 1162 2027 bile,
1193 1980 1314 2035 quod
1339 1986 1477 2023 exstat
1496 1978 1544 2022 in
1555 1978 1822 2028 MS.Guelf.
1843 1983 1944 2027 edd.

1051 2036 1169 2094 Spir.
1191 2036 1369 2080 Puteol.
1390 2052 1488 2095 sqq.
1561 2035 1649 2079 Sed
1679 2037 1769 2082 hoc
1803 2049 1868 2084 est
1898 2042 1947 2084 in

1051 2095 1365 2137 interiturum.
1447 2092 1509 2136 cf.
1546 2092 1711 2150 virgil.
1748 2097 1861 2141 Aen.
1899 2100 1934 2143 „6

1313 2150 1322 2160 Ι
1380 2152 1390 2162 ο
1480 2151 1488 2161 Ι
1933 2131 1946 2152 ,

1052 2151 1150 2194 590.
1178 2165 1276 2194 non
1302 2152 1530 2193 zmztabzle
1540 2150 1773 2206 saltuem:

1107 2211 1282 2251 sinunt.
1341 2208 1404 2250 Ex
1429 2207 1655 2266 aptissima
1679 2212 1711 2254 1.
1735 2212 1808 2255 Fr.
1831 2211 1948 2257 Gro-

1052 2266 1179 2312 novii
1215 2265 1551 2314 emendatione,
1608 2281 1743 2323 quam
1789 2270 1833 2311 in
1871 2272 1947 2314 lo-

1051 2340 1157 2368 cum
1181 2331 1445 2380 receperunt
1466 2323 1743 2369 Lallemand.
1764 2326 1944 2372 Broter.

1053 2380 1288 2425 Dottevill.
1319 2379 1527 2423 Oberlin.
1555 2396 1655 2438 sqq.
1734 2382 1868 2430 MSS.
1903 2395 1947 2430 et

1051 2437 1222 2495 priores
1260 2436 1479 2480 editiones
1518 2438 1684 2481 habent
1719 2450 1829 2484 sunt
1861 2459 1947 2501 pro

1049 2497 1206 2538 sinunt
1224 2494 1361 2538 invita
1375 2493 1605 2548 latinitate,
1628 2496 1713 2540 nisi
1734 2497 1948 2547 deleveris

1054 2568 1217 2597 vocem
1238 2552 1348 2594 suis.
1656 2579 1657 2583 =

1113 2610 1430 2655 concinebant.
1521 2608 1622 2655 MS.
1667 2608 1789 2657 Flos.
1836 2622 1947 2660 teste

1641 2685 1666 2712 e
1715 2683 1947 2728 permuta*

1053 2725 1180 2767 tione
1201 2722 1451 2767 litterarum
1473 2733 1492 2766 t
1513 2730 1555 2768 et
1577 2742 1613 2770 c.

1114 2796 1307 2837 hedera.
1396 2795 1498 2838 MS.
1548 2794 1702 2843 Guelf.
1752 2805 1945 2851 eadem.

1056 2876 1115 2886 -·
1145 2851 1286 2894 Paulo
1308 2860 1410 2919 ante
1444 2853 1565 2897 idem
1596 2854 1714 2899 liber
1749 2863 1834 2902 sed
1867 2864 1950 2917 qui

1059 2925 1143 2970 pro
1168 2912 1253 2952 sed
1274 2924 1403 2965 qula.

1116 2982 1308 3036 vilisque
1330 2994 1494 3025 aurea.
1558 2983 1615 3026 cf.
1640 2985 1817 3044 loseph.
1836 2988 1887 3031 B.
1912 2990 1947 3034 1.

1057 3037 1160 3139 5251.¹
1179 3046 1222 3138 ei
1235 3038 1343 3128 A—n-t.
1361 3037 1549 3139 Iffilgxlfi,
1565 3042 1695 3142 11.tet
1717 3044 1948 3145 Bibotefflus

1058 3114 1198 3197 bers).
1222 3127 1396 3196 exhibet
1416 3113 1764 3209 ἰεηιέἷιὲ.·ε·1ηρ
1784 3118 1811 3145 0
1898 3104 1945 3149 S·

1115 3224 1338 3268 Liberum
1361 3222 1557 3270 Patrem
1577 3229 1679 3272 coli.

1738 3227 1796 3274 cf.
1819 3230 1948 3276 Plut-

1061 3281 1183 3326 arch.
1207 3280 1418 3339 Sympos.
1441 3283 1482 3334 4,
1502 3283 1546 3328 5.
1576 3301 1618 3343 p.
1641 3286 1740 3329 671.
1773 3295 1816 3330 et
1835 3288 1947 3334 Bro-

1061 3339 1196 3383 terius
1218 3339 1273 3382 ad
1296 3338 1340 3383 h.
1364 3339 1394 3382 l.

1116 3413 1372 3466 laetosque.
1434 3410 1516 3456 Ed.
1538 3413 1654 3470 Spir.
1676 3415 1919 3471 lectosque.

1117 3479 1229 3524 CAP.
1254 3479 1317 3524 6.’
1353 3484 1684 3526 terminantur.
1744 3484 1829 3530 Ed.
1865 3487 1950 3533 Be-

1059 3537 1203 3582 roald.
1226 3539 1526 3584 teminantur.
1577 3539 1780 3585 Correxit
1795 3543 1946 3589 Victo-
