2138 4030
1780 269 1906 308 new.
1918 246 2011 311 ⁴02³.

1780 311 1906 350 acc,
1935 316 2012 351 w.

241 268 368 332 38³2
809 265 1539 331 HE’STORIARUM'

235 396 527 457 ninefates
560 398 670 476 qui
697 399 944 456 consilia
976 395 1282 458 sociarent.
1336 396 1459 456 «Ea
1498 418 1653 473 gens
1672 401 2096 477 pertentium-

236 487 344 543 lae.
376 484 549 554 colit,
609 485 875 560 origine.
934 480 1194 557 lingua,j>
1233 483 1450 542 virtute
1475 473 1480 485 ’
1501 505 1612 560 par
1649 484 1915 546 Batavis:
1977 512 2096 549 nua-

233 576 415 628 mero·
433 583 804 645 superantur.
889 565 1038 625 Mox
1074 568 1320 626 occultis
1340 571 1570 627 nuntiis
1593 572 1834 646 pellexit
1852 573 2096 634 Britan-⁶

233 656 368 713 nica
391 654 642 725 auxilia,
683 654 1045 715 Batavorum
1069 650 1339 711 cohortes
1365 655 1569 713 missas
1597 657 1663 712 in
1692 655 2095 731 Germaniam,

233 752 301 798 ut
339 756 518 817 supra
550 740 912 809 rettulimUS‚
949 753 1021 795 'ac
1053 750 1180 797 tum
1209 738 1573 813 Magontiaci
1610 755 1885 816 agentes.
1933 743 2096 805 Erat

231 827 303 883 in
318 824 809 884 Canninefatibus
840 824 1088 882 stolidae·
1127 826 1404 882 audaciae
1432 823 1663 884 Brinno
1692 829 2094 899 claritatenar-

231 912 442 970 talium
466 911 702 984 insigni.
788 921 957 985 pater
986 910 1112 967 eius
1142 911 1329 967 multa
1366 906 1605 969 hostilia
1637 933 1815 971 ausus
1840 913 2094 973 Gaiana-

229 1016 367 1054 rum
396 996 837 1075 eapeditionum
863 995 1194 1053 ludibrium
1232 996 1476 1071 impune
1509 1011 1823 1072 spreverat.
1879 1033 1882 1035 -
1910 1001 2092 1075 igitur

230 1083 361 1159 ipso
387 1081 624 1139 rebellis
646 1080 906 1143 familiae
934 1081 1134 1137 omine
1166 1081 1389 1156 placuit
1402 1104 1420 1151 ‚·
1464 1082 1892 1163 impositusque
1924 1098 2087 1143 scuto

227 1182 395 1226 more
428 1166 616 1242 gentis
641 1177 699 1223 et
734 1167 1153 1223 sustinentium
1186 1162 1448 1223 humeris
1484 1167 1749 1225 vibratus
1782 1171 1901 1227 dux
1938 1172 2090 1227 deli-

229 1254 404 1328 gitur.
487 1252 800 1329 statimque
833 1252 1032 1309 accitis
1057 1249 1264 1308 Frisiis
1295 1247 1754 1329 (transrhenana
1793 1273 1937 1328 gens
1977 1255 2088 1335 est)

228 1340 481 1396 duarum
534 1332 873 1395 cohortium
914 1333 1163 1396 hiberna
1212 1338 1481 1412 proxima
1523 1351 1810 1414 occupatu
1842 1335 2087 1399 Oceano

1193 1596 1304 1651 Reg.
1342 1593 1480 1638 Corb.
1516 1597 1702 1638 rebelle.
1795 1596 1945 1641 Ceteri
1981 1597 2084 1640 libri

1192 1662 1377 1696 tuentur
1411 1652 1681 1709 scripturam
1716 1656 1918 1699 rebellis.
1990 1655 2082 1698 Pro

1192 1713 1344 1752 omine
1367 1735 1423 1744 -
1439 1709 1561 1767 quod
1581 1716 1718 1753 exstat
1734 1712 1782 1754 in
1793 1710 2083 1757 MSS.Guelf.

1191 1767 1401 1822 (adfirmo
1448 1774 1605 1809 contra
1659 1766 1946 1821 Ernestium,
2004 1771 2083 1828 qui

276 1601 468 1655 lingua,
496 1599 686 1640 virtute.
761 1595 843 1639 Ed.
869 1596 988 1654 Spir.
1020 1599 1116 1639 vir-

224 1666 322 1702 tute
355 1658 531 1715 lingua.
565 1678 624 1686 -
678 1653 788 1697 Mox
826 1653 929 1698 MS.
965 1653 1117 1699 Guelf.

222 1716 472 1765 Bottavis,
501 1714 837 1756 Battavorum.

281 1781 333 1827 nt
361 1786 504 1828 supra
544 1770 830 1813 rettulimus.
907 1768 964 1812 cf.
1002 1768 1117 1813 Hist.

220 1834 266 1884 2,
290 1830 403 1876 69..

278 1904 335 1933 ae
356 1896 461 1931 tum
479 1885 770 1942 Mogontiaci
787 1891 995 1938 agentes.
1040 1883 1117 1927 Sic

222 1946 324 1993 edd.
359 1945 465 1989 Put.
497 1944 562 1988 M.
592 1951 634 1986 et
658 1942 715 1985 V.
747 1941 958 1986 Beroald.
991 1943 1116 1996 (eum

187 2012 189 2015 ”
220 2006 290 2051 sil.
309 2002 452 2056 Viet.)
477 2001 579 2045 Alc.
602 2000 747 2044 Rhen.
772 2015 871 2059 sqq.
899 2028 957 2035 --
1011 1999 1114 2041 Mo-

220 2060 434 2119 guntiaei
452 2058 554 2101 MS.
568 2056 720 2101 Guelf.
740 2086 799 2092 --
832 2056 1121 2112 Mogontiaci

218 2118 354 2164 MSS.
379 2116 552 2160 Vaticc.
585 2114 709 2159 1863.
747 2114 873 2158 1864.
906 2124 949 2159 et
987 2113 1114 2156 1958.

218 2175 354 2224 Bodl.
385 2195 445 2207 —-
503 2172 586 2215 Ed.
623 2172 742 2231 Spir.
782 2182 998 2228 nugatur:
1049 2173 1114 2213 At

218 2244 320 2280 tum
351 2233 668 2285 maguntiam
700 2243 818 2283 gens
849 2237 950 2271 erat
981 2230 1111 2270 nica-

216 2292 454 2349 ninesatus
477 2289 678 2331 stolidae
700 2294 785 2330 ete.
833 2285 871 2328 E
892 2286 990 2330 MS.
1007 2284 1110 2344 Reg.

218 2364 398 2411 quoque
422 2344 630 2390 adferunt
639 2345 750 2398 Mag
758 2345 957 2386 ontiana
977 2357 1090 2398 gens
1106 2359 1118 2386 ε

217 2410 297 2469 qui
319 2405 462 2452 codex
492 2418 550 2446 an
580 2401 636 2446 sit
668 2401 822 2445 sanior
851 2401 900 2444 in
929 2401 1111 2458 reliquis

215 2465 369 2515 ‘verbis
389 2469 578 2507 tacetur.

274 2523 483 2568 Brinno.
561 2516 640 2561 Sic
666 2513 801 2560 MSS.
836 2515 961 2560 Flor.
995 2517 1112 2571 (test.

214 2582 337 2627 Vict.
363 2594 470 2624 cum
490 2575 707 2628 Pichena)
732 2573 854 2616 Harl.
875 2573 1008 2617 Bodl.
1029 2573 1111 2616 les.

214 2642 327 2700 Agr.
361 2636 464 2680 edd.
487 2632 632 2689 Ryck.
661 2632 752 2677 Iac.
779 2630 988 2676 Gronov.
1014 2647 1110 2688 sqq.

213 2723 283 2736 -.
302 2696 454 2740 Brino
485 2690 589 2735 MS.
625 2688 777 2734 Guelf.
813 2711 872 2721 —·
933 2689 1107 2732 Brinio

213 2756 316 2800 MS.
340 2751 456 2796 Bud.
490 2748 590 2792 edd.
611 2747 754 2791 Rben.
785 2744 887 2790 Ald.
916 2762 1013 2805 sqq.
1051 2745 1106 2787 ad

211 2813 253 2857 R
285 2811 453 2858 ekium.
490 2828 550 2839 -
614 2803 818 2848 Brenno
863 2803 965 2847 edd.
1003 2803 1108 2846 Put-

211 2831 284 2915 NI:
306 2877 349 2913 et
367 2865 425 2910 V.
446 2862 654 2908 Beroald.
678 2860 780 2906 Ale.
808 2885 867 2897 -
922 2862 1106 2904 Brumo

212 2927 315 2972 MS.
325 2925 436 2982 Reg.
459 2930 503 2965 et
524 2920 594 2964 ed.
611 2920 731 2979 Spir.
751 2947 811 2956 —
853 2919 964 2961 Mox
985 2934 1023 2962 c.
1038 2916 1106 2961 16.

213 2985 284 3028 ed.
325 2982 445 3041 Spir.
486 2979 769 3022 Brinonem.
858 2975 960 3019 MS.
991 2975 1103 3033 Reg.

211 3043 523 3086 Brinnonem.
604 3034 706 3078 MS.
741 3034 858 3079 Bud.
891 3034 1106 3076 Brimio·

211 3114 337 3143 nem.
395 3095 509 3139 Edd.
531 3092 636 3138 Put.
660 3093 731 3136 M.
756 3099 798 3136 et
813 3091 869 3135 V.
892 3089 1103 3134 Beroald-

242 3171 349 3202 cum
377 3152 448 3197 sil.
484 3151 627 3208 vict.)
666 3149 773 3195 Alc.
813 3149 1104 3193 Brenonem.

247 3206 455 3259 ‘hensanus
504 3214 547 3251 et
588 3207 762 3266 Lipsius
813 3206 1106 3252 coniecerunt

211 3267 503 3318 scribendum
525 3266 712 3308 Bruno.
881 3291 883 3293 ·

271 3327 566 3373 Gaianarum
589 3324 945 3375 expeditionum
978 3319 1103 3363 ludi-

139 3385 156 3389 *
212 3380 383 3431 briu'n'zss
443 3379 502 3425 ef.
523 3379 711 3424 sueton.
737 3380 833 3425 Cal.
859 3395 899 3423 c.
921 3377 991 3422 43.
1009 3393 1105 3435 sqq.

209 3444 304 3490 Dio
327 3440 398 3492 59,
418 3438 492 3490 21.
566 3436 651 3481 Ed.
675 3438 795 3496 Spir.
819 3440 1106 3493 galanarum

196 3516 301 3562 pro
328 3497 636 3543 emanarunt.

268 3557 450 3602 rebellis
481 3553 706 3609 familiae
748 3553 917 3595 omine.
1008 3549 1100 3592 Pro

213 3615 402 3661 rebellis
438 3613 507 3656 ed.
533 3609 651 3667 Spir.
686 3610 877 3670 rebelle.
966 3605 1104 3651 MSS.

1187 1825 1293 1868 inde
1326 1823 1526 1882 prodidit
1555 1825 1764 1882 nomine)
1800 1825 1926 1870 Harl.
1949 1827 2082 1872 Bodl.

1188 1882 1270 1926 Ies.
1314 1881 1420 1925 edd.
1464 1881 1564 1924 Put.
1596 1881 1667 1925 Μ.
1703 1889 1746 1926 et
1780 1884 1837 1926 V.
1873 1883 2082 1927 Beroald.

1189 1942 1316 1995 (cu'm
1344 1938 1415 1983 sil.
1444 1937 1582 1994 Vict.)
1619 1938 1723 1984 Alc.
1747 1940 1953 1985 Rhenan.
1973 1941 2080 1984 Ald.

1186 1995 1365 2055 Micyll.
1401 2005 1444 2038 et
1479 1995 1607 2040 Brot.
1636 2018 1696 2030 —-
1758 1999 1947 2041 homine
1978 1998 2082 2043 MS.

1186 2055 1304 2098 Bud.
1339 2054 1409 2097 ed.
1433 2053 1578 2111 Spir.,
1609 2054 1731 2112 quod
1752 2055 1915 2098 eodem
1937 2056 2079 2100 redit:

1187 2129 1290 2156 nam
1313 2112 1373 2154 ita
1396 2126 1524 2168 saepe
1537 2111 1788 2169 ssadspiratio
1813 2112 1974 2157 litteris
2000 2129 2080 2160 vo-

1187 2169 1357 2213 calibus
1379 2168 1435 2211 ab
1468 2168 1598 2211 initio
1622 2184 1857 2226 perperam
1883 2171 2078 2216 additur.

1182 2226 1360 2283 Lipsius
1405 2233 1554 2267 tamen
1596 2241 1705 2268 ann.
1746 2226 1870 2270 1574.
1921 2230 2078 2271 omine

1183 2283 1312 2326 vertit
1338 2282 1386 2325 in
1407 2284 1624 2334 nomine,
1652 2283 1808 2341 ut-ipsi
1831 2284 2078 2338 videbatur,

1182 2339 1402 2384 sententia
1431 2355 1573 2382 uranu
1603 2339 1811 2384 ducente.
1870 2340 1929 2385 cf.
1951 2341 2074 2400 Lips.

1184 2398 1254 2441 ed.
1283 2396 1406 2440 1574.
1442 2413 1488 2455 p.
1508 2397 1609 2440 682.
1691 2396 1829 2456 Lipsii
1859 2401 2076 2443 emenda-

1182 2456 1356 2499 tionem
1377 2455 1540 2498 deinde
1563 2469 1722 2498 omnes
1757 2454 1853 2499 fere
1881 2456 2074 2500 editores

1182 2513 1432 2563 retinuere,
1463 2527 1719 2578 quanquam
1743 2513 1838 2572 ipse
1858 2513 1906 2557 in
1926 2523 2076 2571 poste·

1182 2571 1379 2614 rioribus
1413 2569 1778 2614 adnotationibus
1810 2585 1957 2629 aeque·
1986 2571 2075 2614 bo-

1182 2643 1295 2671 num
1316 2628 1471 2669 omine
1494 2626 1721 2671 iudicavit.
1777 2626 1942 2671 Recte:
1970 2643 2076 2673 nam

1181 2686 1227 2728 in
1251 2679 1436 2727 nomine
1457 2692 1523 2726 est
1547 2699 1682 2727 omen
1717 2683 1796 2740 (ef.
1820 2683 1981 2728 Wolf.
2017 2686 2072 2729 ad

1179 2744 1265 2786 An.
1299 2743 1339 2793 1,
1365 2742 1455 2797 35.)
1490 2749 1533 2785 et
1573 2742 1717 2784 multo
1750 2741 2074 2800 significantior

1177 2799 1352 2843 videtur
1374 2814 1469 2842 esse
1492 2797 1714 2856 scriptura
1736 2802 1904 2842 omine.
1950 2799 2073 2856 Qua·

1175 2873 1223 2900 re
1256 2856 1629 2899 nihi11cunctatus
1661 2872 1762 2899 eam
1789 2854 1964 2900 restitui
1985 2872 2068 2900 au-

1178 2914 1384 2958 ctoritate
1415 2921 1620 2959 veterum
1661 2912 1886 2957 librorum
1929 2913 2070 2969 nixus.

1177 2970 1380 3014 Verbum
1411 2971 1591 3026 placuit
1624 2987 1649 3013 a
1681 2970 1898 3014 Rhenano
1935 2971 2071 3027 (duee

1177 3028 1282 3073 eod.
1303 3027 1438 3085 Bud.)
1471 3026 1698 3072 sublatum
1731 3028 1848 3072 bene
1877 3029 2072 3073 restituit

1176 3084 1352 3144 Lipsius
1380 3085 1503 3141 (ann.
1527 3084 1690 3141 1574.>.

1232 3145 1454 3188 humeris.
1513 3141 1617 3186 MS.
1636 3143 1757 3186 Flor.
1784 3149 1896 3186 teste
1918 3140 2070 3186 Victo-

1177 3200 1246 3244 rio
1273 3201 1465 3245 umeris.
1485 3225 1488 3228 ·

1237 3261 1405 3303 accitis.
1459 3256 1691 3302 Acidalius
1711 3256 1902 3301 malebat
1923 3257 2071 3300 ads-ei·

1179 3317 1254 3360 tis.
1336 3315 1427 3359 Sed
1471 3314 1707 3373 vulgatum
1748 3312 1909 3358 melius
1953 3329 2066 3357 con·

1178 3373 1297 3418 venit
1322 3373 1547 3417 vocabulo
1574 3373 1755 3416 statim.

1229 3432 1463 3485 proxima
1500 3438 1723 3484 occupatu
1766 3428 1949 3472 Oceano
1991 3429 2064 3471 in-

1176 3489 1369 3542 rumpit.
1427 3488 1531 3531 MS.
1551 3487 1587 3529 F
1590 3488 1673 3530 lor.
1699 3490 1829 3541 (tesoe
1853 3485 2067 3544 Pichena)

1177 3547 1246 3589 ed.
1269 3545 1387 3603 Spir.
1409 3544 1565 3587 ferunt
1583 3546 1810 3599 proxima
1829 3553 2075 3599 occupata„
2095 3562 2134 3588 μ

1178 3603 1296 3647 unde
1326 3602 1503 3660 Lipsius
1530 3602 1662 3653 fecit,
1701 3600 1896 3645 Pichena
1931 3601 2068 3645 edidit
