2138 4030
2118 123 2125 134 ,

1744 247 1795 285 A.
1814 250 1867 286 uz
1884 250 1969 287 8⁴23.

1671 344 1682 349 ,
1743 295 1795 329 A.
1815 293 1862 329 e.
1910 293 1970 330 ⁷0.

195 252 356 311 2232·
780 249 1487 314 HISTORIARUM

211 379 522 437 cuniarum
547 381 878 457 exemplum
903 382 1085 439 secuti
1109 381 1440 439 rarissimus
1465 382 1714 459 quisque
1731 385 2067 443 eandem-in

210 464 592 541 reciperando
620 466 918 523 licentiam
947 463 1300 524 habuerunt.
2135 513 2138 515 .

382 548 686 608 LXXXV.
729 546 1072 607 Adcelerata
1111 551 1347 608 interim
1372 550 1717 626 Vespasiani
1754 564 1957 630 coepta
1985 551 2070 610 Il—

213 635 389 713 lyrici
415 635 699 692 exercitus
723 636 918 692 studio
947 637 1290 709 transgressi
1319 636 1381 692 in
1408 647 1619 711 parteS.
1705 638 1875 696 tertia
1915 639 2067 712 legio

214 720 548 796 exemplum
583 720 787 777 ceteris
822 719 1085 789 Moesiae
1122 721 1451 795 legionibus
1491 721 1779 796 praebuit.
1865 735 2069 781 octava

214 817 340 863 erat
386 826 451 863 ac
502 805 745 880 septima
795 802 1154 875 Claudiana,
1228 806 1487 862 imbutae
1537 807 1756 864 favore—
1785 802 2071 877 Othonis,

124 893 127 900 ⁴
214 889 483 968 quamvis
504 889 732 965 proelio
762 910 887 946 non
912 890 1331 947 interfuissent.
1428 887 1768 968 Aquileiam
1800 912 2074 970 progres-

212 996 310 1033 sae
341 973 705 1051 proturbatis
742 975 846 1050 qui
872 976 945 1031 de
976 971 1222 1032 Othone
1251 975 1635 1045 nuntiabant,
1685 977 2070 1055 laceratisque

215 1060 445 1118 vexillis
482 1079 702 1115 nomen
736 1058 968 1116 Vitellii
1005 1061 1502 1135 praeferentibuS,
1561 1071 1752 1136 rapta?
1774 1059 2071 1138 postremo

214 1144 467 1222 pecunia
489 1155 548 1200 et
571 1143 726 1200 inter
753 1163 812 1200 se
837 1145 1024 1202 divisa
1048 1141 1344 1203 hostiliter
1370 1157 1623 1218 egerant.
1691 1149 1851 1204 unde
1875 1142 2090 1205 metus'

216 1243 276 1288 et
310 1249 378 1285 ex
411 1239 569 1285 metu
614 1229 930 1287 consilium
964 1251 1133 1305 posse
1171 1231 1453 1306 imputari
1477 1230 1870 1305 Vespasian0‚
1910 1243 2075 1309 lquae

216 1313 374 1390 apud
408 1312 718 1371 Vitellium
758 1318 1084 1372 excusanda
1125 1328 1308 1372 erant.
1396 1315 1478 1372 ita
1512 1327 1631 1382 tres
1652 1314 1948 1374 Moesicae
1985 1318 2075 1374 le·-

215 1400 420 1474 giones
453 1419 559 1473 per
599 1398 872 1474 epistolas
914 1398 1269 1460 adliciebant
1306 1398 1720 1457 Pannonicum
1755 1403 2075 1460 exercitum

215 1496 319 1542 aut
375 1485 659 1541 abnuenti
715 1484 836 1540 vim
893 1487 1194 1560 parabant.
1315 1483 1385 1541 Iu
1445 1505 1511 1541 eo
1572 1497 1739 1543 motu
1793 1481 2070 1567 Aponius

215 1676 448 1720 Ernestius
474 1675 648 1730 adfert,
689 1679 797 1722 illud
836 1679 1006 1737 ipsum,
1054 1678 1106 1721 ad
1179 1678 1353 1737 Lipsius
1399 1677 1559 1721 habet:
1617 1676 1802 1734 Ιῖζγνίοί
1843 1681 2077 1725 exercitus

214 1734 345 1794 qnod
373 1734 606 1779 relativum
643 1736 874 1796 respiciat,
926 1736 1106 1779 Mucia·
1180 1738 1354 1780 stadio.
1391 1735 1435 1777 T
1430 1749 1705 1790 ransgressa
1725 1735 1775 1776 in
1792 1745 1958 1789 partes
1977 1745 2049 1780 etc
2066 1769 2080 1786 ,

214 1809 326 1836 num
348 1807 444 1835 non
471 1795 710 1852 sumpsisse
745 1795 799 1837 de
829 1812 875 1837 re
911 1793 1110 1852 publica.
1184 1795 1247 1836 uti
1285 1793 1410 1838 locus
1444 1790 1607 1850 legitur
1638 1791 1686 1834 in
1719 1792 1856 1841 MSS.
1886 1793 1926 1836 A
1960 1810 1999 1836 r.
2033 1803 2078 1838 et

213 1849 306 1894 Hae
331 1850 450 1892 enini
475 1860 579 1894 sunt
604 1852 811 1910 argutiae.
857 1852 1111 1894 Pecuniam

213 1908 269 1950 de
301 1923 383 1951 suo
417 1906 561 1959 dedit,
598 1910 846 1964 pecuniam
873 1909 926 1951 de
956 1926 1004 1951 re
1031 1925 1112 1967 pu-

214 1963 333 2008 blica
356 1964 560 2022 sumpsit.
621 1967 840 2010 Duriores
874 1975 978 2010 sunt
1008 1983 1113 2010 con-

215 2020 483 2067 structiones
507 2031 548 2065 et
570 2025 685 2081 apud
703 2024 903 2067 Graecos
927 2033 970 2067 et
995 2023 1111 2081 apud

214 2077 413 2122 Latinos.
475 2079 602 2124 Caes.
624 2083 675 2124 B.
693 2081 753 2125 G.
781 2085 816 2132 1,
843 2082 882 2123 5.
917 2082 1119 2123 Helvetii

203 2135 510 2195 frumentum
548 2154 711 2190 omne,
761 2148 951 2192 praeter
992 2141 1114 2194 qaod

214 2208 376 2238 secum
419 2198 659 2247 portaturi
701 2205 870 2244 erant,
922 2199 1111 2239 combu-

217 2258 347 2295 runt.
419 2250 516 2295 Cic.
551 2252 635 2297 Or.
667 2254 708 2306 Ξ,
743 2255 816 2297 60.
860 2254 991 2296 Haec
1029 2269 1108 2296 ca-

216 2311 328 2351 dere
347 2318 546 2362 possunt
567 2311 616 2352 in
639 2326 751 2367 quos
770 2313 910 2354 nolis.

274 2366 544 2414 rarissimus
576 2370 782 2425 quisque.
863 2368 942 2412 Sic
973 2368 1113 2412 MSS.

217 2422 346 2468 Flor.
383 2425 501 2469 (test.
525 2424 666 2482 vict.)
694 2426 809 2470 Bud.
835 2425 975 2470 Corb.
1013 2426 1114 2469 edd.

219 2481 341 2539 Spir.
366 2479 511 2528 Rhen.
534 2483 639 2527 Ald.
668 2499 769 2542 sqq.
811 2511 868 2521 --
925 2484 1112 2526 carissi-

219 2552 329 2582 mus
352 2540 540 2594 quisque
563 2540 701 2584 MSS.
723 2541 844 2585 Harl.
873 2540 1005 2585 Bodl.
1031 2543 1114 2584 les.

221 2594 377 2640 Guels.
403 2595 501 2639 edd.
525 2596 629 2641 Put.
650 2614 748 2656 sqq.
773 2599 827 2642 ad
852 2599 999 2643 Rhen.

278 2650 390 2696 CAP.
426 2653 498 2697 85.
560 2659 858 2700 Adcelerata.
916 2655 1007 2704 ,Sic
1042 2656 1113 2699 ed.

219 2709 367 2768 Spu-‚3
410 2714 674 2755 accelerata
707 2714 808 2758 MS.
834 2713 983 2757 Guelf.
1023 2714 1104 2768 (ibi

220 2769 497 2826 accelerem)
524 2769 626 2812 edd.
652 2770 756 2814 Put.
783 2787 888 2829 sqq.

279 2829 576 2880 transgressi
591 2830 637 2870 in
655 2837 840 2883 partes.
884 2827 958 2870 Sic
981 2827 1118 2871 codd.

222 2881 360 2924 MSS.
406 2883 531 2930 Flor.
589 2889 710 2938 (test.
761 2885 906 2935 Pieh.)
960 2883 1116 2928 Guelf.

223 2937 413 2996 aliique,
457 2941 561 2989 edd.
595 2943 715 3000 Spir.
746 2943 861 2986 put..
883 2942 955 2986 Μ.
986 2950 1030 2984 et
1063 2941 1117 2984 V.

223 2994 326 3039 Ber.
362 2998 488 3051 (cum
518 2998 666 3042 silent.
702 3000 842 3051 Vict.)
882 2999 983 3043 Ale.
1021 2998 1116 3041 Mi-

226 3067 252 3096 c
286 3051 334 3094 ll.
361 3062 403 3096 et
424 3054 588 3101 deinde
611 3056 740 3103 Pich.
767 3055 903 3102 Grut.
930 3071 948 3098 s
985 3071 1012 3113 q
1060 3083 1118 3091 -—

266 3108 467 3156 henanus
506 3112 620 3158 duce
660 3114 765 3158 cod.
800 3113 914 3157 Bud.
954 3071 1117 3156 delevit

224 3171 536 3224 transgressi,
601 3172 723 3230 quod
776 3172 927 3214 abesse
984 3185 1116 3228 posse

225 3238 363 3269 nenio
387 3224 573 3271 dubitat.
631 3230 691 3271 At
722 3229 1012 3283 transgressi
1043 3244 1116 3284 pc-

224 3281 392 3325 culiare
419 3293 699 3330 momentum
729 3286 972 3334 sententiae
997 3282 1120 3327 addit

226 3337 424 3406 dicitque
453 3355 655 3399 expresse
681 3342 915 3400 Illyricum
948 3341 1120 3385 exerci-

226 3404 325 3440 tum
349 3411 398 3439 m
425 3394 677 3455 Vespasiani
701 3408 846 3456 partes
879 3398 1123 3449 transiisse,

228 3454 349 3510 quod
374 3469 466 3496 non
489 3454 602 3498 inest
624 3456 824 3498 Rhenani
852 3457 1116 3513 scripturae.

227 3509 351 3555 Haec
381 3518 531 3562 tamen
554 3512 738 3569 repetita
765 3522 827 3555 est
853 3514 907 3556 ab
931 3512 1048 3556 Aldo
1077 3522 1118 3556 et

227 3567 376 3630 Lipsio
392 3567 437 3612 in
457 3569 679 3628 prioribus
694 3570 794 3614 cdd.
824 3570 872 3612 ln
895 3578 1116 3629 postrema

1186 1850 1325 1895 corb.
1371 1849 1723 1908 adprobantibus
1768 1850 1926 1895 Freins
1959 1851 2079 1895 emio

1186 1918 1230 1952 et
1257 1905 1451 1967 Ryckio.
1947 1904 1958 1916 '

1244 1968 1384 2008 tertia
1424 1966 1557 2020 legio.
1627 1963 1713 2007 Ed.
1748 1963 1867 2023 Spir.
1904 1973 1947 2008 et
1977 1963 2081 2009 MS.

1789 2020 1878 2066 Sed
1921 2023 2077 2066 eadem

1843 2095 1921 2123 uae
1954 2079 2082 2124 dice-

1187 2024 1302 2066 Bud.
1341 2021 1478 2065 tertia
1512 2022 1712 2064 decima.

1189 2082 1259 2124 hic
1286 2082 1426 2122 tertia
1458 2078 1769 2137 intelligenda,

1187 2139 1319 2180 batur
1354 2153 1394 2183 c.
1419 2138 1489 2180 74.
1558 2138 1668 2178 Mox
1707 2135 1756 2179 in
1788 2135 1819 2179 Β
1845 2137 1892 2180 S.
1927 2128 2105 2182 Guelfi'

1187 2193 1458 2237 vocabulum
1486 2194 1653 2236 ceteris
1682 2208 1774 2236 non
1799 2193 1979 2252 legitur.

1242 2253 1463 2293 imbutae:
1527 2251 1610 2293 Ed.
1631 2249 1749 2308 Spir.
1769 2252 1973 2304 imbuta,
2004 2251 2078 2294 in-

1184 2308 1500 2366 terpunctione
1536 2310 1605 2365 (.)
1645 2308 1788 2366 posita
1812 2317 1913 2352 ante
1938 2309 2080 2353 Clau-

1185 2369 1350 2409 diana.

1254 2424 1517 2478 Aquileiam
1536 2434 1827 2476 progressae.
1859 2421 1934 2466 Sic
1945 2422 2079 2466 MSS.

1186 2481 1309 2523 Flor.
1335 2480 1586 2535 (tesnviet.
1613 2495 1718 2523 cum
1745 2479 1835 2522 Iac.
1852 2478 2080 2535 Gronov.)

1186 2539 1294 2595 Reg.
1324 2538 1463 2580 Corb-
1497 2538 1606 2594 Agr.
1643 2535 1746 2579 edd.
1780 2535 1899 2595 Spir.
1934 2536 2078 2594 Ryek.

1187 2598 1277 2639 lac.
1324 2595 1470 2638 Gron.
1517 2610 1615 2652 sqq.
1673 2621 1731 2629 —-
1813 2595 2080 2649 Aquileiam

1186 2669 1282 2752 ‘155⁶'
1304 2668 1376 2752 15²5
1375 2669 1405 2751 {1²
1407 2667 1600 2752 8333?
1619 2648 2078 2767 .³{1¹.³⁸1÷.¹3²;3¹..ss;13¹3s

1225 2728 1272 2752 ,8.-
1405 2742 1414 2751 n
1586 2742 1596 2752 =
1710 2741 1720 2750 ι
1829 2738 1840 2749 ο
1945 2739 1956 2751 ο
2068 2740 2080 2752 n

1188 2767 1241 2810 ad
1284 2766 1524 2825 Ryckium.
1577 2788 1630 2799 --
1696 2764 1807 2807 Mox
1856 2766 1925 2810 ed.
1960 2765 2081 2824 Spir.

1189 2826 1421 2866 alliciebat
1463 2837 1547 2882 pro
1589 2822 1872 2866 adliciebant
1883 2840 1899 2875 ‚·
1953 2825 2082 2865 haud

1190 2882 1419 2923 abnuenti
1438 2896 1520 2938 pro
1545 2888 1629 2923 aut
1653 2881 1759 2922 aba.
1793 2903 1850 2912 -
1903 2880 1954 2928 ln
1978 2880 2080 2923 MS.

1190 2938 1307 2981 Bud.
1344 2939 1504 2981 desunt
1538 2937 1675 2982 verba
1704 2937 1810 2980 inde
1843 2953 1868 2980 a
1890 2937 2082 2981 Panno-

1189 2999 1344 3037 nicum
1372 3011 1514 3053 usque
1540 2995 1593 3038 ad
1611 2997 1880 3049 parabant,
1911 2995 2083 3037 omisit-

1189 3068 1275 3110 quc
1305 3052 1545 3096 Rhenanus
1577 3052 1624 3096 in
1657 3051 1867 3096 editione.
1929 3051 2081 3099 Resti-

1189 3110 1272 3153 tuit
1296 3110 1473 3169 Lipsius
1500 3109 1623 3154 1574.

1245 3169 1295 3210 in
1339 3184 1390 3211 eo
1432 3175 1579 3211 motu.
1658 3165 1735 3212 Sic
1774 3165 1908 3210 codd.
1944 3163 2080 3211 MSS.

1191 3226 1314 3272 Flos,
1346 3227 1461 3279 (test.
1483 3223 1604 3267 Vict.
1632 3239 1736 3268 cum
1761 3222 1902 3280 Pieh.)
1926 3221 2081 3271 Guelf.

1192 3283 1310 3326 Bud.
1345 3281 1530 3338 aliique‚
1577 3281 1679 3325 edd.
1716 3279 1832 3339 Spir.
1872 3280 1977 3328 Put.
2013 3281 2082 3326 M.

1190 3339 1319 3383 Pich.
1344 3338 1478 3398 Lipsii
1512 3346 1653 3396 postr.
1683 3337 1868 3382 Gruter.
1890 3351 1992 3396 sqq.
2025 3364 2084 3374 —
2137 3348 2138 3362 ³

1191 3398 1240 3438 ιή
1276 3411 1329 3438 eo
1343 3403 1494 3456 ,Jnetu
1524 3395 1627 3438 edd.
1659 3395 1766 3438 Put.
1802 3392 1860 3437 V.
1892 3410 1992 3452 sqq.
2026 3395 2081 3439 ad

1192 3453 1314 3499 Pich.
1373 3453 1451 3499 Est
1472 3453 1483 3495 i
1518 3452 1605 3494 itur
1627 3452 1787 3497 vitium
1813 3451 2080 3510 typograph.

1191 3528 1238 3554 ex
1271 3512 1344 3556 cd.
1371 3511 1458 3558 Put
1543 3541 1552 3552 .
1584 3509 1630 3552 in
1650 3512 1827 3555 ‘ceteras
1859 3525 2080 3573 propaga.-

1189 3577 1301 3615 tum.

2101 3648 2117 3657 J

2075 3662 2136 3675 l„

2128 3674 2138 3742 i.

2123 3747 2138 4030 E
