2138 4030
699 246 886 309 LIB.
922 246 967 308 Ι.
1045 244 1240 308 CAP.
1280 246 1376 309 16.
1849 208 1859 222 '⁵
1881 251 1960 309 31

121 402 343 460 „quam
368 382 596 438 bonum
616 376 966 452 principem.
1041 373 1169 432 Sub
1193 374 1440 434 Tiberio
1466 389 1523 436 et
1544 377 1686 438 Caio
1711 391 1769 438 et
1782 378 1964 440 Clau-

119 468 264 539 „dio
277 467 456 524 unius
471 463 732 524 familiae
746 461 915 539 quasi
938 458 1232 519 hereditas
1251 463 1500 520 fuimus:
1527 463 1656 520 loco
1680 467 1967 526 libertatis

119 597 155 623 „
169 554 310 622 erit,
351 551 512 628 quod
540 548 678 622 eligi
711 548 1038 621 coepimUS‚
1080 557 1137 604 et
1168 547 1334 604 finita
1370 547 1661 606 Iuliorum
1685 550 1970 612 Claudio-

120 657 412 713 „rumque
460 637 638 692 domo
694 633 986 708 optimum
1044 652 1337 710 quemque
1390 634 1632 708 adoptio
1685 634 1968 700 inveniet.

120 743 305 794 „nam
351 718 620 796 generari
667 730 724 775 et
768 718 931 774 nasci
975 738 1009 774 a
1050 717 1420 792 principibus
1454 718 1796 790 fortuitum,
1859 744 1969 783 nee

119 809 325 878 „ultra
362 806 723 863 aestimatur:
773 802 1098 878 adoptandi
1128 802 1413 859 iudicium
1446 804 1740 877 integrum
1757 849 1776 875 ‚
1830 819 1886 865 et
1921 810 1972 866 si

119 893 310 963 „velis
354 893 591 966 eligere,
647 909 937 945 consensu
981 898 1361 947 monstratur.
1470 887 1563 946 Sit
1596 901 1731 946 ante
1767 893 1969 951 oculos

122 978 359 1048 ‚‚Nero‚
439 996 617 1054 quem
670 975 847 1048 longa
892 972 1207 1031 Caesarum
1264 973 1411 1029 serie
1465 984 1792 1032 tumentem
1845 997 1971 1035 non

122 1062 401 1133 „Vindex
426 1082 561 1118 cum
584 1060 799 1116 inermi
822 1057 1126 1134 provincia
1151 1070 1253 1115 aut
1276 1078 1381 1132 ego
1406 1079 1542 1115 cum
1572 1080 1693 1116 una
1725 1061 1974 1136 legione,

119 1150 268 1218 „sed
302 1166 407 1204 sua
439 1145 804 1213 immanium,
846 1139 950 1201 sua
971 1142 1204 1199 luxuria
1231 1144 1557 1201 cervicibus
1583 1147 1837 1220 publicis
1869 1150 1974 1206 de·-

122 1277 157 1303 ‚‚
170 1234 398 1308 pulcre:
436 1251 627 1308 neque
654 1241 777 1286 erat
803 1224 994 1286 adhuc
1023 1229 1287 1286 damnati
1309 1229 1594 1304 principis
1624 1233 1974 1307 exemplum.

121 1363 154 1388 ,‚
169 1317 291 1374 Nos
312 1317 468 1373 hello
497 1328 552 1373 et
576 1317 650 1372 ab
674 1313 1113 1371 aestimantibus
1130 1314 1338 1370 adsciti
1363 1335 1500 1371 cum
1519 1315 1742 1373 invidia
1767 1339 1977 1395 quam..

119 1402 250 1472 „vis
285 1401 500 1475 egregii
533 1401 770 1459 erimus,
856 1419 931 1455 ne
964 1410 1162 1455 tamen
1197 1399 1435 1457 territus
1475 1401 1689 1472 fueriS,
1744 1403 1795 1458 si
1825 1404 1977 1463 duae

119 1487 424 1561 „legiones
451 1486 517 1542 in
539 1482 653 1542 hoc
680 1484 947 1542 concussi
969 1484 1129 1540 orbis
1152 1497 1320 1542 motu
1344 1485 1616 1542 nondum
1642 1483 1973 1562 quiescunt:

120 1593 242 1642 „ne
298 1573 421 1647 ipse
475 1572 715 1648 quidem
767 1570 841 1626 ad
903 1589 1134 1626 securas
1185 1590 1280 1626 res
1331 1570 1571 1627 accessi:
1657 1583 1714 1650 et
1771 1576 1974 1633 audita

121 1702 154 1727 ‚,
169 1656 484 1732 adoptione
509 1656 772 1712 desinam
798 1654 988 1711 videri
1013 1675 1212 1724 seneX‚
1251 1657 1410 1732 quod
1433 1676 1593 1712 nunc
1615 1653 1766 1713 mihi
1785 1680 1977 1717 unum

119 1743 462 1812 „obiicituln
549 1740 704 1797 Nero
733 1762 766 1797 a
790 1741 1041 1816 pessimo
1081 1761 1316 1816 quoque
1349 1761 1577 1816 semper
1611 1742 1978 1802 desidera-bi-

120 1839 293 1897 „turz
346 1823 498 1883 mihi
531 1846 597 1882 ac
637 1826 748 1882 tibi
777 1825 1212 1900 providendum
1249 1837 1359 1909 est,
1412 1846 1487 1882 ne
1522 1826 1699 1885 etiam
1730 1849 1766 1886 a
1798 1831 1976 1890 bonis

204 248 254 284 A.
275 247 327 284 U.
349 246 435 282 823.

205 293 256 328 A.
280 291 326 327 C.
371 290 432 324 70-

1082 2066 1172 2110 duo
1200 2075 1430 2111 momenta
1451 2065 1617 2112 Noster
1645 2085 1735 2113 una
1766 2070 1973 2117 enuntia-

1077 2124 1203 2170 tione
1247 2125 1453 2171 absolvit.
1534 2126 1602 2170 Ne
1641 2127 1824 2172 territus
1865 2137 1975 2183 esto,

1079 2183 1254 2240 inquit,
1309 2182 1345 2226 si
1387 2184 1499 2227 duae
1533 2185 1733 2242 legiones
1767 2185 1977 2231 nondum

1079 2239 1339 2300 quiescunt:
1368 2257 1472 2284 nam
1500 2250 1735 2302 tantopere
1758 2259 1885 2288 nunc
1903 2262 1975 2288 01·-

1078 2299 1147 2342 bis
1171 2314 1420 2342 concussus
1445 2307 1508 2342 est
1523 2333 1533 2350 ,
1563 2309 1613 2344 ut
1637 2301 1854 2359 quaedam
1878 2318 1974 2346 non

1079 2357 1251 2414 possint
1285 2373 1380 2399 non
1415 2356 1463 2399 in
1502 2366 1631 2401 motu
1661 2374 1770 2402 esse.
1852 2359 1974 2404 Haec

1080 2428 1210 2457 more
1232 2429 1314 2457 suo
1335 2421 1495 2458 auctor
1515 2414 1564 2458 in
1587 2412 1768 2462 brevius
1795 2425 1976 2460 contra·

164 2069 335 2128 finita.
385 2065 488 2111 MS.
513 2063 669 2110 Guelf.
693 2065 891 2123 zhfinita.

175 2140 466 2183 aestimatur.
551 2136 630 2180 Sic
664 2136 767 2180 edd.
797 2136 1008 2181 Beroald.

143 2213 249 2242 cum
280 2196 426 2239 silent.
452 2192 589 2248 Vict.)
623 2193 789 2238 Alciat.
821 2210 923 2252 sqq.
951 2218 1009 2229 —

159 2255 234 2298 dd.
263 2252 382 2312 Spir.
415 2250 520 2295 Put.
554 2253 825 2297 estimatur.
904 2251 1008 2297 MS.

120 2310 274 2356 Guelf.
301 2311 579 2353 extimatur.

177 2370 304 2413 velis.
362 2366 464 2410 MS.
481 2365 634 2411 Guelf.
662 2365 730 2412 ιιΐ
756 2367 813 2421 (h.
839 2385 877 2411 e.
897 2371 1008 2424 vel).

177 2455 283 2482 cum
319 2453 415 2480 una
449 2438 642 2490 legione.
723 2435 784 2481 ef.
820 2438 1011 2483 Sueton-

119 2497 254 2542 Galb.
278 2512 317 2539 e.
344 2497 412 2538 10.
473 2494 636 2537 Noster
658 2511 779 2553 supr.
803 2512 844 2540 c.
867 2496 910 2539 6.
942 2496 1012 2538 in·

118 2559 261 2657 cllgcta
285 2554 468 2608 legione
484 2551 699 2607 Hispana
713 2586 727 2607 ‚
755 2560 798 2596 et
827 2553 935 2598 infr.
969 2552 1013 2606 5,

175 2683 410 2738 depulere.
471 2679 547 2724 Sic
580 2681 681 2726 MS.
714 2680 867 2726 Guelf.
906 2682 1009 2727 edd.

118 2741 222 2784 Put.
266 2737 476 2782 Beroald.
509 2740 645 2794 (eum
679 2739 825 2783 silent.
857 2739 1009 2792 Vict.)

118 2798 220 2841 Alc.
242 2796 387 2840 Rhen.
408 2811 507 2854 sqq.
523 2819 579 2830 --
619 2799 850 2852 depulerit
872 2798 1010 2844 MSS.

52 2891 56 2894 .
120 2855 239 2899 Bud.
263 2853 402 2898 Corb.
429 2854 498 2897 ed.
524 2853 644 2911 Spir.

173 2927 233 2969 ab
257 2925 629 2968 aestimantibus.
689 2925 767 2970 Sic
787 2925 889 2970 edd.
903 2925 1007 2970 Ber.

119 2986 247 3040 (eum
267 2983 414 3025 silent.
436 2980 580 3035 Vict.)
611 2983 713 3027 Alc.
738 2981 880 3026 Rhen.
907 2999 1007 3041 sqq.

118 3068 176 3077 --
204 3041 264 3082 ab
296 3038 600 3082 extimatibus
630 3033 731 3084 edd.
759 3040 879 3100 Spir.
902 3036 1007 3085 Put.

119 3099 189 3142 M.
214 3105 257 3140 et
280 3096 339 3140 V.
365 3112 469 3140 eum
491 3095 592 3140 MS.
617 3097 770 3142 Guelf.

175 3182 232 3211 ne
259 3174 438 3211 tamen.
497 3167 575 3210 Sic
593 3167 728 3212 MSS.
742 3169 864 3212 Flor.
891 3169 1009 3224 (test.

119 3225 260 3280 Vict.)
291 3224 411 3268 Bud.
446 3223 558 3282 Reg.
587 3224 727 3271 Corb.
760 3226 860 3270 edd.
885 3225 1007 3284 Spir.

118 3282 265 3326 Rhen.
297 3297 347 3340 sq
381 3311 394 3323 -
433 3306 489 3316 -—
540 3296 624 3325 nec
668 3292 832 3327 tamen
872 3284 1007 3328 MSS.

119 3339 242 3383 Harl.
280 3297 414 3382 Belli.
450 3338 532 3382 les.
569 3338 720 3384 Guelf.
767 3342 869 3385 edd.
901 3341 1006 3385 Put.

119 3395 1007 3520 {³5:53}ss,Asstzassmttss'tuffeffdssfff

122 3519 196 3555 tur
213 3510 443 3562 Ernestio,
466 3519 570 3554 saus
594 3513 889 3556 commodum
912 3530 1004 3580 esse

123 3577 246 3626 puto.
311 3568 550 3612 Nimirum
588 3570 816 3618 brevitatis
855 3570 1001 3614 studio

1080 2471 1161 2516 hit.

1138 2544 1353 2583 nondum
1397 2544 1647 2598 quiescunt.
1738 2544 1816 2587 Sic
1865 2544 1971 2590 edd.

1081 2599 1202 2657 Spir.
1235 2599 1442 2643 Beroald.
1478 2601 1609 2654 (eum
1644 2599 1789 2644 silent.
1824 2599 1971 2660 Vict.)

1081 2657 1188 2701 Ale.
1215 2656 1358 2700 Rhen.
1381 2673 1480 2714 sqq.
1504 2681 1561 2689 —
1603 2672 1702 2702 non
1729 2659 1972 2714 quiescunt

1083 2714 1183 2758 MS.
1208 2714 1362 2758 Guelf.
1385 2715 1484 2759 edd.
1506 2714 1610 2759 Put.
1632 2716 1700 2759 M.
1726 2725 1770 2760 et
1791 2716 1848 2762 V.

1139 2805 1184 2841 et
1215 2799 1396 2841 audita.
1457 2797 1534 2843 Sic
1556 2798 1658 2844 MS.
1686 2797 1839 2844 Guelf.
1869 2800 1970 2846 edd.

1079 2855 1187 2902 Put.
1211 2872 1305 2913 sqq.
1331 2871 1433 2898 cum
1459 2855 1606 2900 silent.
1631 2855 1749 2901 Viet.
1778 2881 1838 2891 --
1887 2862 1972 2903 sed

1078 2914 1251 2956 audita
1284 2912 1351 2955 ed.
1375 2913 1490 2971 Spir.
1531 2923 1575 2957 et
1605 2914 1672 2958 sie
1699 2916 1797 2960 vult
1830 2914 1972 2960 Riek-

1079 2969 1178 3015 lefs.
1238 2970 1410 3012 Verum
1439 2977 1483 3013 et
1509 2971 1689 3029 respicit
1719 2974 1775 3016 ad
1803 2974 1968 3019 verba:

1077 3043 1136 3070 ne
1167 3037 1329 3070 tamen
1360 3028 1556 3070 territus
1568 3029 1726 3086 saeris
1755 3038 1841 3074 etc.
1882 3030 1966 3073 ad-

1078 3081 1306 3142 nectitque
1356 3085 1539 3128 alteram
1590 3086 1838 3139 rationem,
1887 3105 1970 3133 cur

1081 3140 1263 3186 territus
1287 3139 1362 3184 ille
1386 3158 1479 3186 non
1503 3143 1660 3187 debeat
1681 3143 1791 3203 esse.

1139 3228 1260 3282 quod
1281 3241 1402 3269 nunc
1426 3228 1545 3270 mihi
1566 3241 1716 3271 unum
1739 3224 1964 3285 obiicitur.

1079 3283 1156 3327 Sic
1179 3283 1280 3327 MS.
1306 3283 1459 3328 Guelf.
1485 3286 1586 3329 edd.
1609 3285 1712 3329 Put.
1733 3302 1835 3344 sqq.
1859 3303 1967 3331 cum

1076 3340 1227 3384 silent.
1256 3341 1372 3384 Vict.
1401 3368 1460 3377 ——
1512 3346 1636 3399 quod
1665 3357 1793 3386 nunc
1824 3358 1968 3387 unum

1079 3398 1199 3440 mihi
1217 3413 1260 3441 o.
1284 3398 1387 3442 MS.
1410 3401 1519 3457 Agr.
1555 3401 1625 3444 ed.
1655 3400 1776 3458 Spir.
1855 3401 1965 3445 Mox

1075 3454 1220 3498 nimio
1253 3456 1519 3500 emendandi
1561 3456 1712 3501 studio
1743 3456 1964 3509 Gruterus

1075 3511 1256 3557 volebat
1278 3513 1466 3558 verbum
1491 3517 1784 3558 desideretur
1806 3513 1961 3569 deleri,

1075 3569 1196 3627 qnod
1215 3570 1318 3615 satis
1341 3577 1443 3628 apte
1467 3572 1605 3617 adest.
