2138 4030
1810 460 1813 461 ⁷
1859 475 1877 494 ·'
1936 479 1944 513 ἑ
1987 471 2034 498 “513

470 884 2001 984 c.coRNEL11TAc1Tr>t

467 1034 1973 1125 I>STORINRUM

722 1195 987 1251 LIBER
1067 1153 1571 1262 SECUNDUS„

298 1043 371 1116 H

654 1444 1596 1491 BREVIARIUM-2L1BR1.

377 1544 492 1590 CAP.
524 1546 564 1588 1.
627 1543 755 1588 Titus
777 1543 831 1588 ad
859 1542 1049 1587 Galbam
1075 1542 1236 1587 missus
1258 1542 1418 1587 nuntio
1447 1542 1603 1585 mortis
1624 1540 1719 1585 eius
1739 1549 1925 1600 accepto
1948 1558 2051 1585 ver-

206 1603 259 1645 tit
283 1603 383 1646 iter.
442 1604 485 1646 2.
519 1602 710 1661 Paphiae
735 1601 923 1644 Veneris
947 1600 1165 1659 ternplum
1187 1601 1293 1645 adit.
1355 1601 1397 1644 3.
1428 1600 1572 1643 Huius
1601 1599 1729 1656 origo
1750 1607 1793 1643 et
1819 1599 1926 1642 deae
1949 1600 2050 1644 cul-

204 1668 292 1704 tus.
351 1661 394 1703 4.
423 1660 491 1703 lbi
514 1660 665 1703 futura
686 1659 871 1702 edoctus
894 1667 1027 1702 aucto
1051 1659 1202 1701 animo
1225 1658 1278 1701 ad
1301 1666 1471 1717 patrem
1486 1691 1498 1709 ,
1532 1658 1608 1715 qui
1630 1656 1796 1700 bellum
1814 1656 2049 1701 Iudaicum

205 1717 548 1775 profligaverat,
588 1716 718 1760 redit.
776 1715 819 1759 5.
857 1714 1112 1774 Vespasiani
1135 1715 1425 1772 Mucianique
1451 1714 1683 1773 ingenium
1717 1730 1771 1759 ac
1803 1730 1952 1757 mores
1986 1715 2050 1758 di-

205 1775 339 1820 versi.
399 1775 445 1818 hi
478 1776 613 1819 duces
645 1773 801 1831 positis
835 1773 948 1817 odiis
982 1773 1030 1815 in
1063 1772 1261 1816 medium
1293 1772 1552 1817 consulunt.
1612 1770 1721 1814 Inde
1751 1771 1796 1815 6.
1825 1771 1867 1814 7.
1903 1771 2051 1816 civilis

205 1831 313 1876 belli
349 1833 524 1876 occasio
559 1831 957 1875 intumescentibus
993 1828 1196 1874 Orientis
1229 1831 1495 1887 legionibus.
1555 1828 1599 1873 8.
1626 1828 1670 1872 9.
1704 1827 1825 1873 Falsi
1856 1828 2049 1873 Neronis

207 1889 451 1932 ludibrium
485 1889 539 1932 ab
574 1887 637 1932 As
673 1896 827 1932 renate
867 1904 1191 1945 compressum.
1255 1890 1323 1931 10.
1353 1888 1404 1931 In
1438 1887 1550 1931 urbe
1600 1902 1746 1942 ⁸arvae
1775 1902 1847 1930 res
1876 1885 2050 1945 magnis

206 1945 403 2009 motibus
435 1954 572 1992 actae.
632 1904 793 1990 {libius
823 1944 1008 2003 Crispus
1042 1946 1242 1989 Annium
1272 1939 1486 1990 Faustum
1524 1902 1769 2011 delatorem
1797 1942 1950 1989 fratris
1980 1942 2050 1987 sui

202 2011 429 2062 pervertt.

377 2087 445 2129 11.
489 2084 620 2128 Laeta
649 2083 820 2128 Othoni
853 2085 1074 2143 principia
1108 2085 1227 2130 belli.
1290 2085 1359 2129 12.
1391 2085 1526 2129 Miles
1546 2084 1639 2129 eius
1665 2084 1713 2128 in
1734 2084 1926 2144 Alpinos
1948 2101 2046 2130 sae-

205 2144 296 2195 vit,
339 2142 407 2187 13.
440 2141 489 2185 in
510 2141 697 2187 Albium
724 2142 1006 2185 Intemelium
1042 2143 1129 2185 iras
1152 2143 1297 2186 vertit.
1357 2143 1473 2200 Egre
1505 2143 1598 2186 ium
1623 2151 1849 2187 maternae
1876 2143 2047 2201 pietatis

205 2200 475 2259 exemplum.
538 2200 609 2257 14..
641 2201 850 2242 imminet
873 2199 1125 2255 provinciae
1147 2199 1429 2243 Narbonensi
1503 2199 1712 2244 thoniana
1732 2199 1900 2246 elassis.
1961 2199 2045 2244 Vi-

207 2258 378 2302 telliani
419 2258 558 2306 caesi,
615 2258 684 2301 15.
726 2273 810 2301 nec
849 2257 1116 2300 Othonianis
1151 2256 1386 2301 incruenta
1427 2257 1623 2301 victoria.
1697 2257 1767 2301 16.
1808 2257 2045 2303 Pacarium

206 2322 556 2374 procuratorem
576 2314 731 2360 iuvare
754 2313 985 2358 Vitellium
1011 2314 1261 2358 Corsorum
1286 2313 1457 2359 viribus
1483 2322 1709 2374 parantem
1744 2314 1937 2361 insulani
1968 2331 2046 2363 nen·

207 2380 324 2416 cant.
385 2371 453 2415 17.
485 2370 832 2416 Vitellianorum
869 2388 939 2415 res
972 2371 1193 2417 secundae
1223 2372 1270 2415 in
1305 2371 1443 2415 ltalia.
1503 2374 1571 2417 18.
1598 2373 1669 2416 19.
1698 2371 1928 2430 Spurinna
1948 2372 2045 2416 Pta-

206 2430 400 2474 centiam
422 2429 570 2473 munit
591 2439 747 2473 eontra
767 2428 1047 2472 Vitellianos.
1106 2429 1178 2473 20.
1215 2445 1309 2472 eam
1336 2428 1525 2473 Caecina
1549 2430 1656 2473 dum
1679 2446 1738 2487 op
1772 2437 1931 2488 ugnat,
1971 2431 2046 2474 21.

205 2487 575 2545 amphitheatrum
598 2487 698 2530 urbi
719 2488 970 2544 proximum
994 2487 1254 2545 conflagrat.
1314 2487 1386 2530 22.
1419 2485 1670 2531 Obsidione
1692 2503 1742 2532 so
1766 2497 1837 2532 uta
1859 2487 2047 2534 Cremo-

206 2561 310 2588 nam
335 2543 525 2589 Caecina
556 2544 689 2602 petit,
731 2545 805 2587 uh‘i
839 2543 910 2588 23.
948 2543 1195 2588 Othoniani
1227 2559 1440 2612 prospere
1475 2552 1690 2604 pugnant.
1749 2544 2042 2590 Vincentium

205 2602 426 2660 impetum
452 2603 706 2659 reprimunt
726 2603 885 2653 duces,
924 2601 1028 2644 inde
1059 2610 1251 2660 suspecti
1279 2602 1393 2644 fiunt
1423 2603 1528 2660 suis.
1587 2602 1659 2644 24.
1698 2601 1917 2647 Caecinae
1937 2601 2044 2646 insi·

207 2659 300 2702 dias
325 2659 372 2702 in
390 2659 539 2717 ipsum
562 2661 692 2702 vertit
714 2659 956 2703 Suetonius
978 2657 1232 2711 Paullinus,
1263 2660 1389 2703 cuins
1414 2660 1485 2704 25.
1506 2659 1790 2704 cunctatione
1814 2658 2041 2704 Vitelliani

204 2726 459 2764 servantur.
518 2717 589 2761 26.
620 2716 863 2770 Utrimque
883 2717 1212 2761 tumultuantur
1236 2716 1413 2760 milites.

376 2804 444 2848 27.
473 2801 639 2847 Valens
665 2803 711 2846 in
738 2801 904 2846 ltaliam
930 2801 1080 2859 copias
1104 2801 1242 2846 ducit.
1300 2802 1450 2845 28.29.
1481 2800 1645 2846 Gravis
1663 2800 1712 2846 in
1731 2802 1825 2847 eius
1845 2804 2043 2848 exercitu

205 2868 303 2904 orta
323 2860 592 2904 Batavorum
616 2859 775 2903 seditio
799 2858 990 2917 Alpheni
1011 2857 1117 2902 Vari
1139 2858 1328 2903 consilio
1353 2858 1617 2916 composita.
1681 2859 1751 2904 30.
1781 2861 1946 2905 iunctis
1974 2877 2043 2906 ar·

205 2918 313 2969 mis,
348 2917 644 2961 aemulatione
665 2933 896 2976 suppressa
918 2915 1106 2960 Caecina
1128 2932 1179 2960 ac
1205 2915 1369 2959 Valens
1394 2916 1625 2959 Vitellium
1650 2916 1834 2967 fovent,
1869 2917 2042 2963 Othoni

206 2977 372 3033 probra
402 2975 637 3019 obiectant.
697 2975 868 3018 Eorum
892 2973 961 3017 31.
985 2973 1271 3029 Othonisque
1302 2983 1344 3017 et
1365 2973 1531 3017 Vitellii
1561 2975 1873 3033 comparatio:
1916 2975 2040 3022 Otho

206 3030 432 3075 consultat
463 3033 516 3074 de
542 3033 711 3075 ratione
736 3032 856 3075 belli.
913 3030 980 3075 32.
1015 3031 1257 3074 Suetonius
1282 3030 1510 3074 paullinus
1541 3047 1716 3075 moram
1729 3032 1911 3077 suadet.
1964 3033 2040 3079 33.

204 3088 371 3133 Titiani
401 3088 547 3132 fratris
583 3097 625 3131 et
655 3090 836 3133 Proculi
870 3088 1054 3132 consilia
1087 3087 1358 3144 praevalent.
1429 3088 1555 3131 Otho
1587 3104 1691 3132 cum
1725 3090 1870 3135 valida
1901 3106 2041 3135 manu

205 3145 451 3189 Brixellum
494 3147 715 3190 concedit.
785 3148 854 3191 34.
895 3145 1117 3188 Vitelliani
1163 3146 1396 3189 transitum
1429 3146 1538 3188 Padi
1572 3145 1808 3199 simulant,
1858 3146 1928 3192 85.
1964 3147 2037 3192 36.

237 3220 339 3247 uem
362 3202 649 3259 prohibentes
668 3203 917 3246 Othoniani
943 3200 1207 3247 caeduntur.
1268 3203 1338 3246 37.
1379 3203 1531 3245 Vanus
1554 3219 1713 3246 rumor
1736 3220 1905 3262 pavore
1933 3204 2039 3249 belli

203 3220 440 3305 gastidiove
475 3260 706 3318 utriusque
738 3260 952 3318 principis
982 3260 1102 3317 pacis
1126 3260 1308 3303 consilia
1334 3261 1447 3303 inter
1470 3260 1682 3304 exercitus
1702 3260 1838 3304 fuisse
1859 3262 2033 3319 agitata.

203 3318 273 3362 38.
304 3317 523 3361 Excursus
556 3317 607 3359 de
632 3316 855 3374 prioribus
879 3317 1029 3375 populi
1049 3315 1240 3359 Romani
1267 3317 1469 3360 civilibus
1494 3316 1638 3362 bellis.
1696 3317 1768 3362 39.
1791 3318 1861 3361 40.
1891 3319 2034 3364 Titia-

203 3390 288 3420 nus
312 3383 354 3418 et
374 3373 595 3419 Proculus
620 3375 672 3417 ad
694 3384 900 3432 quartum
927 3391 950 3417 a
971 3373 1187 3416 Bedriaco
1207 3383 1349 3417 castra
1371 3375 1575 3434 imperite
1596 3384 1882 3433 promovent.
1939 3375 2035 3420 Du·

203 3435 328 3478 cibus
359 3432 503 3478 dubiis
536 3447 632 3473 rem
666 3431 709 3472 in
746 3432 983 3474 discrimen
1006 3431 1122 3474 mitti
1146 3430 1269 3474 Otho
1293 3431 1432 3475 lubet.
1490 3432 1543 3475 41
1565 3432 1697 3475 -43,
1729 3432 2035 3479 Bedriacensis

200 3506 366 3548 pugna.
423 3489 494 3532 44.
527 3487 891 3532 Othonianorum
918 3491 1020 3547 fuga
1045 3496 1088 3531 et
1109 3489 1320 3534 adversus
1352 3489 1487 3534 duces
1518 3505 1622 3533 suos
1653 3489 1730 3534 ira.
1786 3490 1857 3534 45.
1890 3491 2031 3535 Indu-

201 3550 308 3592 ctae.
383 3547 498 3591 Victi
527 3561 632 3591 cum
670 3545 912 3589 victoribus
943 3546 989 3588 in
1024 3546 1227 3591 lacrimas
1258 3546 1381 3591 effusi
1417 3546 1563 3595 civilia
1598 3545 1712 3591 bella
1742 3546 2031 3595 detestantur.
