2138 4030
229 210 355 270 320
796 206 1509 274 HISTORIARUM
1763 208 1996 293 2·E·⁸}gj

227 339 320 397 rio
356 338 505 396 laeta
545 338 742 395 omnia
781 338 1051 413 fingeret,
1103 337 1266 395 falsis
1313 338 1765 412 ingravescebat.
1823 343 2081 402 ..mimm

228 425 386 500 apud
415 423 607 498 ipsum
643 425 716 479 de
752 422 1275 490 bellosilentium:
1319 420 1607 497 prohibiti
1644 446 1752 500 per
1784 427 2079 487 civitatem

211 527 556 577 =sermoneS,
610 528 796 585 eoque
836 509 1063 585 plureS‚
1117 527 1182 563 ac
1228 507 1274 563 si
1313 508 1540 578 liceret,
1594 530 1730 567 vere
1766 514 2080 583 narraturi,

231 593 370 670 quia
419 593 798 663 vetabantur,
865 591 1154 649 atrociora
1201 592 1601 666 vulgaverant.
1716 594 1847 654 Nec
1871 616 1876 645 ῖ
1904 600 2080 656 duces

228 675 488 739 hostium
513 680 811 753 augendae
843 677 1031 732 famae
1070 677 1310 734 deerant
1337 690 1534 753 captos
1557 677 1786 737 Vitellii
1814 678 2080 758 explora-

228 776 384 821 tores
453 763 1024 838 circumdnctosque,
1098 773 1165 818 ut
1220 763 1434 819 robora
1503 764 1743 822 victoris
1799 769 2082 826 exercitus

229 859 563 918 noscerent,
629 843 1009 903 remittendo:
1081 866 1228 922 quos
1283 867 1487 903 omnes
1538 847 1814 907 Vitellius
1858 865 2080 910 secreto

230 944 637 1010 percunctatus
661 931 910 988 interfici
943 931 1125 990 iussit.
1211 929 1475 990 Notabili
1514 936 1838 992 constantia
1876 951 2081 996 centu-

229 1020 320 1076 rio
354 1013 829 1090 IuliusAgrestis
862 1028 994 1091 post
1028 1015 1247 1072 multos
1281 1036 1606 1087 sermoneS,
1651 1021 2079 1096 quibusvitel-

229 1106 378 1164 lium
419 1105 492 1159 ad
530 1101 808 1158 virtutem
853 1102 1067 1158 frustra
1112 1102 1493 1170 accendebat,
1548 1106 1837 1179 perpulit,
1903 1119 1972 1166 ut
2004 1110 2078 1165 ad

230 1190 387 1246 vires
443 1182 704 1244 hostium
759 1188 1128 1262 spectandaS,
1199 1206 1466 1263 quaeque
1516 1190 1670 1263 apud
1723 1180 2079 1249 Cremonam

230 1262 355 1332 acta
385 1273 612 1340 forent,
664 1271 788 1346 ipse
825 1271 1172 1332 mitteretur.
1266 1293 1373 1329 nec
1415 1273 1813 1347 exploratione
1855 1278 2081 1334 occulta

167 1419 177 1429 ,
229 1358 430 1416 fallere
485 1351 820 1413 Antonium
868 1357 1142 1426 tentavit,
1221 1358 1320 1414 sed
1387 1360 1664 1416 mandata
1710 1359 2080 1436 imperatoris

231 1462 520 1520 suumque
547 1442 812 1498 animum
837 1441 1157 1516 professus,
1200 1455 1266 1499 ut
1290 1454 1495 1499 cuncta
1525 1443 1762 1515 viseret,
1804 1447 2079 1520 postulat.

229 1529 395 1585 missi
434 1528 539 1605 qui
573 1527 766 1583 locum
802 1527 1045 1602 proelii,
1089 1524 1413 1584 Cremonae
1449 1529 1717 1602 vestigia,
1760 1543 1955 1607 captas
1993 1533 2085 1588 le-

231 1614 432 1688 giones
456 1613 847 1672 ostenderent.
935 1607 1195 1686 Agrestis
1223 1614 1296 1670 ad
1309 1611 1616 1671 Vitellium
1638 1617 1946 1687 remeavit,
1974 1619 2081 1675 ab—

289 1846 402 1893 CAP.
427 1844 494 1889 54.
545 1845 900 1897 ingravescebat.
956 1843 1127 1900 se.Vi·,

231 1906 393 1950 teltius.

231 1973 330 2022 apte
352 1962 492 2005 adfert
515 1959 664 2002 locum
693 1960 838 2004 Cicer.
865 1960 919 2002 de
944 1960 1120 2003 Senect.

231 2039 272 2065 c.
310 2022 376 2062 11.
422 2033 617 2070 corpora
660 2016 992 2072 defatigatione
1046 2020 1118 2058 in-

229 2082 520 2135 gravescant.
603 2074 689 2116 Sed
726 2074 1006 2133 aptissimum
1044 2091 1119 2116 ex-

231 2145 316 2180 stat
351 2134 467 2192 apud
504 2131 619 2174 Ptin.
654 2147 720 2187 ep.
759 2133 799 2182 2,
837 2133 908 2174 ΞΟ,
953 2131 1026 2173 ubi
1068 2131 1120 2173 de

235 2193 424 2235 Verania
448 2189 623 2232 Pisonis
657 2204 791 2230 uxore
825 2189 1022 2245 graviter
1058 2188 1120 2229 ia-

232 2257 361 2295 cente
395 2247 607 2303 leguntur
638 2247 771 2287 haec:
813 2246 930 2287 Mox
956 2250 1123 2299 ingra-

231 2308 397 2353 vescit,
428 2307 603 2347 clamat
633 2303 841 2344 moriens
865 2312 949 2346 etc.
1031 2304 1119 2358 lgi-

231 2375 307 2409 tur
329 2362 674 2417 ingravescebat
697 2360 918 2402 Vitellius
946 2359 988 2403 h.
1013 2375 1050 2401 c.
1076 2374 1124 2402 es

231 2423 395 2466 warde
428 2421 690 2462 schlimmer
716 2420 803 2459 mil
833 2418 950 2460 ihm.
1033 2416 1120 2458 Er-

230 2477 399 2524 nestius
433 2476 487 2519 ad
517 2477 864 2527 ingravescebat
897 2490 988 2516 non
1018 2475 1121 2516 satis

230 2544 353 2580 recte
394 2533 664 2589 intelligebat
707 2534 902 2575 malum.
999 2532 1119 2574 idern

230 2592 539 2651 suspicabatur
563 2588 803 2644 legendum
827 2590 1117 2644 ingravesce-

233 2655 346 2694 baemt
374 2665 436 2693 sc.
460 2647 591 2691 mala.

482 1901 574 1946 Pro
622 1901 822 1960 exemplo
874 1901 1122 1945 Oberlinus

292 2753 419 2806 apud
449 2751 620 2804 ipsum.
691 2745 790 2790 MS.
815 2744 963 2789 Guelf.
995 2748 1121 2800 apud

236 2811 376 2866 ipsos.

291 2922 395 2950 vere
416 2906 676 2949 narraturi.
737 2903 815 2948 Sic
836 2901 969 2947 MSS.
996 2902 1119 2946 Flor-

232 2968 363 3020 (test.
397 2965 483 3007 tac.
517 2962 749 3018 Gronov.)
794 2960 948 3010 Guelf,
994 2959 1119 3004 llari.

232 3022 365 3068 Bodt.
405 3022 484 3064 les.
528 3021 627 3064 edd.
662 3019 765 3062 Put.
798 3019 864 3062 M.
901 3027 942 3061 et
975 3017 1032 3061 V.
1078 3025 1119 3058 et

234 3094 377 3138 nuper
418 3078 595 3135 Bipont.
635 3075 842 3120 oberlin.
875 3091 973 3175 sqq.
1075 3074 1119 3116 Si

234 3144 355 3182 recte
386 3135 499 3188 vidi,
542 3136 658 3177 idem
696 3133 882 3176 editioni
932 3130 1119 3175 {ernaldi

234 3197 368 3240 inest:
409 3192 635 3235 Broterius
663 3200 810 3234 tamen
846 3197 1028 3235 testatur
1059 3188 1118 3231 ibi

235 3252 321 3310 legi
357 3264 466 3292 vera
498 3249 765 3299 narraturi,
813 3247 932 3306 quod
968 3247 1120 3288 lerunt

235 3309 338 3353 edd.
365 3305 467 3350 Ate.
491 3306 688 3348 Rhenan.
714 3305 817 3348 Ald.
843 3320 939 3363 sqq.
963 3305 1015 3346 ad
1043 3303 1120 3345 Bi·-

233 3364 487 3426 pontinum.
558 3363 615 3405 cf.
645 3378 683 3404 c.
721 3363 789 3406 56.
827 3377 936 3403 vera
973 3362 1108 3402 dictu·

234 3426 314 3468 ris.
354 3444 400 3456 --
477 3434 583 3463 vere
619 3420 841 3461 narranti
875 3419 975 3462 MS.
1008 3418 1118 3460 Rea,

1195 1844 1306 1903 Agr.
1336 1866 1387 1878 ‹-
1423 1844 1542 1887 Bene
1566 1862 1611 1888 se
1635 1845 1769 1896 habet
1789 1861 1916 1899 vere,
1947 1847 2077 1892 intel·

1195 1902 1277 1958 lige
1315 1902 1481 1957 facta,
1542 1912 1589 1946 ut
1640 1911 1943 1962 opponantur
1974 1921 2083 1949 vere·

1192 1962 1436 2002 narraturi
1480 1961 1611 2012 falso
1664 1964 1934 2006 narratur-is
1987 1965 2081 2008 sive

1191 2016 1320 2060 sactis
1350 2017 1572 2062 atrociora
1602 2019 1897 2077 vulgantibus.

1250 2103 1361 2144 quos
1411 2104 1589 2133 omnes.
1677 2089 1751 2134 Sic
1803 2090 1903 2134 edd.
1960 2091 2080 2151 Spir.

1192 2145 1337 2189 Rben.
1371 2145 1478 2190 Ald.
1511 2163 1605 2203 sqq.
1641 2175 1698 2220 7-
1774 2162 1887 2203 quos
1929 2152 2082 2194 omnis

1194 2202 1297 2268 edd.
1331 2204 1426 2269 t'nt.
1455 2203 1521 2248 M,
1556 2203 1672 2247 etl.
1708 2204 1914 2248 Remum.
1954 2212 2078 2255 <cum

1193 2258 1262 2301 s11.
1287 2259 1427 2316 V1ct.)
1460 2260 1560 2304 Ate.
1586 2290 1637 2297 -
1695 2261 1796 2304 MS.
1826 2260 1974 2308 Guetf.
1999 2264 2078 2307 ha-

1195 2318 1265 2361 bet
1290 2318 1611 2376 compendium
1637 2320 1750 2363 onis.

1249 2396 1438 2431 secreto.
1499 2387 1583 2432 Ed.
1609 2387 1730 2446 Spir.
1750 2399 1938 2436 secrete.

1249 2460 1443 2500 notabili
1464 2460 1725 2502 constantia
1749 2469 1831 2504 etc.
1892 2462 2079 2508 savinus

1193 2515 1246 2558 ad
1275 2516 1318 2558 h.
1346 2515 1374 2558 Ι.
1438 2515 1722 2564 „Suetonius
1750 2516 1855 2561 Oth.
1879 2537 1916 2562 c.
1947 2524 2010 2564 10.
2037 2531 2080 2566 ot

1192 2581 1292 2631 post
1313 2589 1412 2616 eum
1440 2573 1641 2617 Zonaras
1663 2572 1833 2617 Othoni
1859 2576 1900 2619 id
1923 2578 2078 2624 tribuit

1191 2635 1237 2674 in
1267 2629 1417 2687 priore
1446 2630 1587 2681 bello,
1618 2631 1963 2678 circumstantiis
1987 2653 2078 2680 mo-

1193 2688 1290 2731 dice
1326 2687 1732 2745 discrepantibus.”
1807 2691 1952 2733 lwmo
1986 2710 2078 2738 non

1190 2746 1334 2797 idem,
1392 2745 1466 2788 sed
1510 2744 1653 2787 simile
1697 2745 1804 2803 quid
1836 2748 2078 2794 Suetonius

1191 2805 1218 2847 l.
1238 2803 1264 2845 Ι.
1302 2802 1473 2845 Othoni
1500 2801 1668 2845 tribuit.
1726 2802 1824 2846 Vid.
1849 2806 2079 2851 ihdiaum·

1192 2868 1343 2918 garten
1358 2885 1371 2893 ·
1385 2858 1584 2903 Crusius.
1649 2858 1856 2912 Ceterum
1879 2864 1946 2906 ed.
1961 2865 2078 2925 Spir-

1193 2935 1274 2976 pro
1299 2918 1495 2958 notabili
1514 2916 1644 2959 habet
1665 2920 1897 2964 notabilis.

1250 2996 1303 3030 ut
1332 2991 1399 3029 ad
1433 2990 1570 3030 vires.
1632 2986 1733 3031 MS.
1758 2988 1870 3034 Bnd.
1899 3000 1940 3033 et
1973 2991 2077 3035 inde

1193 3045 1293 3088 edd.
1316 3044 1454 3087 [then.
1472 3043 1577 3087 ΑΜ.
1601 3061 1700 3102 sqq.
1725 3046 1954 3104 negligunt
2009 3064 2076 3092 ar·

1192 3103 1374 3145 tutulam
1415 3109 1487 3148 ut,
1538 3117 1668 3159 qnam
1698 3102 1870 3158 Lipsius
1899 3063 2077 3162 (1682),

1193 3160 1316 3202 Pieh.
1349 3158 1480 3203 Grut.
1513 3175 1611 3216 sqq.
1654 3162 1885 3204 restituere
1921 3178 1943 3205 e
1975 3162 2075 3208 MS.

1192 3218 1340 3267 Flora,
1380 3215 1761 3259 consentienaibus
1797 3218 1892 3262 MS.
1919 3218 2072 3266 Guelf-

1191 3273 1377 3331 aliisque
1424 3273 1557 3316 codd.
1603 3283 1646 3317 et
1685 3274 1781 3318 edd.
1820 3276 1939 3334 Spir.
1970 3275 2074 3321 Put.

1192 3331 1395 3374 Beroatd.
1420 3330 1520 3374 Ate.

1250 3423 1357 3456 acta
1390 3413 1568 3469 ‚sorent-

1658 3415 1740 3459 Ed.
1784 3416 1900 3475 Spir.
1936 3416 2076 3473 saeta

234 3481 307 3525 ed.
333 3479 449 3537 Spir.
485 3501 534 3512 —
598 3490 699 3517 vere
731 3485 988 3518 narratum
1016 3475 1116 3517 MS.
1178 3472 1361 3528 forent.
1421 3468 1585 3515 Eadem
1622 3475 1822 3516 nu'tteret
1851 3487 1939 3532 pro
1966 3477 2072 3517 mit-

235 3538 349 3582 Bud.
375 3560 430 3569 —-
476 3550 586 3578 vera
609 3546 807 3575 narrare
831 3533 963 3576 MSS.
979 3532 1117 3576 Goth.

1191 3537 1380 3572 teretur.
