<?xml version="1.0" encoding="UTF-8"?>
<!DOCTYPE html PUBLIC "-//W3C//DTD XHTML 1.0 Transitional//EN"
    "http://www.w3.org/TR/xhtml1/DTD/xhtml1-transitional.dtd">
<html xmlns="http://www.w3.org/1999/xhtml" xml:lang="en" lang="en">
 <head>
  <title>
</title>
<meta http-equiv="Content-Type" content="text/html;charset=utf-8" />
  <meta name='ocr-system' content='tesseract 3.04.00' />
  <meta name='ocr-capabilities' content='ocr_page ocr_carea ocr_par ocr_line ocrx_word'/>
</head>
<body>
  <div class='ocr_page' id='page_1' title='image "./operarecensuitet03taciuoft/operarecensuitet03taciuoft_0319.png"; bbox 0 0 2138 4030; ppageno 0'>
   <div class='ocr_carea' id='block_1_1' title="bbox 214 201 435 283">
    <p class='ocr_par' dir='ltr' id='par_1_1' title="bbox 214 201 435 283">
     <span class='ocr_line' id='line_1_1' title="bbox 217 201 435 239; baseline 0 0"><span class='ocrx_word' id='word_1_1' title='bbox 217 203 265 239; x_wconf 85' lang='lat' dir='ltr'><strong>A.</strong></span> <span class='ocrx_word' id='word_1_2' title='bbox 285 202 334 238; x_wconf 79' lang='lat' dir='ltr'><strong>U.</strong></span> <span class='ocrx_word' id='word_1_3' title='bbox 349 201 435 239; x_wconf 79' lang='lat'><strong>823.</strong></span> 
     </span>
     <span class='ocr_line' id='line_1_2' title="bbox 214 245 431 283; baseline -0.009 0"><span class='ocrx_word' id='word_1_4' title='bbox 214 249 264 283; x_wconf 77' lang='lat' dir='ltr'><strong>A.</strong></span> <span class='ocrx_word' id='word_1_5' title='bbox 285 245 331 281; x_wconf 89' lang='lat' dir='ltr'><strong>C.</strong></span> <span class='ocrx_word' id='word_1_6' title='bbox 372 247 431 279; x_wconf 78' lang='lat'><strong>70·</strong></span> 
     </span>
    </p>
   </div>
   <div class='ocr_carea' id='block_1_2' title="bbox 126 339 453 395">
    <p class='ocr_par' dir='ltr' id='par_1_2' title="bbox 126 339 453 395">
     <span class='ocr_line' id='line_1_3' title="bbox 126 339 453 395; baseline 0.006 -2"><span class='ocrx_word' id='word_1_7' title='bbox 126 339 453 395; x_wconf 82' lang='lat' dir='ltr'><strong>videbatur.</strong></span> 
     </span>
    </p>
   </div>
   <div class='ocr_carea' id='block_1_3' title="bbox 620 191 1496 269">
    <p class='ocr_par' dir='ltr' id='par_1_3' title="bbox 620 191 1496 269">
     <span class='ocr_line' id='line_1_4' title="bbox 620 191 1496 269; baseline 0.007 -6"><span class='ocrx_word' id='word_1_8' title='bbox 620 204 706 263; x_wconf 81' lang='lat' dir='ltr'><strong>LI</strong></span> <span class='ocrx_word' id='word_1_9' title='bbox 725 204 794 266; x_wconf 85' lang='grc' dir='ltr'><strong>Β.</strong></span> <span class='ocrx_word' id='word_1_10' title='bbox 834 205 940 266; x_wconf 87' lang='lat'><strong>111.</strong></span> <span class='ocrx_word' id='word_1_11' title='bbox 1010 204 1068 264; x_wconf 83' lang='lat' dir='ltr'><strong>-C</strong></span> <span class='ocrx_word' id='word_1_12' title='bbox 1085 191 1138 263; x_wconf 82' lang='grc' dir='ltr'><strong>Ᾱ</strong></span> <span class='ocrx_word' id='word_1_13' title='bbox 1155 207 1217 266; x_wconf 84' lang='grc' dir='ltr'><strong>Ρ.</strong></span> <span class='ocrx_word' id='word_1_14' title='bbox 1257 206 1356 267; x_wconf 83' lang='lat'><strong>45.</strong></span> <span class='ocrx_word' id='word_1_15' title='bbox 1396 207 1496 269; x_wconf 81' lang='lat'><strong>46.</strong></span> 
     </span>
    </p>
   </div>
   <div class='ocr_carea' id='block_1_4' title="bbox 569 335 1972 412">
    <p class='ocr_par' dir='ltr' id='par_1_4' title="bbox 569 335 1972 412">
     <span class='ocr_line' id='line_1_5' title="bbox 569 335 1972 412; baseline 0.004 -23"><span class='ocrx_word' id='word_1_16' title='bbox 569 335 707 390; x_wconf 86' lang='lat' dir='ltr'><strong>inde</strong></span> <span class='ocrx_word' id='word_1_17' title='bbox 764 355 902 408; x_wconf 88' lang='lat' dir='ltr'><strong>opes</strong></span> <span class='ocrx_word' id='word_1_18' title='bbox 959 346 1016 392; x_wconf 84' lang='lat' dir='ltr'><strong>et</strong></span> <span class='ocrx_word' id='word_1_19' title='bbox 1068 355 1264 392; x_wconf 87' lang='lat' dir='ltr'><strong>rerum</strong></span> <span class='ocrx_word' id='word_1_20' title='bbox 1326 338 1714 393; x_wconf 80' lang='lat' dir='ltr'><strong>secundarum</strong></span> <span class='ocrx_word' id='word_1_21' title='bbox 1754 338 1972 412; x_wconf 62' lang='lat' dir='ltr'><strong>luxus.¹</strong></span> 
     </span>
    </p>
   </div>
   <div class='ocr_carea' id='block_1_5' title="bbox 1853 211 1976 293">
    <p class='ocr_par' dir='ltr' id='par_1_5' title="bbox 1853 211 1976 293">
     <span class='ocr_line' id='line_1_6' title="bbox 1853 211 1976 293; baseline 0.033 -4"><span class='ocrx_word' id='word_1_22' title='bbox 1853 211 1976 293; x_wconf 60' lang='lat'><strong>303</strong></span> 
     </span>
    </p>
   </div>
   <div class='ocr_carea' id='block_1_6' title="bbox 126 414 1974 498">
    <p class='ocr_par' dir='ltr' id='par_1_6' title="bbox 126 414 1974 498">
     <span class='ocr_line' id='line_1_7' title="bbox 126 414 1974 498; baseline 0.001 -20"><span class='ocrx_word' id='word_1_23' title='bbox 126 435 318 497; x_wconf 85' lang='lat' dir='ltr'><strong>spreto</strong></span> <span class='ocrx_word' id='word_1_24' title='bbox 353 419 610 476; x_wconf 72' lang='lat' dir='ltr'><strong>Venutio</strong></span> <span class='ocrx_word' id='word_1_25' title='bbox 645 414 722 495; x_wconf 87' lang='lat' dir='ltr'><strong>(is</strong></span> <span class='ocrx_word' id='word_1_26' title='bbox 756 419 867 474; x_wconf 82' lang='lat' dir='ltr'><strong>fuit</strong></span> <span class='ocrx_word' id='word_1_27' title='bbox 909 419 1177 498; x_wconf 71' lang='lat' dir='ltr'><strong>maritus)</strong></span> <span class='ocrx_word' id='word_1_28' title='bbox 1217 421 1570 493; x_wconf 78' lang='lat' dir='ltr'><strong>armigerum</strong></span> <span class='ocrx_word' id='word_1_29' title='bbox 1611 424 1732 478; x_wconf 85' lang='lat' dir='ltr'><strong>eius</strong></span> <span class='ocrx_word' id='word_1_30' title='bbox 1771 422 1974 481; x_wconf 62' lang='lat' dir='ltr'><strong>vello.-</strong></span> 
     </span>
    </p>
   </div>
   <div class='ocr_carea' id='block_1_7' title="bbox 125 504 1970 668">
    <p class='ocr_par' dir='ltr' id='par_1_7' title="bbox 125 504 1970 668">
     <span class='ocr_line' id='line_1_8' title="bbox 125 504 1590 581; baseline 0.001 -18"><span class='ocrx_word' id='word_1_31' title='bbox 125 519 317 570; x_wconf 80' lang='lat' dir='ltr'><strong>catum</strong></span> <span class='ocrx_word' id='word_1_32' title='bbox 358 506 423 561; x_wconf 90' lang='lat' dir='ltr'><strong>in</strong></span> <span class='ocrx_word' id='word_1_33' title='bbox 465 504 907 560; x_wconf 66' lang='lat' dir='ltr'>matrimonium</span> <span class='ocrx_word' id='word_1_34' title='bbox 955 524 1316 581; x_wconf 83' lang='lat' dir='ltr'>regnumque</span> <span class='ocrx_word' id='word_1_35' title='bbox 1353 506 1590 580; x_wconf 83' lang='lat' dir='ltr'><strong>accepit.</strong></span> 
     </span>
     <span class='ocr_line' id='line_1_9' title="bbox 917 590 1970 668; baseline 0.003 -24"><span class='ocrx_word' id='word_1_36' title='bbox 917 610 1022 663; x_wconf 87' lang='lat' dir='ltr'><strong>pro</strong></span> <span class='ocrx_word' id='word_1_37' title='bbox 1061 591 1271 646; x_wconf 76' lang='lat' dir='ltr'><strong>marito</strong></span> <span class='ocrx_word' id='word_1_38' title='bbox 1314 590 1505 646; x_wconf 82' lang='lat' dir='ltr'><strong>studia</strong></span> <span class='ocrx_word' id='word_1_39' title='bbox 1541 590 1817 660; x_wconf 67' lang='lat' dir='ltr'><strong>civitati.S‚</strong></span> <span class='ocrx_word' id='word_1_40' title='bbox 1861 613 1970 668; x_wconf 71' lang='lat' dir='ltr'><strong>pm,</strong></span> 
     </span>
    </p>
   </div>
   <div class='ocr_carea' id='block_1_8' title="bbox 123 590 829 662">
    <p class='ocr_par' dir='ltr' id='par_1_8' title="bbox 123 590 829 662">
     <span class='ocr_line' id='line_1_10' title="bbox 123 590 829 662; baseline -0.001 -15"><span class='ocrx_word' id='word_1_41' title='bbox 123 593 318 649; x_wconf 76' lang='lat' dir='ltr'><strong>statim</strong></span> <span class='ocrx_word' id='word_1_42' title='bbox 350 590 569 662; x_wconf 66' lang='lat' dir='ltr'><strong>flagitio</strong></span> <span class='ocrx_word' id='word_1_43' title='bbox 603 590 829 646; x_wconf 85' lang='lat' dir='ltr'><strong>domus.</strong></span> 
     </span>
    </p>
   </div>
   <div class='ocr_carea' id='block_1_9' title="bbox 122 673 1257 745">
    <p class='ocr_par' dir='ltr' id='par_1_9' title="bbox 122 673 1257 745">
     <span class='ocr_line' id='line_1_11' title="bbox 122 673 1257 745; baseline -0.004 -12"><span class='ocrx_word' id='word_1_44' title='bbox 122 678 386 733; x_wconf 78' lang='lat' dir='ltr'><strong>adultero</strong></span> <span class='ocrx_word' id='word_1_45' title='bbox 415 674 602 730; x_wconf 89' lang='lat' dir='ltr'><strong>libido</strong></span> <span class='ocrx_word' id='word_1_46' title='bbox 636 673 871 745; x_wconf 81' lang='lat' dir='ltr'><strong>reginae</strong></span> <span class='ocrx_word' id='word_1_47' title='bbox 911 685 965 730; x_wconf 85' lang='lat' dir='ltr'><strong>et</strong></span> <span class='ocrx_word' id='word_1_48' title='bbox 1001 675 1257 734; x_wconf 76' lang='lat' dir='ltr'><strong>saevitia.</strong></span> 
     </span>
    </p>
   </div>
   <div class='ocr_carea' id='block_1_10' title="bbox 1697 527 1974 575">
    <p class='ocr_par' dir='ltr' id='par_1_10' title="bbox 1697 527 1974 575">
     <span class='ocr_line' id='line_1_12' title="bbox 1697 527 1974 575; baseline 0.014 -13"><span class='ocrx_word' id='word_1_49' title='bbox 1697 527 1974 575; x_wconf 81' lang='lat' dir='ltr'><strong>concussa</strong></span> 
     </span>
    </p>
   </div>
   <div class='ocr_carea' id='block_1_11' title="bbox 1341 673 1970 748">
    <p class='ocr_par' dir='ltr' id='par_1_11' title="bbox 1341 673 1970 748">
     <span class='ocr_line' id='line_1_13' title="bbox 1341 673 1970 748; baseline 0.006 -18"><span class='ocrx_word' id='word_1_50' title='bbox 1341 674 1522 748; x_wconf 86' lang='lat' dir='ltr'><strong>igitur</strong></span> <span class='ocrx_word' id='word_1_51' title='bbox 1546 673 1836 731; x_wconf 73' lang='lat' dir='ltr'>Venutius</span> <span class='ocrx_word' id='word_1_52' title='bbox 1874 698 1970 734; x_wconf 79' lang='lat' dir='ltr'><strong>ac·-</strong></span> 
     </span>
    </p>
   </div>
   <div class='ocr_carea' id='block_1_12' title="bbox 122 757 1982 832">
    <p class='ocr_par' dir='ltr' id='par_1_12' title="bbox 122 757 1982 832">
     <span class='ocr_line' id='line_1_14' title="bbox 122 757 1982 832; baseline 0 -15"><span class='ocrx_word' id='word_1_53' title='bbox 122 762 252 818; x_wconf 72' lang='lat' dir='ltr'><strong>citis</strong></span> <span class='ocrx_word' id='word_1_54' title='bbox 276 760 506 817; x_wconf 77' lang='lat' dir='ltr'><strong>auxiliis</strong></span> <span class='ocrx_word' id='word_1_55' title='bbox 530 759 704 814; x_wconf 85' lang='lat' dir='ltr'><strong>simul</strong></span> <span class='ocrx_word' id='word_1_56' title='bbox 733 758 996 832; x_wconf 84' lang='lat' dir='ltr'><strong>ipsorum</strong></span> <span class='ocrx_word' id='word_1_57' title='bbox 1021 757 1370 832; x_wconf 82' lang='lat' dir='ltr'><strong>Brigantum</strong></span> <span class='ocrx_word' id='word_1_58' title='bbox 1407 758 1728 815; x_wconf 85' lang='lat' dir='ltr'><strong>defectione</strong></span> <span class='ocrx_word' id='word_1_59' title='bbox 1769 760 1831 814; x_wconf 89' lang='lat' dir='ltr'><strong>in</strong></span> <span class='ocrx_word' id='word_1_60' title='bbox 1869 782 1982 821; x_wconf 61' lang='lat' dir='ltr'><strong>ex,—r</strong></span> 
     </span>
    </p>
   </div>
   <div class='ocr_carea' id='block_1_13' title="bbox 121 840 1967 1006">
    <p class='ocr_par' dir='ltr' id='par_1_13' title="bbox 121 840 1967 1006">
     <span class='ocr_line' id='line_1_15' title="bbox 121 840 1584 902; baseline 0.001 -1"><span class='ocrx_word' id='word_1_61' title='bbox 121 859 375 902; x_wconf 85' lang='lat' dir='ltr'><strong>tremum</strong></span> <span class='ocrx_word' id='word_1_62' title='bbox 420 843 735 901; x_wconf 85' lang='lat' dir='ltr'><strong>discrimen</strong></span> <span class='ocrx_word' id='word_1_63' title='bbox 768 840 1278 900; x_wconf 79' lang='lat' dir='ltr'><strong>Cartismanduam</strong></span> <span class='ocrx_word' id='word_1_64' title='bbox 1323 844 1584 902; x_wconf 80' lang='lat' dir='ltr'><strong>adduxit.</strong></span> 
     </span>
     <span class='ocr_line' id='line_1_16' title="bbox 1057 923 1967 1006; baseline 0.002 -23"><span class='ocrx_word' id='word_1_65' title='bbox 1057 940 1114 984; x_wconf 88' lang='lat' dir='ltr'><strong>et</strong></span> <span class='ocrx_word' id='word_1_66' title='bbox 1154 923 1422 997; x_wconf 85' lang='lat' dir='ltr'><strong>cohortes</strong></span> <span class='ocrx_word' id='word_1_67' title='bbox 1457 929 1698 1003; x_wconf 75' lang='lat' dir='ltr'><strong>alaeque</strong></span> <span class='ocrx_word' id='word_1_68' title='bbox 1736 941 1967 1006; x_wconf 72' lang='lat' dir='ltr'><strong>nostrae</strong></span> 
     </span>
    </p>
   </div>
   <div class='ocr_carea' id='block_1_14' title="bbox 120 927 957 1005">
    <p class='ocr_par' dir='ltr' id='par_1_14' title="bbox 120 927 957 1005">
     <span class='ocr_line' id='line_1_17' title="bbox 120 927 957 1005; baseline -0.002 -17"><span class='ocrx_word' id='word_1_69' title='bbox 120 931 222 1005; x_wconf 51' lang='lat' dir='ltr'><strong>tite</strong></span> <span class='ocrx_word' id='word_1_70' title='bbox 264 951 296 986; x_wconf 83' lang='lat' dir='ltr'>a</span> <span class='ocrx_word' id='word_1_71' title='bbox 320 928 611 987; x_wconf 68' lang='lat' dir='ltr'><strong>Romanis</strong></span> <span class='ocrx_word' id='word_1_72' title='bbox 650 927 957 1001; x_wconf 76' lang='lat' dir='ltr'><strong>praesidia.</strong></span> 
     </span>
    </p>
   </div>
   <div class='ocr_carea' id='block_1_15' title="bbox 1691 855 1969 922">
    <p class='ocr_par' dir='ltr' id='par_1_15' title="bbox 1691 855 1969 922">
     <span class='ocr_line' id='line_1_18' title="bbox 1691 855 1969 922; baseline -0.011 -21"><span class='ocrx_word' id='word_1_73' title='bbox 1691 855 1818 901; x_wconf 83' lang='lat' dir='ltr'><strong>tum</strong></span> <span class='ocrx_word' id='word_1_74' title='bbox 1867 866 1969 922; x_wconf 79' lang='lat' dir='ltr'><strong>pe—</strong></span> 
     </span>
    </p>
   </div>
   <div class='ocr_carea' id='block_1_16' title="bbox 118 1013 1966 1168">
    <p class='ocr_par' dir='ltr' id='par_1_16' title="bbox 118 1013 1966 1168">
     <span class='ocr_line' id='line_1_19' title="bbox 118 1013 1966 1088; baseline 0 -18"><span class='ocrx_word' id='word_1_75' title='bbox 118 1015 294 1070; x_wconf 78' lang='lat' dir='ltr'><strong>variis</strong></span> <span class='ocrx_word' id='word_1_76' title='bbox 317 1014 555 1088; x_wconf 87' lang='lat' dir='ltr'><strong>proeliis</strong></span> <span class='ocrx_word' id='word_1_77' title='bbox 583 1032 839 1068; x_wconf 84' lang='lat' dir='ltr'><strong>exemere</strong></span> <span class='ocrx_word' id='word_1_78' title='bbox 870 1024 1065 1068; x_wconf 77' lang='lat' dir='ltr'><strong>tamen</strong></span> <span class='ocrx_word' id='word_1_79' title='bbox 1091 1013 1352 1087; x_wconf 86' lang='lat' dir='ltr'><strong>periculo</strong></span> <span class='ocrx_word' id='word_1_80' title='bbox 1379 1013 1660 1088; x_wconf 69' lang='lat' dir='ltr'><strong>reginam.</strong></span> <span class='ocrx_word' id='word_1_81' title='bbox 1719 1031 1966 1086; x_wconf 85' lang='lat' dir='ltr'><strong>regnum</strong></span> 
     </span>
     <span class='ocr_line' id='line_1_20' title="bbox 119 1097 1189 1168; baseline -0.003 -14"><span class='ocrx_word' id='word_1_82' title='bbox 119 1098 411 1168; x_wconf 83' lang='lat' dir='ltr'><strong>Venutio,</strong></span> <span class='ocrx_word' id='word_1_83' title='bbox 452 1099 676 1155; x_wconf 87' lang='lat' dir='ltr'><strong>bellum</strong></span> <span class='ocrx_word' id='word_1_84' title='bbox 707 1097 878 1152; x_wconf 86' lang='lat' dir='ltr'><strong>nobis</strong></span> <span class='ocrx_word' id='word_1_85' title='bbox 903 1098 1189 1157; x_wconf 84' lang='lat' dir='ltr'><strong>relictum.</strong></span> 
     </span>
    </p>
   </div>
   <div class='ocr_carea' id='block_1_17' title="bbox 118 1227 1968 1486">
    <p class='ocr_par' dir='ltr' id='par_1_17' title="bbox 118 1227 1968 1486">
     <span class='ocr_line' id='line_1_21' title="bbox 287 1227 1968 1316; baseline -0.002 -18"><span class='ocrx_word' id='word_1_86' title='bbox 287 1238 502 1299; x_wconf 82' lang='lat' dir='ltr'><strong>XLVI.</strong></span> <span class='ocrx_word' id='word_1_87' title='bbox 588 1238 853 1296; x_wconf 77' lang='lat' dir='ltr'><strong>Turbata</strong></span> <span class='ocrx_word' id='word_1_88' title='bbox 900 1260 1004 1314; x_wconf 83' lang='lat' dir='ltr'><strong>per</strong></span> <span class='ocrx_word' id='word_1_89' title='bbox 1050 1241 1283 1294; x_wconf 87' lang='lat' dir='ltr'><strong>eosdem</strong></span> <span class='ocrx_word' id='word_1_90' title='bbox 1334 1227 1458 1295; x_wconf 85' lang='lat' dir='ltr'><strong>dies</strong></span> <span class='ocrx_word' id='word_1_91' title='bbox 1504 1236 1857 1308; x_wconf 79' lang='lat' dir='ltr'><strong>Germania,</strong></span> <span class='ocrx_word' id='word_1_92' title='bbox 1913 1249 1968 1316; x_wconf 87' lang='lat' dir='ltr'><strong>et</strong></span> 
     </span>
     <span class='ocr_line' id='line_1_22' title="bbox 119 1323 1968 1399; baseline -0.003 -15"><span class='ocrx_word' id='word_1_93' title='bbox 119 1326 382 1384; x_wconf 78' lang='lat' dir='ltr'><strong>socordia</strong></span> <span class='ocrx_word' id='word_1_94' title='bbox 413 1327 663 1393; x_wconf 84' lang='lat' dir='ltr'><strong>ducum,</strong></span> <span class='ocrx_word' id='word_1_95' title='bbox 707 1324 991 1380; x_wconf 85' lang='lat' dir='ltr'><strong>seditione</strong></span> <span class='ocrx_word' id='word_1_96' title='bbox 1021 1323 1351 1397; x_wconf 86' lang='lat' dir='ltr'><strong>legionum,</strong></span> <span class='ocrx_word' id='word_1_97' title='bbox 1396 1334 1628 1379; x_wconf 84' lang='lat' dir='ltr'><strong>externa</strong></span> <span class='ocrx_word' id='word_1_98' title='bbox 1650 1324 1710 1379; x_wconf 88' lang='lat' dir='ltr'><strong>vi</strong></span> <span class='ocrx_word' id='word_1_99' title='bbox 1747 1335 1801 1382; x_wconf 85' lang='lat' dir='ltr'><strong>et</strong></span> <span class='ocrx_word' id='word_1_100' title='bbox 1833 1340 1968 1399; x_wconf 62' lang='lat' dir='ltr'><strong>per÷</strong></span> 
     </span>
     <span class='ocr_line' id='line_1_23' title="bbox 118 1400 1966 1486; baseline -0.002 -18"><span class='ocrx_word' id='word_1_101' title='bbox 118 1412 253 1469; x_wconf 76' lang='lat' dir='ltr'><strong>fidia</strong></span> <span class='ocrx_word' id='word_1_102' title='bbox 282 1411 480 1468; x_wconf 76' lang='lat' dir='ltr'><strong>sociali</strong></span> <span class='ocrx_word' id='word_1_103' title='bbox 510 1430 690 1486; x_wconf 86' lang='lat' dir='ltr'><strong>prope</strong></span> <span class='ocrx_word' id='word_1_104' title='bbox 720 1409 950 1466; x_wconf 81' lang='lat' dir='ltr'><strong>adflicta</strong></span> <span class='ocrx_word' id='word_1_105' title='bbox 977 1406 1245 1466; x_wconf 78' lang='lat' dir='ltr'><strong>Romana</strong></span> <span class='ocrx_word' id='word_1_106' title='bbox 1281 1427 1390 1467; x_wconf 82' lang='lat' dir='ltr'><strong>reS.</strong></span> <span class='ocrx_word' id='word_1_107' title='bbox 1478 1408 1538 1463; x_wconf 91' lang='lat' dir='ltr'><strong>id</strong></span> <span class='ocrx_word' id='word_1_108' title='bbox 1574 1400 1797 1465; x_wconf 79' lang='lat' dir='ltr'><strong>bellum</strong></span> <span class='ocrx_word' id='word_1_109' title='bbox 1834 1420 1966 1465; x_wconf 79' lang='lat' dir='ltr'><strong>cuni</strong></span> 
     </span>
    </p>
   </div>
   <div class='ocr_carea' id='block_1_18' title="bbox 109 1669 1006 2758">
    <p class='ocr_par' dir='ltr' id='par_1_18' title="bbox 109 1669 1006 2758">
     <span class='ocr_line' id='line_1_24' title="bbox 117 1669 1002 1715; baseline 0 -2"><span class='ocrx_word' id='word_1_110' title='bbox 117 1686 216 1713; x_wconf 85' lang='lat' dir='ltr'><strong>mae</strong></span> <span class='ocrx_word' id='word_1_111' title='bbox 277 1678 462 1714; x_wconf 83' lang='lat' dir='ltr'><strong>testatur</strong></span> <span class='ocrx_word' id='word_1_112' title='bbox 523 1670 767 1715; x_wconf 84' lang='lat' dir='ltr'><strong>Suetonius</strong></span> <span class='ocrx_word' id='word_1_113' title='bbox 843 1669 1002 1714; x_wconf 84' lang='lat' dir='ltr'><strong>Claud.</strong></span> 
     </span>
     <span class='ocr_line' id='line_1_25' title="bbox 116 1727 1006 1786; baseline -0.001 -15"><span class='ocrx_word' id='word_1_114' title='bbox 116 1744 159 1771; x_wconf 86' lang='lat' dir='ltr'><strong>c.</strong></span> <span class='ocrx_word' id='word_1_115' title='bbox 180 1729 251 1772; x_wconf 90' lang='grc'><strong>17.</strong></span> <span class='ocrx_word' id='word_1_116' title='bbox 309 1729 395 1773; x_wconf 89' lang='lat' dir='ltr'><strong>Sed</strong></span> <span class='ocrx_word' id='word_1_117' title='bbox 423 1728 459 1770; x_wconf 88' lang='lat' dir='ltr'><strong>is</strong></span> <span class='ocrx_word' id='word_1_118' title='bbox 481 1727 734 1786; x_wconf 83' lang='lat' dir='ltr'><strong>triumphus</strong></span> <span class='ocrx_word' id='word_1_119' title='bbox 760 1730 920 1770; x_wconf 85' lang='lat' dir='ltr'><strong>ductus</strong></span> <span class='ocrx_word' id='word_1_120' title='bbox 943 1736 1006 1771; x_wconf 89' lang='lat' dir='ltr'><strong>est</strong></span> 
     </span>
     <span class='ocr_line' id='line_1_26' title="bbox 115 1784 1004 1843; baseline -0.001 -15"><span class='ocrx_word' id='word_1_121' title='bbox 115 1785 224 1829; x_wconf 87' lang='lat' dir='ltr'><strong>Caio</strong></span> <span class='ocrx_word' id='word_1_122' title='bbox 249 1784 410 1843; x_wconf 88' lang='lat' dir='ltr'><strong>Crispo</strong></span> <span class='ocrx_word' id='word_1_123' title='bbox 441 1793 482 1828; x_wconf 82' lang='lat' dir='ltr'><strong>et</strong></span> <span class='ocrx_word' id='word_1_124' title='bbox 501 1785 604 1828; x_wconf 76' lang='lat' dir='ltr'><strong>Tito</strong></span> <span class='ocrx_word' id='word_1_125' title='bbox 635 1785 807 1828; x_wconf 80' lang='lat' dir='ltr'><strong>Statilio</strong></span> <span class='ocrx_word' id='word_1_126' title='bbox 843 1801 1004 1827; x_wconf 91' lang='lat' dir='ltr'><strong>consu-</strong></span> 
     </span>
     <span class='ocr_line' id='line_1_27' title="bbox 118 1842 1005 1898; baseline 0.001 -13"><span class='ocrx_word' id='word_1_127' title='bbox 118 1844 232 1887; x_wconf 83' lang='lat' dir='ltr'><strong>libus</strong></span> <span class='ocrx_word' id='word_1_128' title='bbox 261 1843 353 1897; x_wconf 85' lang='lat' dir='ltr'><strong>(an.</strong></span> <span class='ocrx_word' id='word_1_129' title='bbox 377 1859 422 1886; x_wconf 94' lang='lat' dir='ltr'><strong>u.</strong></span> <span class='ocrx_word' id='word_1_130' title='bbox 446 1842 586 1898; x_wconf 90' lang='grc'>797.).</span> <span class='ocrx_word' id='word_1_131' title='bbox 647 1842 706 1886; x_wconf 84' lang='lat' dir='ltr'><strong>cf.</strong></span> <span class='ocrx_word' id='word_1_132' title='bbox 733 1842 821 1885; x_wconf 83' lang='lat' dir='ltr'><strong>Dio</strong></span> <span class='ocrx_word' id='word_1_133' title='bbox 842 1843 913 1890; x_wconf 87' lang='lat'><strong>60,</strong></span> <span class='ocrx_word' id='word_1_134' title='bbox 934 1842 1005 1886; x_wconf 76' lang='grc'><strong>23.</strong></span> 
     </span>
     <span class='ocr_line' id='line_1_28' title="bbox 116 1899 1006 1958; baseline -0.001 -15"><span class='ocrx_word' id='word_1_135' title='bbox 116 1901 382 1944; x_wconf 86' lang='lat' dir='ltr'><strong>Caractacus</strong></span> <span class='ocrx_word' id='word_1_136' title='bbox 403 1909 548 1942; x_wconf 83' lang='lat' dir='ltr'><strong>autem</strong></span> <span class='ocrx_word' id='word_1_137' title='bbox 571 1899 740 1956; x_wconf 79' lang='lat' dir='ltr'><strong>aliquot</strong></span> <span class='ocrx_word' id='word_1_138' title='bbox 756 1900 884 1942; x_wconf 88' lang='lat' dir='ltr'><strong>annis</strong></span> <span class='ocrx_word' id='word_1_139' title='bbox 905 1908 1006 1958; x_wconf 89' lang='lat' dir='ltr'><strong>post</strong></span> 
     </span>
     <span class='ocr_line' id='line_1_29' title="bbox 113 1957 1004 2014; baseline -0.001 -14"><span class='ocrx_word' id='word_1_140' title='bbox 113 1958 240 2000; x_wconf 84' lang='lat' dir='ltr'><strong>illum</strong></span> <span class='ocrx_word' id='word_1_141' title='bbox 283 1957 562 2014; x_wconf 85' lang='lat' dir='ltr'><strong>triumphum</strong></span> <span class='ocrx_word' id='word_1_142' title='bbox 601 1966 754 2014; x_wconf 82' lang='lat' dir='ltr'><strong>captus</strong></span> <span class='ocrx_word' id='word_1_143' title='bbox 789 1964 864 2000; x_wconf 85' lang='lat' dir='ltr'><strong>est.</strong></span> <span class='ocrx_word' id='word_1_144' title='bbox 944 1957 1004 2000; x_wconf 87' lang='lat' dir='ltr'><strong>cf.</strong></span> 
     </span>
     <span class='ocr_line' id='line_1_30' title="bbox 115 2013 1003 2070; baseline -0.002 -12"><span class='ocrx_word' id='word_1_145' title='bbox 115 2016 206 2059; x_wconf 86' lang='lat' dir='ltr'><strong>An.</strong></span> <span class='ocrx_word' id='word_1_146' title='bbox 234 2013 384 2064; x_wconf 63' lang='lat'><strong>1236.</strong></span> <span class='ocrx_word' id='word_1_147' title='bbox 446 2014 691 2069; x_wconf 79' lang='lat' dir='ltr'><strong>Quaeritur</strong></span> <span class='ocrx_word' id='word_1_148' title='bbox 712 2030 845 2070; x_wconf 78' lang='lat' dir='ltr'><strong>ergo,</strong></span> <span class='ocrx_word' id='word_1_149' title='bbox 873 2013 1003 2057; x_wconf 88' lang='lat' dir='ltr'><strong>Taci-</strong></span> 
     </span>
     <span class='ocr_line' id='line_1_31' title="bbox 114 2070 1001 2127; baseline -0.001 -13"><span class='ocrx_word' id='word_1_150' title='bbox 114 2080 210 2114; x_wconf 86' lang='lat' dir='ltr'><strong>tum</strong></span> <span class='ocrx_word' id='word_1_151' title='bbox 249 2072 464 2114; x_wconf 85' lang='lat' dir='ltr'><strong>memoria</strong></span> <span class='ocrx_word' id='word_1_152' title='bbox 496 2070 709 2114; x_wconf 81' lang='lat' dir='ltr'><strong>fefellerit</strong></span> <span class='ocrx_word' id='word_1_153' title='bbox 743 2088 798 2113; x_wconf 88' lang='lat' dir='ltr'><strong>an</strong></span> <span class='ocrx_word' id='word_1_154' title='bbox 835 2071 1001 2127; x_wconf 54' lang='lat' dir='ltr'><strong>trium7</strong></span> 
     </span>
     <span class='ocr_line' id='line_1_32' title="bbox 114 2127 1001 2187; baseline -0.002 -16"><span class='ocrx_word' id='word_1_155' title='bbox 114 2129 248 2187; x_wconf 81' lang='lat' dir='ltr'><strong>pbum</strong></span> <span class='ocrx_word' id='word_1_156' title='bbox 275 2129 362 2171; x_wconf 90' lang='lat' dir='ltr'><strong>hoc</strong></span> <span class='ocrx_word' id='word_1_157' title='bbox 393 2129 494 2171; x_wconf 87' lang='lat' dir='ltr'><strong>loco</strong></span> <span class='ocrx_word' id='word_1_158' title='bbox 531 2127 646 2171; x_wconf 87' lang='lat' dir='ltr'><strong>dicat</strong></span> <span class='ocrx_word' id='word_1_159' title='bbox 675 2127 831 2171; x_wconf 86' lang='lat' dir='ltr'><strong>latiore</strong></span> <span class='ocrx_word' id='word_1_160' title='bbox 867 2127 1001 2186; x_wconf 80' lang='lat' dir='ltr'><strong>signi-</strong></span> 
     </span>
     <span class='ocr_line' id='line_1_33' title="bbox 113 2184 1000 2242; baseline -0.001 -13"><span class='ocrx_word' id='word_1_161' title='bbox 113 2187 242 2229; x_wconf 85' lang='lat' dir='ltr'><strong>ficatu</strong></span> <span class='ocrx_word' id='word_1_162' title='bbox 276 2195 319 2227; x_wconf 87' lang='lat' dir='ltr'><strong>et</strong></span> <span class='ocrx_word' id='word_1_163' title='bbox 349 2184 526 2228; x_wconf 79' lang='lat' dir='ltr'><strong>decoris</strong></span> <span class='ocrx_word' id='word_1_164' title='bbox 561 2201 708 2228; x_wconf 82' lang='lat' dir='ltr'><strong>causa.</strong></span> <span class='ocrx_word' id='word_1_165' title='bbox 785 2184 846 2227; x_wconf 88' lang='lat' dir='ltr'><strong>cf.</strong></span> <span class='ocrx_word' id='word_1_166' title='bbox 881 2186 1000 2242; x_wconf 88' lang='lat' dir='ltr'><strong>Lips.</strong></span> 
     </span>
     <span class='ocr_line' id='line_1_34' title="bbox 113 2241 1001 2300; baseline -0.002 -14"><span class='ocrx_word' id='word_1_167' title='bbox 113 2243 167 2286; x_wconf 90' lang='lat' dir='ltr'><strong>ad</strong></span> <span class='ocrx_word' id='word_1_168' title='bbox 202 2245 292 2287; x_wconf 86' lang='lat' dir='ltr'><strong>An.</strong></span> <span class='ocrx_word' id='word_1_169' title='bbox 334 2244 401 2290; x_wconf 73' lang='lat'><strong>12,</strong></span> <span class='ocrx_word' id='word_1_170' title='bbox 423 2241 495 2285; x_wconf 78' lang='lat'><strong>36.</strong></span> <span class='ocrx_word' id='word_1_171' title='bbox 577 2243 635 2284; x_wconf 82' lang='lat' dir='ltr'><strong>At</strong></span> <span class='ocrx_word' id='word_1_172' title='bbox 664 2242 699 2284; x_wconf 88' lang='lat' dir='ltr'><strong>si</strong></span> <span class='ocrx_word' id='word_1_173' title='bbox 735 2242 843 2300; x_wconf 81' lang='lat' dir='ltr'><strong>quid</strong></span> <span class='ocrx_word' id='word_1_174' title='bbox 875 2250 1001 2284; x_wconf 83' lang='lat' dir='ltr'><strong>recte</strong></span> 
     </span>
     <span class='ocr_line' id='line_1_35' title="bbox 112 2298 999 2351; baseline -0.002 -9"><span class='ocrx_word' id='word_1_175' title='bbox 112 2301 266 2351; x_wconf 85' lang='lat' dir='ltr'><strong>video,</strong></span> <span class='ocrx_word' id='word_1_176' title='bbox 312 2298 649 2343; x_wconf 86' lang='lat' dir='ltr'><strong>Cartismandua</strong></span> <span class='ocrx_word' id='word_1_177' title='bbox 686 2315 738 2341; x_wconf 91' lang='lat' dir='ltr'><strong>eo</strong></span> <span class='ocrx_word' id='word_1_178' title='bbox 771 2315 901 2342; x_wconf 86' lang='lat' dir='ltr'><strong>sensu</strong></span> <span class='ocrx_word' id='word_1_179' title='bbox 937 2299 999 2343; x_wconf 87' lang='lat' dir='ltr'><strong>vi-</strong></span> 
     </span>
     <span class='ocr_line' id='line_1_36' title="bbox 113 2355 998 2414; baseline -0.001 -15"><span class='ocrx_word' id='word_1_180' title='bbox 113 2357 301 2401; x_wconf 76' lang='lat' dir='ltr'><strong>debatur</strong></span> <span class='ocrx_word' id='word_1_181' title='bbox 325 2357 602 2414; x_wconf 83' lang='lat' dir='ltr'><strong>triumphum</strong></span> <span class='ocrx_word' id='word_1_182' title='bbox 626 2355 798 2400; x_wconf 81' lang='lat' dir='ltr'><strong>Claudii</strong></span> <span class='ocrx_word' id='word_1_183' title='bbox 829 2357 998 2398; x_wconf 87' lang='lat' dir='ltr'><strong>instru-</strong></span> 
     </span>
     <span class='ocr_line' id='line_1_37' title="bbox 114 2413 997 2472; baseline 0 -17"><span class='ocrx_word' id='word_1_184' title='bbox 114 2415 246 2464; x_wconf 85' lang='lat' dir='ltr'><strong>xisse,</strong></span> <span class='ocrx_word' id='word_1_185' title='bbox 275 2424 325 2458; x_wconf 88' lang='lat' dir='ltr'><strong>ut</strong></span> <span class='ocrx_word' id='word_1_186' title='bbox 348 2414 534 2472; x_wconf 76' lang='lat' dir='ltr'><strong>gloriam</strong></span> <span class='ocrx_word' id='word_1_187' title='bbox 557 2422 601 2455; x_wconf 81' lang='lat' dir='ltr'><strong>et</strong></span> <span class='ocrx_word' id='word_1_188' title='bbox 626 2413 762 2455; x_wconf 87' lang='lat' dir='ltr'><strong>decus</strong></span> <span class='ocrx_word' id='word_1_189' title='bbox 780 2413 997 2471; x_wconf 81' lang='lat' dir='ltr'><strong>triumphi</strong></span> 
     </span>
     <span class='ocr_line' id='line_1_38' title="bbox 112 2470 996 2526; baseline -0.002 -12"><span class='ocrx_word' id='word_1_190' title='bbox 112 2472 285 2526; x_wconf 77' lang='lat' dir='ltr'><strong>pridem</strong></span> <span class='ocrx_word' id='word_1_191' title='bbox 323 2471 406 2514; x_wconf 84' lang='lat' dir='ltr'><strong>acti</strong></span> <span class='ocrx_word' id='word_1_192' title='bbox 439 2470 603 2513; x_wconf 82' lang='lat' dir='ltr'><strong>tradito</strong></span> <span class='ocrx_word' id='word_1_193' title='bbox 640 2470 881 2513; x_wconf 82' lang='lat' dir='ltr'><strong>Caractaco</strong></span> <span class='ocrx_word' id='word_1_194' title='bbox 914 2487 996 2513; x_wconf 88' lang='lat' dir='ltr'><strong>au-</strong></span> 
     </span>
     <span class='ocr_line' id='line_1_39' title="bbox 112 2526 996 2585; baseline -0.002 -15"><span class='ocrx_word' id='word_1_195' title='bbox 112 2537 234 2585; x_wconf 84' lang='lat' dir='ltr'><strong>geret</strong></span> <span class='ocrx_word' id='word_1_196' title='bbox 264 2529 534 2585; x_wconf 81' lang='lat' dir='ltr'><strong>alteramque</strong></span> <span class='ocrx_word' id='word_1_197' title='bbox 565 2536 734 2585; x_wconf 85' lang='lat' dir='ltr'><strong>partem</strong></span> <span class='ocrx_word' id='word_1_198' title='bbox 767 2526 996 2584; x_wconf 85' lang='lat' dir='ltr'><strong>triumpho</strong></span> 
     </span>
     <span class='ocr_line' id='line_1_40' title="bbox 112 2583 997 2642; baseline -0.003 -15"><span class='ocrx_word' id='word_1_199' title='bbox 112 2586 311 2641; x_wconf 78' lang='lat' dir='ltr'><strong>adderet.</strong></span> <span class='ocrx_word' id='word_1_200' title='bbox 389 2585 499 2627; x_wconf 86' lang='lat' dir='ltr'><strong>Nam</strong></span> <span class='ocrx_word' id='word_1_201' title='bbox 538 2583 833 2642; x_wconf 83' lang='lat' dir='ltr'><strong>appendicula</strong></span> <span class='ocrx_word' id='word_1_202' title='bbox 867 2601 997 2642; x_wconf 74' lang='lat' dir='ltr'><strong>quae-</strong></span> 
     </span>
     <span class='ocr_line' id='line_1_41' title="bbox 110 2639 999 2701; baseline -0.002 -17"><span class='ocrx_word' id='word_1_203' title='bbox 110 2642 212 2685; x_wconf 86' lang='lat' dir='ltr'><strong>dam</strong></span> <span class='ocrx_word' id='word_1_204' title='bbox 234 2642 443 2701; x_wconf 83' lang='lat' dir='ltr'><strong>triumphi</strong></span> <span class='ocrx_word' id='word_1_205' title='bbox 469 2641 702 2686; x_wconf 80' lang='lat' dir='ltr'><strong>Claudiani</strong></span> <span class='ocrx_word' id='word_1_206' title='bbox 727 2639 811 2684; x_wconf 82' lang='lat' dir='ltr'><strong>fuit</strong></span> <span class='ocrx_word' id='word_1_207' title='bbox 834 2657 999 2698; x_wconf 86' lang='lat' dir='ltr'><strong>pompa</strong></span> 
     </span>
     <span class='ocr_line' id='line_1_42' title="bbox 109 2692 966 2758; baseline -0.002 -16"><span class='ocrx_word' id='word_1_208' title='bbox 109 2699 208 2750; x_wconf 86' lang='lat' dir='ltr'><strong>illa,</strong></span> <span class='ocrx_word' id='word_1_209' title='bbox 237 2699 283 2743; x_wconf 91' lang='lat' dir='ltr'><strong>in</strong></span> <span class='ocrx_word' id='word_1_210' title='bbox 307 2716 398 2758; x_wconf 91' lang='lat' dir='ltr'><strong>quo</strong></span> <span class='ocrx_word' id='word_1_211' title='bbox 418 2692 682 2742; x_wconf 80' lang='lat' dir='ltr'><strong>Ca&#39;raetacus</strong></span> <span class='ocrx_word' id='word_1_212' title='bbox 705 2697 966 2741; x_wconf 82' lang='lat' dir='ltr'><strong>ducebatur.</strong></span> 
     </span>
    </p>
   </div>
   <div class='ocr_carea' id='block_1_19' title="bbox 691 2768 994 2824">
    <p class='ocr_par' dir='ltr' id='par_1_19' title="bbox 691 2768 994 2824">
     <span class='ocr_line' id='line_1_43' title="bbox 691 2768 994 2824; baseline 0 0"><span class='ocrx_word' id='word_1_213' title='bbox 691 2781 793 2824; x_wconf 87' lang='lat' dir='ltr'><strong>MS.</strong></span> <span class='ocrx_word' id='word_1_214' title='bbox 820 2768 994 2824; x_wconf 68' lang='lat' dir='ltr'><strong>&#39;Guelf.</strong></span> 
     </span>
    </p>
   </div>
   <div class='ocr_carea' id='block_1_20' title="bbox 167 2783 998 2895">
    <p class='ocr_par' dir='ltr' id='par_1_20' title="bbox 167 2783 998 2895">
     <span class='ocr_line' id='line_1_44' title="bbox 167 2783 935 2848; baseline -0.005 -23"><span class='ocrx_word' id='word_1_215' title='bbox 167 2791 321 2838; x_wconf 78' lang='lat' dir='ltr'><strong>spreto</strong></span> <span class='ocrx_word' id='word_1_216' title='bbox 372 2783 420 2823; x_wconf 93' lang='lat' dir='ltr'><em>V</em></span> <span class='ocrx_word' id='word_1_217' title='bbox 416 2783 589 2824; x_wconf 83' lang='lat' dir='ltr'><strong>enutio.</strong></span> <span class='ocrx_word' id='word_1_218' title='bbox 678 2838 689 2848; x_wconf 34' lang='lat'>²</span> <span class='ocrx_word' id='word_1_219' title='bbox 926 2838 935 2848; x_wconf 50' lang='grc'><em>·</em></span> 
     </span>
     <span class='ocr_line' id='line_1_45' title="bbox 676 2854 998 2895; baseline 0.003 -14"><span class='ocrx_word' id='word_1_220' title='bbox 676 2854 724 2881; x_wconf 87' lang='lat' dir='ltr'><strong>m</strong></span> <span class='ocrx_word' id='word_1_221' title='bbox 798 2854 998 2895; x_wconf 83' lang='lat' dir='ltr'><strong>margine</strong></span> 
     </span>
    </p>
   </div>
   <div class='ocr_carea' id='block_1_21' title="bbox 110 2839 605 2952">
    <p class='ocr_par' dir='ltr' id='par_1_21' title="bbox 110 2839 605 2952">
     <span class='ocr_line' id='line_1_46' title="bbox 110 2839 605 2896; baseline -0.008 -13"><span class='ocrx_word' id='word_1_222' title='bbox 110 2847 296 2896; x_wconf 82' lang='lat' dir='ltr'><strong>sumpto</strong></span> <span class='ocrx_word' id='word_1_223' title='bbox 359 2839 569 2883; x_wconf 70' lang='lat' dir='ltr'><strong>Venusia</strong></span> <span class='ocrx_word' id='word_1_224' title='bbox 591 2872 605 2891; x_wconf 92' lang='lat'><strong><em>,</em></strong></span> 
     </span>
     <span class='ocr_line' id='line_1_47' title="bbox 111 2905 285 2952; baseline 0.006 -13"><span class='ocrx_word' id='word_1_225' title='bbox 111 2905 285 2952; x_wconf 78' lang='lat' dir='ltr'><strong>spreto,</strong></span> 
     </span>
    </p>
   </div>
   <div class='ocr_carea' id='block_1_22' title="bbox 113 2963 999 3195">
    <p class='ocr_par' dir='ltr' id='par_1_22' title="bbox 113 2963 999 3195">
     <span class='ocr_line' id='line_1_48' title="bbox 171 2963 999 3010; baseline -0.001 -2"><span class='ocrx_word' id='word_1_226' title='bbox 171 2967 479 3010; x_wconf 81' lang='lat' dir='ltr'><strong>Vellocatum.</strong></span> <span class='ocrx_word' id='word_1_227' title='bbox 566 2965 642 3009; x_wconf 89' lang='lat' dir='ltr'><strong>Sic</strong></span> <span class='ocrx_word' id='word_1_228' title='bbox 682 2965 786 3008; x_wconf 85' lang='lat' dir='ltr'><strong>edd.</strong></span> <span class='ocrx_word' id='word_1_229' title='bbox 821 2963 999 3008; x_wconf 81' lang='lat' dir='ltr'><strong>Puteol.</strong></span> 
     </span>
     <span class='ocr_line' id='line_1_49' title="bbox 113 3021 999 3081; baseline -0.002 -14"><span class='ocrx_word' id='word_1_230' title='bbox 113 3040 207 3081; x_wconf 76' lang='lat' dir='ltr'><strong>sqq.</strong></span> <span class='ocrx_word' id='word_1_231' title='bbox 234 3040 337 3068; x_wconf 85' lang='lat' dir='ltr'><strong>cum</strong></span> <span class='ocrx_word' id='word_1_232' title='bbox 361 3024 537 3066; x_wconf 77' lang='lat' dir='ltr'><strong>silentio</strong></span> <span class='ocrx_word' id='word_1_233' title='bbox 563 3021 770 3067; x_wconf 84' lang='lat' dir='ltr'><strong>Victorii.</strong></span> <span class='ocrx_word' id='word_1_234' title='bbox 796 3046 859 3061; x_wconf 63' lang='lat'><strong>—.</strong></span> <span class='ocrx_word' id='word_1_235' title='bbox 899 3022 999 3065; x_wconf 87' lang='lat' dir='ltr'><strong>Ve-</strong></span> 
     </span>
     <span class='ocr_line' id='line_1_50' title="bbox 115 3079 997 3124; baseline -0.002 -1"><span class='ocrx_word' id='word_1_236' title='bbox 115 3084 316 3124; x_wconf 81' lang='lat' dir='ltr'><strong>locatum</strong></span> <span class='ocrx_word' id='word_1_237' title='bbox 340 3081 475 3124; x_wconf 89' lang='lat' dir='ltr'><strong>MSS.</strong></span> <span class='ocrx_word' id='word_1_238' title='bbox 493 3079 644 3123; x_wconf 82' lang='lat' dir='ltr'><strong>Guelf.</strong></span> <span class='ocrx_word' id='word_1_239' title='bbox 669 3080 749 3122; x_wconf 88' lang='lat' dir='ltr'><strong>les.</strong></span> <span class='ocrx_word' id='word_1_240' title='bbox 767 3104 825 3112; x_wconf 91' lang='lat'><strong>—</strong></span> <span class='ocrx_word' id='word_1_241' title='bbox 862 3088 905 3122; x_wconf 78' lang='lat' dir='ltr'><strong>et</strong></span> <span class='ocrx_word' id='word_1_242' title='bbox 927 3083 997 3121; x_wconf 83' lang='lat' dir='ltr'><strong>lo-</strong></span> 
     </span>
     <span class='ocr_line' id='line_1_51' title="bbox 113 3136 766 3195; baseline 0 -15"><span class='ocrx_word' id='word_1_243' title='bbox 113 3146 272 3187; x_wconf 73' lang='lat' dir='ltr'><strong>catum</strong></span> <span class='ocrx_word' id='word_1_244' title='bbox 295 3139 395 3182; x_wconf 90' lang='lat' dir='ltr'><strong>MS.</strong></span> <span class='ocrx_word' id='word_1_245' title='bbox 420 3139 528 3195; x_wconf 80' lang='lat' dir='ltr'><strong>Reg.</strong></span> <span class='ocrx_word' id='word_1_246' title='bbox 555 3138 624 3180; x_wconf 85' lang='lat' dir='ltr'><strong>ed.</strong></span> <span class='ocrx_word' id='word_1_247' title='bbox 647 3136 766 3194; x_wconf 89' lang='lat' dir='ltr'><strong>Spir.</strong></span> 
     </span>
    </p>
   </div>
   <div class='ocr_carea' id='block_1_23' title="bbox 113 3206 996 3308">
    <p class='ocr_par' dir='ltr' id='par_1_23' title="bbox 113 3206 996 3308">
     <span class='ocr_line' id='line_1_52' title="bbox 169 3206 996 3251; baseline 0.001 -3"><span class='ocrx_word' id='word_1_248' title='bbox 169 3209 537 3251; x_wconf 75' lang='lat' dir='ltr'><strong>matrimonium.</strong></span> <span class='ocrx_word' id='word_1_249' title='bbox 584 3207 682 3251; x_wconf 91' lang='lat' dir='ltr'><strong>MS.</strong></span> <span class='ocrx_word' id='word_1_250' title='bbox 695 3206 847 3250; x_wconf 87' lang='lat' dir='ltr'><strong>Guelf.</strong></span> <span class='ocrx_word' id='word_1_251' title='bbox 865 3222 996 3249; x_wconf 86' lang='lat' dir='ltr'><strong>man-</strong></span> 
     </span>
     <span class='ocr_line' id='line_1_53' title="bbox 113 3266 401 3308; baseline 0.007 -3"><span class='ocrx_word' id='word_1_252' title='bbox 113 3266 401 3308; x_wconf 81' lang='lat' dir='ltr'><strong>trimom&#39;um.</strong></span> 
     </span>
    </p>
   </div>
   <div class='ocr_carea' id='block_1_24' title="bbox 113 3338 999 3575">
    <p class='ocr_par' dir='ltr' id='par_1_24' title="bbox 113 3338 999 3575">
     <span class='ocr_line' id='line_1_54' title="bbox 166 3338 999 3398; baseline 0 -15"><span class='ocrx_word' id='word_1_253' title='bbox 166 3356 258 3394; x_wconf 75' lang='lat' dir='ltr'><strong>pro</strong></span> <span class='ocrx_word' id='word_1_254' title='bbox 313 3343 540 3383; x_wconf 71' lang='lat' dir='ltr'><strong>adultero.</strong></span> <span class='ocrx_word' id='word_1_255' title='bbox 630 3339 714 3383; x_wconf 85' lang='lat' dir='ltr'><strong>Ed.</strong></span> <span class='ocrx_word' id='word_1_256' title='bbox 755 3338 871 3398; x_wconf 86' lang='lat' dir='ltr'><strong>Spir.</strong></span> <span class='ocrx_word' id='word_1_257' title='bbox 908 3354 999 3394; x_wconf 73' lang='lat' dir='ltr'><strong>pra</strong></span> 
     </span>
     <span class='ocr_line' id='line_1_55' title="bbox 113 3398 994 3452; baseline -0.003 -10"><span class='ocrx_word' id='word_1_258' title='bbox 113 3400 344 3442; x_wconf 76' lang='lat' dir='ltr'><strong>adulter&#39;io</strong></span> <span class='ocrx_word' id='word_1_259' title='bbox 373 3398 565 3452; x_wconf 75' lang='lat' dir='ltr'><strong>reginae</strong></span> <span class='ocrx_word' id='word_1_260' title='bbox 599 3405 642 3439; x_wconf 80' lang='lat' dir='ltr'><strong>et</strong></span> <span class='ocrx_word' id='word_1_261' title='bbox 674 3399 860 3440; x_wconf 74' lang='lat' dir='ltr'><strong>senilia.</strong></span> <span class='ocrx_word' id='word_1_262' title='bbox 947 3398 994 3440; x_wconf 87' lang='lat' dir='ltr'><strong>lu</strong></span> 
     </span>
     <span class='ocr_line' id='line_1_56' title="bbox 114 3454 996 3512; baseline 0 -13"><span class='ocrx_word' id='word_1_263' title='bbox 114 3456 214 3499; x_wconf 45' lang='lat' dir='ltr'><strong>MS&gt;</strong></span> <span class='ocrx_word' id='word_1_264' title='bbox 246 3454 398 3499; x_wconf 79' lang='lat' dir='ltr'><strong>Guelf.</strong></span> <span class='ocrx_word' id='word_1_265' title='bbox 435 3455 592 3512; x_wconf 77' lang='lat' dir='ltr'><strong>legitur</strong></span> <span class='ocrx_word' id='word_1_266' title='bbox 624 3456 878 3504; x_wconf 76' lang='lat' dir='ltr'><strong>adulterio,</strong></span> <span class='ocrx_word' id='word_1_267' title='bbox 920 3457 996 3499; x_wconf 84' lang='lat' dir='ltr'><strong>sed</strong></span> 
     </span>
     <span class='ocr_line' id='line_1_57' title="bbox 117 3511 955 3575; baseline 0.002 -20"><span class='ocrx_word' id='word_1_268' title='bbox 117 3512 257 3556; x_wconf 80' lang='lat' dir='ltr'><strong>littera</strong></span> <span class='ocrx_word' id='word_1_269' title='bbox 278 3514 297 3556; x_wconf 74' lang='lat' dir='ltr'><em>i</em></span> <span class='ocrx_word' id='word_1_270' title='bbox 319 3520 488 3575; x_wconf 77' lang='lat' dir='ltr'><strong>puncto</strong></span> <span class='ocrx_word' id='word_1_271' title='bbox 508 3511 739 3573; x_wconf 81' lang='lat' dir='ltr'><strong>supposito</strong></span> <span class='ocrx_word' id='word_1_272' title='bbox 764 3519 955 3557; x_wconf 71' lang='lat' dir='ltr'><strong>notatur.</strong></span> 
     </span>
    </p>
   </div>
   <div class='ocr_carea' id='block_1_25' title="bbox 1077 1652 1968 1789">
    <p class='ocr_par' dir='ltr' id='par_1_25' title="bbox 1077 1652 1968 1789">
     <span class='ocr_line' id='line_1_58' title="bbox 1134 1652 1968 1728; baseline -0.002 -14"><span class='ocrx_word' id='word_1_273' title='bbox 1134 1673 1409 1728; x_wconf 81' lang='lat' dir='ltr'><strong>defectione.</strong></span> <span class='ocrx_word' id='word_1_274' title='bbox 1470 1670 1570 1715; x_wconf 89' lang='lat' dir='ltr'><strong>MS.</strong></span> <span class='ocrx_word' id='word_1_275' title='bbox 1603 1670 1719 1714; x_wconf 89' lang='lat' dir='ltr'><strong>Bud.</strong></span> <span class='ocrx_word' id='word_1_276' title='bbox 1755 1652 1968 1726; x_wconf 54' lang='lat' dir='ltr'><strong>defectio.</strong></span> 
     </span>
     <span class='ocr_line' id='line_1_59' title="bbox 1077 1729 1676 1789; baseline -0.002 -17"><span class='ocrx_word' id='word_1_277' title='bbox 1077 1733 1196 1789; x_wconf 91' lang='lat' dir='ltr'><strong>quod</strong></span> <span class='ocrx_word' id='word_1_278' title='bbox 1222 1731 1424 1789; x_wconf 81' lang='lat' dir='ltr'><strong>placebat</strong></span> <span class='ocrx_word' id='word_1_279' title='bbox 1444 1729 1676 1773; x_wconf 85' lang='lat' dir='ltr'><strong>Rhenano.</strong></span> 
     </span>
    </p>
   </div>
   <div class='ocr_carea' id='block_1_26' title="bbox 1075 1825 1964 2060">
    <p class='ocr_par' dir='ltr' id='par_1_26' title="bbox 1075 1825 1964 2060">
     <span class='ocr_line' id='line_1_60' title="bbox 1135 1825 1962 1872; baseline -0.001 0"><span class='ocrx_word' id='word_1_280' title='bbox 1135 1843 1355 1872; x_wconf 73' lang='lat' dir='ltr'><strong>eaeemere</strong></span> <span class='ocrx_word' id='word_1_281' title='bbox 1405 1836 1580 1871; x_wconf 83' lang='lat' dir='ltr'><strong>tamen.</strong></span> <span class='ocrx_word' id='word_1_282' title='bbox 1666 1827 1768 1870; x_wconf 90' lang='lat' dir='ltr'><strong>MS.</strong></span> <span class='ocrx_word' id='word_1_283' title='bbox 1808 1825 1962 1871; x_wconf 79' lang='lat' dir='ltr'><strong>Guelf.</strong></span> 
     </span>
     <span class='ocr_line' id='line_1_61' title="bbox 1075 1883 1964 1942; baseline -0.003 -13"><span class='ocrx_word' id='word_1_284' title='bbox 1075 1901 1289 1929; x_wconf 78' lang='lat' dir='ltr'><strong>exemere</strong></span> <span class='ocrx_word' id='word_1_285' title='bbox 1333 1894 1548 1936; x_wconf 76' lang='lat' dir='ltr'><strong>tantum,</strong></span> <span class='ocrx_word' id='word_1_286' title='bbox 1590 1883 1760 1942; x_wconf 78' lang='lat' dir='ltr'><strong>vulgari</strong></span> <span class='ocrx_word' id='word_1_287' title='bbox 1800 1884 1964 1927; x_wconf 79' lang='lat' dir='ltr'><strong>utrius-</strong></span> 
     </span>
     <span class='ocr_line' id='line_1_62' title="bbox 1076 1941 1963 2002; baseline -0.002 -15"><span class='ocrx_word' id='word_1_288' title='bbox 1076 1961 1162 2002; x_wconf 90' lang='lat' dir='ltr'><strong>que</strong></span> <span class='ocrx_word' id='word_1_289' title='bbox 1186 1944 1387 2001; x_wconf 77' lang='lat' dir='ltr'><strong>vocabuli</strong></span> <span class='ocrx_word' id='word_1_290' title='bbox 1414 1942 1707 1991; x_wconf 83' lang='lat' dir='ltr'><strong>confusione,</strong></span> <span class='ocrx_word' id='word_1_291' title='bbox 1738 1956 1851 1997; x_wconf 81' lang='lat' dir='ltr'><strong>quae</strong></span> <span class='ocrx_word' id='word_1_292' title='bbox 1874 1941 1963 1985; x_wconf 83' lang='lat' dir='ltr'><strong>ori-</strong></span> 
     </span>
     <span class='ocr_line' id='line_1_63' title="bbox 1075 1999 1814 2060; baseline -0.005 -17"><span class='ocrx_word' id='word_1_293' title='bbox 1075 2004 1224 2060; x_wconf 82' lang='lat' dir='ltr'><strong>ginem</strong></span> <span class='ocrx_word' id='word_1_294' title='bbox 1249 2003 1380 2045; x_wconf 84' lang='lat' dir='ltr'><strong>traxit.</strong></span> <span class='ocrx_word' id='word_1_295' title='bbox 1400 2018 1423 2045; x_wconf 93' lang='lat' dir='ltr'><strong>e</strong></span> <span class='ocrx_word' id='word_1_296' title='bbox 1445 1999 1716 2056; x_wconf 87' lang='lat' dir='ltr'><strong>compendio</strong></span> <span class='ocrx_word' id='word_1_297' title='bbox 1745 2000 1814 2043; x_wconf 70' lang='lat' dir='ltr'><strong>m.</strong></span> 
     </span>
    </p>
   </div>
   <div class='ocr_carea' id='block_1_27' title="bbox 1066 2097 1965 3413">
    <p class='ocr_par' dir='ltr' id='par_1_27' title="bbox 1066 2097 1965 3413">
     <span class='ocr_line' id='line_1_64' title="bbox 1135 2097 1961 2144; baseline -0.001 -2"><span class='ocrx_word' id='word_1_298' title='bbox 1135 2100 1248 2144; x_wconf 72' lang='lat' dir='ltr'><strong>CAP.</strong></span> <span class='ocrx_word' id='word_1_299' title='bbox 1268 2101 1340 2143; x_wconf 86' lang='lat'><strong>46.</strong></span> <span class='ocrx_word' id='word_1_300' title='bbox 1395 2099 1630 2143; x_wconf 78' lang='lat' dir='ltr'><strong>socordia.</strong></span> <span class='ocrx_word' id='word_1_301' title='bbox 1693 2097 1790 2140; x_wconf 86' lang='lat' dir='ltr'><strong>MS.</strong></span> <span class='ocrx_word' id='word_1_302' title='bbox 1806 2097 1961 2142; x_wconf 80' lang='lat' dir='ltr'><strong>Guelf.</strong></span> 
     </span>
     <span class='ocr_line' id='line_1_65' title="bbox 1072 2154 1959 2214; baseline -0.003 -14"><span class='ocrx_word' id='word_1_303' title='bbox 1072 2161 1303 2209; x_wconf 73' lang='lat' dir='ltr'><strong>secordia,</strong></span> <span class='ocrx_word' id='word_1_304' title='bbox 1342 2165 1384 2201; x_wconf 86' lang='lat' dir='ltr'><strong>et</strong></span> <span class='ocrx_word' id='word_1_305' title='bbox 1410 2158 1469 2200; x_wconf 82' lang='lat' dir='ltr'><strong>ita</strong></span> <span class='ocrx_word' id='word_1_306' title='bbox 1493 2155 1592 2199; x_wconf 85' lang='lat' dir='ltr'><strong>edd.</strong></span> <span class='ocrx_word' id='word_1_307' title='bbox 1618 2154 1753 2214; x_wconf 82' lang='lat' dir='ltr'><strong>Lipsii</strong></span> <span class='ocrx_word' id='word_1_308' title='bbox 1778 2165 1819 2197; x_wconf 78' lang='lat' dir='ltr'><strong>et</strong></span> <span class='ocrx_word' id='word_1_309' title='bbox 1845 2155 1959 2210; x_wconf 32' lang='lat' dir='ltr'><strong>Gru-¹</strong></span> 
     </span>
     <span class='ocr_line' id='line_1_66' title="bbox 1074 2212 1957 2258; baseline -0.006 0"><span class='ocrx_word' id='word_1_310' title='bbox 1074 2216 1172 2258; x_wconf 78' lang='lat' dir='ltr'><strong>teri.</strong></span> <span class='ocrx_word' id='word_1_311' title='bbox 1244 2214 1330 2258; x_wconf 81' lang='lat' dir='ltr'><strong>Sed</strong></span> <span class='ocrx_word' id='word_1_312' title='bbox 1363 2214 1533 2257; x_wconf 83' lang='lat' dir='ltr'><strong>maiora</strong></span> <span class='ocrx_word' id='word_1_313' title='bbox 1567 2212 1640 2256; x_wconf 83' lang='lat' dir='ltr'><strong>hic</strong></span> <span class='ocrx_word' id='word_1_314' title='bbox 1675 2219 1779 2255; x_wconf 80' lang='lat' dir='ltr'><strong>sunt</strong></span> <span class='ocrx_word' id='word_1_315' title='bbox 1815 2214 1957 2255; x_wconf 74' lang='lat' dir='ltr'><strong>adno&#39;-</strong></span> 
     </span>
     <span class='ocr_line' id='line_1_67' title="bbox 1070 2270 1961 2328; baseline -0.007 -11"><span class='ocrx_word' id='word_1_316' title='bbox 1070 2273 1218 2317; x_wconf 84' lang='lat' dir='ltr'><strong>tanda.</strong></span> <span class='ocrx_word' id='word_1_317' title='bbox 1284 2273 1393 2315; x_wconf 72' lang='lat' dir='ltr'><strong>Edd.</strong></span> <span class='ocrx_word' id='word_1_318' title='bbox 1415 2271 1592 2315; x_wconf 85' lang='lat' dir='ltr'><strong>Puteol.</strong></span> <span class='ocrx_word' id='word_1_319' title='bbox 1618 2286 1715 2328; x_wconf 84' lang='lat' dir='ltr'><strong>sqq.</strong></span> <span class='ocrx_word' id='word_1_320' title='bbox 1737 2285 1839 2312; x_wconf 79' lang='lat' dir='ltr'><strong>oum</strong></span> <span class='ocrx_word' id='word_1_321' title='bbox 1862 2270 1961 2312; x_wconf 80' lang='lat' dir='ltr'><strong>MS.</strong></span> 
     </span>
     <span class='ocr_line' id='line_1_68' title="bbox 1074 2328 1959 2373; baseline -0.008 0"><span class='ocrx_word' id='word_1_322' title='bbox 1074 2330 1222 2373; x_wconf 89' lang='lat' dir='ltr'><strong>Guelf.</strong></span> <span class='ocrx_word' id='word_1_323' title='bbox 1254 2329 1405 2373; x_wconf 75' lang='lat' dir='ltr'><strong>locum</strong></span> <span class='ocrx_word' id='word_1_324' title='bbox 1441 2328 1646 2371; x_wconf 81' lang='lat' dir='ltr'><strong>exhibent</strong></span> <span class='ocrx_word' id='word_1_325' title='bbox 1681 2328 1767 2370; x_wconf 87' lang='lat' dir='ltr'><strong>sic:</strong></span> <span class='ocrx_word' id='word_1_326' title='bbox 1809 2334 1854 2368; x_wconf 74' lang='lat' dir='ltr'><strong>et</strong></span> <span class='ocrx_word' id='word_1_327' title='bbox 1878 2342 1959 2368; x_wconf 78' lang='lat' dir='ltr'><strong>so-</strong></span> 
     </span>
     <span class='ocr_line' id='line_1_69' title="bbox 1072 2385 1959 2437; baseline -0.006 -8"><span class='ocrx_word' id='word_1_328' title='bbox 1072 2390 1234 2429; x_wconf 76' lang='lat' dir='ltr'><strong>cordia</strong></span> <span class='ocrx_word' id='word_1_329' title='bbox 1273 2390 1443 2428; x_wconf 75' lang='lat' dir='ltr'><strong>ducum</strong></span> <span class='ocrx_word' id='word_1_330' title='bbox 1479 2393 1527 2428; x_wconf 79' lang='lat' dir='ltr'><strong>&#39;et</strong></span> <span class='ocrx_word' id='word_1_331' title='bbox 1559 2385 1783 2427; x_wconf 77' lang='lat' dir='ltr'><strong>seditione</strong></span> <span class='ocrx_word' id='word_1_332' title='bbox 1817 2386 1959 2437; x_wconf 72' lang='lat' dir='ltr'><strong>legio-</strong></span> 
     </span>
     <span class='ocr_line' id='line_1_70' title="bbox 1069 2442 1959 2498; baseline -0.006 -13"><span class='ocrx_word' id='word_1_333' title='bbox 1069 2460 1199 2488; x_wconf 80' lang='lat' dir='ltr'><strong>num.</strong></span> <span class='ocrx_word' id='word_1_334' title='bbox 1257 2445 1479 2486; x_wconf 75' lang='lat' dir='ltr'><strong>Externa</strong></span> <span class='ocrx_word' id='word_1_335' title='bbox 1511 2445 1562 2484; x_wconf 83' lang='grc' dir='ltr'><strong>υἱ</strong></span> <span class='ocrx_word' id='word_1_336' title='bbox 1589 2449 1631 2484; x_wconf 78' lang='lat' dir='ltr'><strong>et</strong></span> <span class='ocrx_word' id='word_1_337' title='bbox 1658 2442 1855 2498; x_wconf 63' lang='lat' dir='ltr'><strong>persidia</strong></span> <span class='ocrx_word' id='word_1_338' title='bbox 1877 2456 1959 2482; x_wconf 78' lang='lat' dir='ltr'><strong>so·-</strong></span> 
     </span>
     <span class='ocr_line' id='line_1_71' title="bbox 1069 2499 1954 2554; baseline -0.005 -10"><span class='ocrx_word' id='word_1_339' title='bbox 1069 2502 1181 2544; x_wconf 77' lang='lat' dir='ltr'><em>ciali</em></span> <span class='ocrx_word' id='word_1_340' title='bbox 1208 2509 1291 2543; x_wconf 80' lang='lat' dir='ltr'><strong>etc.</strong></span> <span class='ocrx_word' id='word_1_341' title='bbox 1375 2499 1544 2542; x_wconf 84' lang='lat' dir='ltr'><strong>Verum</strong></span> <span class='ocrx_word' id='word_1_342' title='bbox 1577 2499 1735 2554; x_wconf 70' lang='lat' dir='ltr'><strong>copula</strong></span> <span class='ocrx_word' id='word_1_343' title='bbox 1774 2508 1818 2539; x_wconf 83' lang='lat' dir='ltr'><strong>et</strong></span> <span class='ocrx_word' id='word_1_344' title='bbox 1851 2510 1954 2542; x_wconf 72' lang='lat' dir='ltr'><strong>ante</strong></span> 
     </span>
     <span class='ocr_line' id='line_1_72' title="bbox 1068 2555 1954 2614; baseline -0.001 -15"><span class='ocrx_word' id='word_1_345' title='bbox 1068 2559 1296 2600; x_wconf 76' lang='lat' dir='ltr'><strong>seditione</strong></span> <span class='ocrx_word' id='word_1_346' title='bbox 1329 2573 1472 2614; x_wconf 89' lang='lat' dir='ltr'><strong>neque</strong></span> <span class='ocrx_word' id='word_1_347' title='bbox 1496 2558 1541 2599; x_wconf 92' lang='lat' dir='ltr'><strong>in</strong></span> <span class='ocrx_word' id='word_1_348' title='bbox 1567 2557 1664 2599; x_wconf 83' lang='lat' dir='ltr'><strong>MS.</strong></span> <span class='ocrx_word' id='word_1_349' title='bbox 1694 2555 1812 2597; x_wconf 77' lang='lat' dir='ltr'><strong>Flor.</strong></span> <span class='ocrx_word' id='word_1_350' title='bbox 1839 2558 1954 2611; x_wconf 84' lang='lat' dir='ltr'><strong>(test.</strong></span> 
     </span>
     <span class='ocr_line' id='line_1_73' title="bbox 1070 2612 1965 2671; baseline -0.001 -17"><span class='ocrx_word' id='word_1_351' title='bbox 1070 2615 1241 2671; x_wconf 58' lang='lat' dir='ltr'><strong>vicu),</strong></span> <span class='ocrx_word' id='word_1_352' title='bbox 1291 2630 1438 2671; x_wconf 85' lang='lat' dir='ltr'><strong>neque</strong></span> <span class='ocrx_word' id='word_1_353' title='bbox 1472 2614 1516 2655; x_wconf 87' lang='lat' dir='ltr'><strong>in</strong></span> <span class='ocrx_word' id='word_1_354' title='bbox 1550 2613 1620 2655; x_wconf 91' lang='lat' dir='ltr'><strong>ed.</strong></span> <span class='ocrx_word' id='word_1_355' title='bbox 1642 2612 1771 2669; x_wconf 56' lang='lat' dir='ltr'><strong>*Spir.</strong></span> <span class='ocrx_word' id='word_1_356' title='bbox 1805 2621 1965 2657; x_wconf 60' lang='lat' dir='ltr'><strong>exstat.</strong></span> 
     </span>
     <span class='ocr_line' id='line_1_74' title="bbox 1072 2669 1957 2728; baseline 0 -16"><span class='ocrx_word' id='word_1_357' title='bbox 1072 2671 1225 2728; x_wconf 88' lang='lat' dir='ltr'><strong>Quare</strong></span> <span class='ocrx_word' id='word_1_358' title='bbox 1281 2671 1407 2714; x_wconf 86' lang='lat' dir='ltr'><strong>locus</strong></span> <span class='ocrx_word' id='word_1_359' title='bbox 1459 2679 1553 2712; x_wconf 84' lang='lat' dir='ltr'><strong>erat</strong></span> <span class='ocrx_word' id='word_1_360' title='bbox 1604 2669 1957 2721; x_wconf 78' lang='lat' dir='ltr'><strong>constituendus,</strong></span> 
     </span>
     <span class='ocr_line' id='line_1_75' title="bbox 1071 2726 1957 2782; baseline -0.001 -10"><span class='ocrx_word' id='word_1_361' title='bbox 1071 2731 1132 2772; x_wconf 85' lang='lat' dir='ltr'><strong>uti</strong></span> <span class='ocrx_word' id='word_1_362' title='bbox 1168 2730 1234 2771; x_wconf 85' lang='lat' dir='ltr'><strong>edi</strong></span> <span class='ocrx_word' id='word_1_363' title='bbox 1265 2727 1530 2773; x_wconf 80' lang='lat' dir='ltr'><strong>curavimus.</strong></span> <span class='ocrx_word' id='word_1_364' title='bbox 1604 2726 1957 2782; x_wconf 60' lang='lat' dir='ltr'><strong>Copulnm&#39;ante</strong></span> 
     </span>
     <span class='ocr_line' id='line_1_76' title="bbox 1066 2782 1954 2842; baseline -0.002 -13"><span class='ocrx_word' id='word_1_365' title='bbox 1066 2786 1287 2842; x_wconf 79' lang='lat' dir='ltr'><strong>perfidia,</strong></span> <span class='ocrx_word' id='word_1_366' title='bbox 1328 2800 1462 2842; x_wconf 85' lang='lat' dir='ltr'><strong>quam</strong></span> <span class='ocrx_word' id='word_1_367' title='bbox 1500 2782 1696 2840; x_wconf 73' lang='lat' dir='ltr'><strong>Ryckius</strong></span> <span class='ocrx_word' id='word_1_368' title='bbox 1734 2799 1954 2840; x_wconf 76' lang='lat' dir='ltr'><strong>expunxe-</strong></span> 
     </span>
     <span class='ocr_line' id='line_1_77' title="bbox 1071 2841 1954 2895; baseline -0.003 -8"><span class='ocrx_word' id='word_1_369' title='bbox 1071 2854 1161 2895; x_wconf 82' lang='lat' dir='ltr'><strong>rat,</strong></span> <span class='ocrx_word' id='word_1_370' title='bbox 1212 2842 1380 2886; x_wconf 80' lang='lat' dir='ltr'><strong>reduxi.</strong></span> <span class='ocrx_word' id='word_1_371' title='bbox 1476 2841 1588 2882; x_wconf 85' lang='lat' dir='ltr'><strong>Nam</strong></span> <span class='ocrx_word' id='word_1_372' title='bbox 1632 2849 1767 2885; x_wconf 79' lang='lat' dir='ltr'><strong>exstat</strong></span> <span class='ocrx_word' id='word_1_373' title='bbox 1799 2841 1872 2884; x_wconf 83' lang='lat' dir='ltr'><strong>illa</strong></span> <span class='ocrx_word' id='word_1_374' title='bbox 1906 2843 1954 2884; x_wconf 88' lang='lat' dir='ltr'><strong>in</strong></span> 
     </span>
     <span class='ocr_line' id='line_1_78' title="bbox 1069 2896 1956 2945; baseline -0.002 0"><span class='ocrx_word' id='word_1_375' title='bbox 1069 2900 1204 2945; x_wconf 88' lang='lat' dir='ltr'><strong>MSS.</strong></span> <span class='ocrx_word' id='word_1_376' title='bbox 1231 2898 1382 2943; x_wconf 88' lang='lat' dir='ltr'><strong>Guelf.</strong></span> <span class='ocrx_word' id='word_1_377' title='bbox 1417 2897 1542 2940; x_wconf 85' lang='lat' dir='ltr'><strong>Harl.</strong></span> <span class='ocrx_word' id='word_1_378' title='bbox 1569 2897 1696 2940; x_wconf 86' lang='lat' dir='ltr'><strong>Bodl.</strong></span> <span class='ocrx_word' id='word_1_379' title='bbox 1734 2896 1814 2941; x_wconf 84' lang='lat' dir='ltr'><strong>les.</strong></span> <span class='ocrx_word' id='word_1_380' title='bbox 1851 2899 1956 2943; x_wconf 88' lang='lat' dir='ltr'><strong>edd.</strong></span> 
     </span>
     <span class='ocr_line' id='line_1_79' title="bbox 1067 2954 1954 3008; baseline 0 -8"><span class='ocrx_word' id='word_1_381' title='bbox 1067 2959 1168 3000; x_wconf 84' lang='lat' dir='ltr'><strong>Put.</strong></span> <span class='ocrx_word' id='word_1_382' title='bbox 1193 2958 1259 3000; x_wconf 87' lang='lat' dir='ltr'><strong>M.</strong></span> <span class='ocrx_word' id='word_1_383' title='bbox 1285 2965 1327 3000; x_wconf 86' lang='lat' dir='ltr'><strong>et</strong></span> <span class='ocrx_word' id='word_1_384' title='bbox 1350 2955 1405 2999; x_wconf 90' lang='lat' dir='ltr'><strong>V.</strong></span> <span class='ocrx_word' id='word_1_385' title='bbox 1428 2954 1632 2998; x_wconf 85' lang='lat' dir='ltr'><strong>Beroald.</strong></span> <span class='ocrx_word' id='word_1_386' title='bbox 1662 2956 1784 3008; x_wconf 85' lang='lat' dir='ltr'><strong>(curn</strong></span> <span class='ocrx_word' id='word_1_387' title='bbox 1810 2954 1954 3000; x_wconf 79' lang='lat' dir='ltr'><strong>silent.</strong></span> 
     </span>
     <span class='ocr_line' id='line_1_80' title="bbox 1070 3013 1955 3070; baseline -0.001 -13"><span class='ocrx_word' id='word_1_388' title='bbox 1070 3016 1208 3070; x_wconf 79' lang='lat' dir='ltr'><strong>vict.)</strong></span> <span class='ocrx_word' id='word_1_389' title='bbox 1241 3015 1343 3059; x_wconf 87' lang='lat' dir='ltr'><strong>Alc.</strong></span> <span class='ocrx_word' id='word_1_390' title='bbox 1388 3013 1531 3055; x_wconf 83' lang='lat' dir='ltr'><strong>Rhen.</strong></span> <span class='ocrx_word' id='word_1_391' title='bbox 1571 3028 1666 3069; x_wconf 88' lang='lat' dir='ltr'><strong>sqq.</strong></span> <span class='ocrx_word' id='word_1_392' title='bbox 1699 3037 1756 3046; x_wconf 94' lang='lat'><strong>—</strong></span> <span class='ocrx_word' id='word_1_393' title='bbox 1815 3014 1955 3058; x_wconf 86' lang='lat' dir='ltr'><strong>Deest</strong></span> 
     </span>
     <span class='ocr_line' id='line_1_81' title="bbox 1069 3069 1957 3129; baseline 0 -14"><span class='ocrx_word' id='word_1_394' title='bbox 1069 3073 1223 3115; x_wconf 84' lang='lat' dir='ltr'><strong>eadem</strong></span> <span class='ocrx_word' id='word_1_395' title='bbox 1248 3073 1294 3114; x_wconf 90' lang='lat' dir='ltr'><strong>in</strong></span> <span class='ocrx_word' id='word_1_396' title='bbox 1319 3069 1449 3113; x_wconf 88' lang='lat' dir='ltr'><strong>MSS.</strong></span> <span class='ocrx_word' id='word_1_397' title='bbox 1475 3069 1582 3126; x_wconf 82' lang='lat' dir='ltr'><strong>Reg.</strong></span> <span class='ocrx_word' id='word_1_398' title='bbox 1603 3069 1859 3129; x_wconf 63' lang='lat' dir='ltr'><strong>corb-Agr.</strong></span> <span class='ocrx_word' id='word_1_399' title='bbox 1882 3073 1957 3115; x_wconf 56' lang='lat' dir='ltr'><strong>ed..</strong></span> 
     </span>
     <span class='ocr_line' id='line_1_82' title="bbox 1069 3125 1950 3187; baseline 0.001 -17"><span class='ocrx_word' id='word_1_400' title='bbox 1069 3130 1187 3187; x_wconf 83' lang='lat' dir='ltr'><strong>Spir.</strong></span> <span class='ocrx_word' id='word_1_401' title='bbox 1277 3131 1314 3170; x_wconf 82' lang='lat' dir='ltr'><strong>A</strong></span> <span class='ocrx_word' id='word_1_402' title='bbox 1349 3127 1453 3175; x_wconf 81' lang='lat' dir='ltr'><strong>MS,</strong></span> <span class='ocrx_word' id='word_1_403' title='bbox 1496 3125 1618 3170; x_wconf 83' lang='lat' dir='ltr'><strong>Flor.</strong></span> <span class='ocrx_word' id='word_1_404' title='bbox 1665 3143 1760 3170; x_wconf 81' lang='lat' dir='ltr'><strong>eam</strong></span> <span class='ocrx_word' id='word_1_405' title='bbox 1801 3130 1950 3171; x_wconf 82' lang='lat' dir='ltr'><strong>abesse</strong></span> 
     </span>
     <span class='ocr_line' id='line_1_83' title="bbox 1069 3183 1950 3241; baseline -0.002 -12"><span class='ocrx_word' id='word_1_406' title='bbox 1069 3194 1254 3229; x_wconf 82' lang='lat' dir='ltr'><strong>testatur</strong></span> <span class='ocrx_word' id='word_1_407' title='bbox 1275 3183 1486 3241; x_wconf 77' lang='lat' dir='ltr'><strong>Ryekius‚</strong></span> <span class='ocrx_word' id='word_1_408' title='bbox 1515 3185 1589 3226; x_wconf 85' lang='lat' dir='ltr'><strong>sed</strong></span> <span class='ocrx_word' id='word_1_409' title='bbox 1614 3184 1741 3236; x_wconf 84' lang='lat' dir='ltr'><strong>falso,</strong></span> <span class='ocrx_word' id='word_1_410' title='bbox 1771 3195 1821 3229; x_wconf 91' lang='lat' dir='ltr'><strong>ut</strong></span> <span class='ocrx_word' id='word_1_411' title='bbox 1843 3185 1950 3228; x_wconf 84' lang='lat' dir='ltr'><strong>mihi</strong></span> 
     </span>
     <span class='ocr_line' id='line_1_84' title="bbox 1070 3239 1948 3287; baseline -0.003 0"><span class='ocrx_word' id='word_1_412' title='bbox 1070 3244 1248 3287; x_wconf 85' lang='lat' dir='ltr'><strong>videtur</strong></span> <span class='ocrx_word' id='word_1_413' title='bbox 1271 3243 1332 3286; x_wconf 82' lang='lat' dir='ltr'><strong>ob‘</strong></span> <span class='ocrx_word' id='word_1_414' title='bbox 1351 3239 1576 3284; x_wconf 82' lang='lat' dir='ltr'><strong>silentium</strong></span> <span class='ocrx_word' id='word_1_415' title='bbox 1588 3241 1796 3285; x_wconf 87' lang='lat' dir='ltr'><strong>Victorii.</strong></span> <span class='ocrx_word' id='word_1_416' title='bbox 1855 3243 1948 3285; x_wconf 83' lang='lat' dir='ltr'><strong>Sci-</strong></span> 
     </span>
     <span class='ocr_line' id='line_1_85' title="bbox 1070 3297 1946 3350; baseline 0 -8"><span class='ocrx_word' id='word_1_417' title='bbox 1070 3301 1172 3343; x_wconf 82' lang='lat' dir='ltr'><strong>licet</strong></span> <span class='ocrx_word' id='word_1_418' title='bbox 1211 3300 1301 3343; x_wconf 82' lang='lat' dir='ltr'><strong>alio</strong></span> <span class='ocrx_word' id='word_1_419' title='bbox 1331 3298 1435 3342; x_wconf 87' lang='lat' dir='ltr'><strong>loco</strong></span> <span class='ocrx_word' id='word_1_420' title='bbox 1467 3307 1509 3340; x_wconf 78' lang='lat' dir='ltr'><strong>et</strong></span> <span class='ocrx_word' id='word_1_421' title='bbox 1544 3297 1693 3342; x_wconf 74' lang='lat' dir='ltr'><strong>deerat</strong></span> <span class='ocrx_word' id='word_1_422' title='bbox 1725 3299 1771 3342; x_wconf 86' lang='lat' dir='ltr'><strong>in</strong></span> <span class='ocrx_word' id='word_1_423' title='bbox 1806 3299 1946 3350; x_wconf 86' lang='lat' dir='ltr'><strong>Flor.,</strong></span> 
     </span>
     <span class='ocr_line' id='line_1_86' title="bbox 1069 3355 1519 3413; baseline -0.004 -13"><span class='ocrx_word' id='word_1_424' title='bbox 1069 3373 1161 3401; x_wconf 90' lang='lat' dir='ltr'><strong>non</strong></span> <span class='ocrx_word' id='word_1_425' title='bbox 1186 3364 1286 3399; x_wconf 82' lang='lat' dir='ltr'><strong>ante</strong></span> <span class='ocrx_word' id='word_1_426' title='bbox 1299 3355 1519 3413; x_wconf 78' lang='lat' dir='ltr'><strong>perfidia.</strong></span> 
     </span>
    </p>
   </div>
   <div class='ocr_carea' id='block_1_28' title="bbox 1071 3429 1952 3573">
    <p class='ocr_par' dir='ltr' id='par_1_28' title="bbox 1071 3429 1952 3573">
     <span class='ocr_line' id='line_1_87' title="bbox 1120 3429 1952 3512; baseline 0.004 -15"><span class='ocrx_word' id='word_1_427' title='bbox 1120 3470 1267 3509; x_wconf 80' lang='lat' dir='ltr'><strong>prope</strong></span> <span class='ocrx_word' id='word_1_428' title='bbox 1291 3453 1496 3511; x_wconf 78' lang='lat' dir='ltr'><strong>adflicta.</strong></span> <span class='ocrx_word' id='word_1_429' title='bbox 1557 3429 1659 3501; x_wconf 87' lang='lat' dir='ltr'><strong>MS.</strong></span> <span class='ocrx_word' id='word_1_430' title='bbox 1683 3456 1796 3501; x_wconf 81' lang='lat' dir='ltr'><strong>Bud.</strong></span> <span class='ocrx_word' id='word_1_431' title='bbox 1823 3471 1952 3512; x_wconf 80' lang='lat' dir='ltr'><strong>pena</strong></span> 
     </span>
     <span class='ocr_line' id='line_1_88' title="bbox 1071 3513 1477 3573; baseline 0.005 -18"><span class='ocrx_word' id='word_1_432' title='bbox 1071 3513 1246 3572; x_wconf 73' lang='lat' dir='ltr'><strong>(paene)</strong></span> <span class='ocrx_word' id='word_1_433' title='bbox 1269 3513 1477 3573; x_wconf 73' lang='lat' dir='ltr'><strong>adflicta.</strong></span> 
     </span>
    </p>
   </div>
  </div>
 </body>
</html>
