2138 4030
1753 222 1805 260 A.
1821 223 1870 258 U.
1890 224 1975 265 823.

1687 288 1691 293 »
1749 267 1802 302 Α.
1824 266 1871 305 C.
1899 268 1973 304 w.

213 225 336 283 316
757 219 1491 282 JHISTORIARUM

206 353 501 410 festinatio
542 364 715 430 atque
755 353 1002 408 aviditas
1039 352 1523 427 praepediebant,
1566 354 1738 423 dum,
1780 374 1928 431 quae
1965 375 2061 413 ac·-

209 438 327 513 cipi
351 449 650 513 poterant,
691 438 1024 513 rapiuntur.
1222 496 1225 500 ,

374 531 475 603 LI.
561 526 989 590 Celeberrimos
1025 541 1289 587 auctores
1330 528 1518 590 habeo
1558 544 1782 590 tantam
1815 533 2058 592 victori-

205 619 317 675 bus
346 619 623 674 adversus
647 619 733 674 fas
773 618 1050 691 nefasque
1088 616 1542 674 inreverentiam
1578 618 1785 689 fuisse,
1825 630 1893 676 ut
1928 639 2059 693 gre—

205 703 402 778 garius
429 722 602 779 eques
628 703 939 759 occisuma
963 721 1021 756 se
1045 701 1309 775 proxima
1334 703 1455 759 acie
1486 703 1727 761 fratrem
1765 705 2060 779 professus

204 788 532 863 praemium
577 807 611 844 a
652 786 900 843 ducibus
942 786 1194 861 petierit.
1307 808 1415 844 nec
1458 787 1577 844 illis
1621 801 1722 846 aut
1764 784 2059 846 honorare

206 893 333 930 eam
361 874 597 929 caedem
620 872 712 928 ius
738 867 1048 926 hominum
1079 882 1180 927 aut
1211 870 1416 928 ulcisci
1447 873 1597 930 ratio
1635 873 1780 930 belli
1813 875 2059 948 permit-

207 958 382 1016 tebat.
468 957 816 1014 distulerant
849 966 1130 1031 tanquam
1155 956 1377 1013 maiora
1405 958 1679 1015 meritum
1707 978 1882 1034 quam
1909 980 2057 1036 quae

204 1044 402 1100 statim
425 1043 887 1099 exsolverentur:
932 1061 1040 1096 nec
1064 1041 1388 1116 quidquam
1417 1043 1572 1099 ultra
1601 1044 1870 1102 traditur.
1943 1042 2058 1102 Ce-

203 1139 396 1185 terum
446 1139 502 1183 et
544 1126 844 1201 prioribus
886 1125 1107 1182 civium
1155 1126 1329 1182 bellis
1371 1147 1478 1202 par
1502 1127 1706 1184 -scelus
1750 1128 2055 1188 inciderat.

199 1233 339 1273 nam
393 1212 649 1287 proeli0‚
713 1232 832 1286 quo
880 1211 1037 1285 apud
1087 1208 1420 1268 Ianiculum
1476 1213 1755 1268 adversus
1799 1210 2058 1270 Cinnam

199 1304 534 1374 pugnatum‘
569 1307 682 1365 est,
745 1295 1138 1370 Pompeianus
1173 1296 1341 1351 miles
1378 1298 1618 1354 fratrem
1653 1317 1856 1366 suum,
1915 1298 2054 1354 dein

198 1384 430 1456 cognito
464 1381 724 1439 facinore
765 1381 1019 1456 seipsum
1057 1381 1376 1450 interfecit,
1429 1393 1497 1439 ut
1533 1381 1785 1439 Sisenna
1829 1402 2054 1440 memo—-

197 1480 305 1528 rat.
420 1477 584 1525 tanto
641 1465 832 1523 acrior
875 1467 1031 1541 apud
1077 1465 1328 1522 maiores
1372 1466 1523 1524 sicut
1564 1467 1883 1524 virtutibus
1925 1468 2054 1542 glo-

1160 1708 1313 1754 Guelf.
1349 1707 1478 1754 Harl.
1506 1708 1636 1752 Bodl.
1673 1707 1755 1753 les.
1790 1707 1907 1752 Bud.
1945 1707 2048 1753 edd.

1161 1766 1465 1824 Puteolasqq.
1487 1783 1590 1811 cum
1616 1766 1686 1809 ed.
1713 1766 1913 1809 Gruter-i.
1998 1775 2018 1782 “

1217 1826 1487 1881 quidquam.
1548 1824 1624 1867 Sic
1655 1823 1756 1866 MS.
1785 1823 1904 1867 Flor.
1938 1831 2050 1867 teste

1161 1881 1387 1925 Victorio.
1475 1885 1721 1938 quicquam
1756 1881 1857 1924 MS.
1895 1879 2049 1924 Guets.

1160 1948 1202 1984 et
1236 1939 1454 1982 editiones
1484 1947 1669 1982 veteres.

225 1721 378 1756 uento.
422 1710 677 1756 poscebant
699 1709 880 1755 clavarii
903 1710 1087 1753 nomine

195 1730 459 1871 &onatilvum
481 1769 535 1815 ad
553 1770 705 1814 clavos
731 1768 941 1827 caligares
965 1784 1088 1812 com·

197 1844 334 1887 pan-an
369 1844 436 1870 os.

251 1902 368 1940 dum
400 1913 537 1954 quae.
612 1897 696 1941 Ed.
734 1895 855 1955 Spir.
898 1898 1085 1951 dumqy.

195 1955 297 1999 MS.
319 1955 473 1999 Guelf.
496 1958 718 2010 dumque.

253 2023 367 2069 CAP.
388 2025 458 2069 51.
512 2024 834 2081 adversusfas
856 2024 1086 2080 nefasque

192 2086 568 2128 inreverentiam.
620 2083 679 2125 H.
695 2100 734 2126 e.
758 2092 925 2126 tantam
948 2082 1084 2124 fuisse

193 2140 565 2191 inreverentiam,
603 2148 649 2182 ut
681 2157 773 2182 non
805 2148 1084 2185 vererentur,

191 2214 269 2242 seu
293 2197 357 2243 fas
379 2197 470 2240 sive
496 2197 618 2240 nefas
642 2206 769 2240 esset.
822 2196 880 2239 ef.
905 2205 1002 2238 not.
1028 2195 1084 2238 ad

191 2255 306 2299 Hist.
337 2255 380 2305 2,
407 2255 478 2299 56.
507 2255 558 2297 in
589 2270 727 2298 omne
747 2254 833 2310 fas
861 2253 1083 2309 nefasque

190 2314 338 2357 avidi.
867 2367 870 2372 .

247 2385 320 2427 ius
338 2385 598 2427 hominum.
654 2382 737 2426 Ed.
760 2380 881 2440 Spir.
906 2383 973 2423 vis
995 2383 1079 2422 ho-

191 2445 373 2485 minum
388 2473 399 2492 ‚
431 2441 600 2498 vulgari
623 2439 743 2483 vitio.

247 2514 548 2556 distulerant.
608 2509 713 2556 MS.
747 2509 857 2566 Reg.
891 2509 1083 2551 distule-

191 2578 328 2618 runt,
388 2568 511 2627 quod
556 2569 764 2611 volebant
805 2567 1001 2611 Ursinus
1040 2576 1083 2609 et

191 2627 437 2672 Acidalius.
514 2626 747 2669 Ernestius
781 2625 896 2668 falso
933 2623 1082 2680 prodi·

190 2686 254 2730 dit
280 2685 502 2729 Ursinum
532 2685 819 2726 distulerunt
840 2681 999 2723 vidisse
1034 2682 1081 2724 in

191 2742 406 2800 vulgatis:
448 2743 589 2784 immo
616 2740 807 2784 Ursinus
832 2739 992 2781 diserte
1017 2737 1080 2780 di-

191 2802 252 2844 eit
276 2801 556 2842 distulerant
579 2815 672 2842 esse
695 2800 741 2842 in
765 2797 967 2855 vulgatis.
1026 2795 1081 2838 l!-

131 2894 139 2903 .
192 2857 287 2903 lum
327 2851 501 2914 decepit
542 2855 729 2906 vitium,
767 2855 887 2913 quod
922 2852 1081 2897 Ursini

190 2914 466 2961 adnotationi
498 2914 614 2956 inest
643 2914 688 2957 in
721 2913 790 2955 ed.
812 2910 1080 2954 Gronoviu-

135 2993 144 3002 ·
189 2988 292 3014 rum
318 2972 441 3015 1672.
509 2970 599 3014 Sed
623 2969 677 3012 de
704 2978 906 3027 tempore
929 2969 1078 3011 distu-

189 3032 374 3077 lerant,
421 3028 548 3085 quod
577 3035 760 3070 tuentur
799 3025 934 3070 ceteri
976 3024 1080 3067 libri

191 3102 372 3136 omnes,
413 3084 472 3129 cf.
496 3085 762 3130 Ramshorn.
788 3084 870 3127 Gr.
912 3099 956 3141 p.
978 3082 1078 3125 402.

191 3143 234 3188 7.
310 3143 536 3185 Sententia
577 3151 660 3186 est:
716 3145 1001 3185 distulerunt
1036 3147 1082 3181 ει

190 3203 367 3254 dilatus
397 3203 635 3242 manebat.
717 3201 780 3242 lta
819 3199 1079 3256 plusquam-

191 3255 443 3319 perfegctum
499 3256 722 3309 contrahit
776 3257 861 3298 vim
911 3256 1081 3313 imper-

193 3314 353 3360 fecti..'

249 3373 621 3417 exsolverentur.
687 3370 763 3414 Sic
791 3369 934 3416 MSS.
957 3368 1079 3416 Flor,

196 3427 443 3482 (testNict.
467 3443 570 3472 cum
584 3426 797 3483 Pichena)
821 3425 1079 3484 Reg.C0rb.

195 3486 295 3534 ¹edd.
333 3487 451 3544 Spir.
485 3484 621 3543 Lipsii
658 3493 910 3542 postrenum,
960 3483 1085 3528 Pieli.

195 3545 417 3604 Bernegg.
434 3558 534 3602 sqq.
556 3569 614 3580 --
664 3545 932 3597 exolvwerem
951 3540 1085 3586 MSS.

1215 2012 1304 2053 quo
1326 1999 1454 2051 apud
1473 1997 1756 2039 Ianiculum.
1814 1994 1914 2039 MS.
1929 1995 2048 2040 Bud.

1157 2071 1261 2097 cum
1294 2058 1425 2108 apud
1451 2055 1598 2096 Iam'c.
1673 2053 1851 2095 Etenim
1883 2069 1971 2109 quo
2005 2062 2050 2096 et

1157 2128 1295 2167 quom
1332 2110 1467 2154 facile
1501 2118 1826 2168 permutantur.
1899 2109 1969 2154 De
1999 2126 2049 2153 re

1158 2169 1218 2212 cf.
1263 2167 1361 2211 Liv.
1401 2168 1508 2226 epit.
1548 2168 1618 2209 79.
1679 2209 1686 2213 ,.
1716 2166 2047 2211 Sertorianum

1155 2226 1355 2268 militem
1390 2225 1596 2268 nominat
1624 2223 1828 2266 Valerius
1849 2223 1967 2268 Max.
2006 2227 2047 2276 5,

1155 2284 1286 2334 5‚q4.‚
1341 2287 1554 2339 quocum'
1582 2281 1811 2326 consentit
1854 2280 2045 2326 Orosius

1155 2341 1194 2388 5,
1223 2341 1289 2383 19.
1371 2339 1573 2397 intellige
1615 2337 1808 2382 militem
1847 2338 1907 2383 A.
1938 2338 2042 2383 Ser-

1153 2397 1284 2446 torii,
1333 2397 1410 2454 qui
1451 2405 1546 2439 tum
1593 2411 1677 2456 pro
1718 2393 1863 2439 Cinna
1907 2396 2043 2441 stetit.

1153 2456 1212 2499 ef.
1238 2455 1333 2498 Liv.
1362 2453 1392 2497 l.
1416 2455 1447 2497 l.
1656 2488 1658 2490 .

1210 2516 1438 2555 aduersus
1483 2510 1700 2554 Cinnam.
1790 2509 1868 2554 Sic
1906 2509 2043 2558 MSS.

1153 2570 1303 2613 Guetf.
1340 2569 1464 2611 Harl.
1501 2568 1636 2611 Bodl.
1670 2569 1751 2610 tes.
1790 2568 1891 2611 edd.
1923 2569 2043 2627 Spir-

1153 2629 1254 2671 Put.
1282 2628 1347 2670 M.
1369 2634 1411 2668 et
1431 2625 1486 2670 V.
1511 2623 1714 2668 Beroald.
1746 2625 1868 2677 (cum
1897 2625 2041 2671 silent.

1155 2685 1296 2736 vict.)
1334 2683 1431 2726 Alc.
1466 2691 1509 2724 et
1544 2681 1704 2725 deinde
1728 2679 1854 2726 Brot.
1881 2682 2042 2729 Oberl.

1152 2758 1249 2800 sqq.
1283 2769 1374 2842 -de
1387 2744 1641 2782 adversum
1664 2738 1792 2783 tacite
1815 2739 2043 2784 edd.Rhe-

1153 2815 1262 2844 nan.
1380 2828 1392 2840 .
1418 2815 1436 2840 s
1504 2829 1516 2840 .

1209 2871 1373 2902 suum,
1419 2813 1545 2896 diiein.
1625 2844 1922 2900 MS.'·Guelf.
1974 2858 2041 2911 (in

1153 2913 1373 2971 margine)
1410 2911 1480 2954 ed.
1512 2910 1634 2968 Spir.
1670 2919 1771 2968 post
1801 2926 1941 2956 suum
1977 2915 2041 2959 in·

1150 2978 1398 3026 terponunt
1423 2970 1601 3012 occidit.

1209 3029 1428 3073 Sisenna.
1507 3025 1568 3070 cf.
1598 3026 1855 3071 Hermann
1896 3029 2042 3073 Iustus

1152 3085 1208 3128 de
1232 3085 1318 3127 fide
1337 3083 1445 3127 Tac.
1471 3099 1516 3140 p.
1539 3083 1605 3127 16.
1626 3089 1723 3140 sqq.

1210 3149 1343 3184 tanto
1385 3142 1551 3184 acrior.
1633 3141 1736 3185 MS.
1781 3141 1865 3187 les.
1903 3149 2042 3189 tanco
2088 3195 2095 3201 ¹

1153 3204 1345 3243 ardore.

1207 3258 1322 3300 sicut
1364 3256 1622 3302 virtutibus.

1152 3315 1253 3357 cdd.
1277 3313 1394 3371 Spir.
1412 3312 1554 3356 Rhen.
1579 3313 1680 3356 Md.
1703 3330 1803 3372 sqq.
1830 3342 1888 3354 -ρ
1919 3318 2042 3369 quod

1151 3373 1268 3415 sicut
1301 3372 1544 3413 virtutibus
1573 3370 1707 3414 MSS.
1736 3371 1857 3414 Harl.
1885 3369 2036 3414 Gucls.

1155 3428 1257 3471 edd.
1286 3428 1388 3471 Put.
1414 3428 1481 3471 M.
1515 3436 1558 3470 et
1585 3426 1640 3472 V.
1673 3427 1875 3472 Beroatd.
1906 3428 2038 3482 (eum

1157 3486 1226 3529 sil.
1252 3485 1382 3537 Vici.)
1407 3483 1506 3528 Ale.
1529 3510 1583 3517 —
1639 3500 1781 3541 quam
1801 3486 1916 3528 siout
1940 3486 2038 3530 vir-

1159 3545 1331 3587 tutibus
1353 3543 1485 3587 MSS.
1513 3543 1639 3587 nodi.
1666 3541 1747 3587 les.

1702 3256 1765 3300 lta
1788 3257 1890 3301 MS.
1923 3257 2039 3301 Rud.
2112 3301 2117 3303 Δ
