2138 4030
1687 268 1691 278 '
1726 293 1738 309 -.
1761 277 1814 315 Α.
1830 268 1982 316 Us‘ms.

1759 320 1813 353 A.
1832 318 1882 356 c.
1922 322 1983 360 w.

215 277 340 335 206
730 329 731 332 ,
792 271 1504 356 HISTORIARUM

210 404 543 462 celebritate
572 405 872 462 devertere
895 402 1325 462 Interamnium
1349 417 1524 482 atque
1556 405 1642 464 ibi
1669 408 1922 469 interfici
1940 412 2065 470 ius-

211 491 304 550 sit.
408 490 653 563 longum
686 489 1048 547 interfectori
1082 488 1301 546 visum:
1355 490 1422 546 in
1458 491 1671 549 itinere
1711 514 1780 551 ac
1820 495 2067 556 taberna

209 574 535 651 proiectum
563 570 734 632 humi
761 573 1048 647 iugulavit
1078 592 1290 647 magna
1315 594 1449 632 cum
1473 575 1699 634 invidia
1724 580 1867 637 novi
1897 583 2072 658 prin-

211 661 469 734 cipatuS‚
537 660 704 717 cuius
740 655 1145 733 hociprimum
1178 659 1474 734 specimen
1513 664 1880 726 noscebatur.
1989 664 2071 728 Et

211 744 479 802 Triariae
547 745 851 823 licentiam
906 743 1242 800 modestum
1307 763 1338 800 e
1402 747 1672 820 proximo
1737 751 2069 826 exemplum

210 830 516 898 onerabat,
561 828 801 886 Galeria
828 828 1202 903 imperatoris
1233 849 1384 886 uxor
1418 850 1542 888 non
1578 832 1842 891 immixta
1883 837 2068 893 tristi-

210 917 348 983 bus,
389 926 446 971 et
482 914 609 988 pari
647 914 937 987 probitate
969 923 1157 968 mater
1182 911 1560 972 Vitelliorum
1597 916 1871 989 Sextilia,
1912 922 2069 978 anti-

209 1000 318 1077 qui
336 999 536 1058 morIS.
621 998 834 1054 dixisse
858 998 1004 1074 quin
1034 998 1207 1053 etiam
1234 999 1307 1054 ad
1333 1000 1551 1075 primas
1586 1002 1696 1058 filii
1727 1004 1819 1060 sui
1853 1006 2070 1080 episto-

210 1086 295 1142 las
315 1085 614 1142 ferebatur
650 1102 774 1139 non
801 1080 1224 1141 Germanicum
1251 1103 1282 1139 a
1310 1102 1397 1154 se,
1439 1086 1541 1142 sed
1564 1083 1875 1146 Vitellium
1903 1092 2069 1166 geni-

1230 1341 1274 1383 T
1269 1313 1459 1387 riez-iae.
1519 1343 1596 1389 Sic
1630 1360 1788 1390 omnes
1822 1346 1943 1394 libri.
2003 1349 2062 1393 cf.

1172 1407 1266 1443 not.
1292 1400 1347 1442 ad
1375 1417 1418 1443 c.
1442 1401 1511 1444 63.

1225 1497 1250 1524 e
1266 1484 1491 1536 proximo
1514 1488 1800 1538 exemplum.
1844 1488 2060 1549 Ed.Spir.

1169 1555 1246 1581 me
1264 1544 1498 1593 proximo
1513 1545 1744 1596 exemplo.

260 1343 514 1385 devertere.
575 1340 652 1384 Sic
671 1339 805 1384 MSS.
822 1341 945 1384 Flor.
970 1342 1097 1396 (teste

204 1398 398 1453 Ryckio)
420 1398 530 1456 Agr.
555 1398 694 1442 Corb.
720 1398 837 1440 Bud.
862 1398 971 1456 Reg.
997 1399 1097 1441 edd,

205 1451 324 1513 spir.
345 1454 489 1513 Ryck.
518 1456 605 1499 Iac.
632 1453 832 1498 Gronov.
858 1471 958 1515 sqq.
1021 1455 1096 1498 Vi-

203 1512 374 1557 ctorius
405 1513 620 1556 intactum
649 1513 828 1580 reliquit
853 1516 1097 1561 divertere,

205 1571 327 1628 quod
350 1570 501 1612 ferunt
525 1570 658 1613 codd.
678 1570 809 1613 MSS.
830 1569 984 1613 Guelf.
1005 1570 1096 1613 alii·
1716 1620 1718 1622 v

204 1646 216 1670 ‹
238 1643 316 1676 ue.
375 1627 478 1670 edd.
525 1627 628 1670 Put.
661 1627 863 1672 Beroald.
899 1642 999 1693 sqq.
1041 1626 1096 1670 ad
1232 1622 1441 1669 Galerl'a.
1500 1625 1576 1669 Sic
1608 1625 1708 1671 edd.
1735 1627 1839 1673 Put.
1863 1645 1965 1690 sqq.
2004 1657 2061 1665 —

205 1645 449 1744 lkyckium.
507 1684 730 1729 Fortassis
754 1683 840 1728 viri
865 1684 987 1727 docti
1010 1700 1099 1726 ma·
1169 1683 1369 1736 galleria
1416 1682 1483 1725 cd.
1525 1683 1644 1740 Spir.
1734 1685 1838 1731 Vid.
1874 1698 1970 1732 not.
2006 1691 2061 1733 ad

203 1744 269 1804 gis
290 1743 414 1786 anxie
439 1750 676 1801 utramque
709 1742 979 1799 scripturam
1015 1741 1100 1784 dis·
1172 1753 1214 1782 c.
1241 1738 1313 1782 60.
1373 1738 1477 1784 MS.
1502 1739 1651 1784 Guels.
1671 1740 1746 1786 hic
1770 1745 1949 1789 Gloria.

202 1809 399 1845 cernunt
418 1816 550 1858 quam
571 1799 717 1844 fecere
742 1810 916 1845 veteres
940 1806 1097 1843 aueto-

1998 1835 2062 1879 Ex

1228 1841 1328 1869 non
1392 1829 1619 1872 immina
1679 1833 1899 1878 tristibus.

194 1875 292 1905 xre-5·

260 1958 622 2001 Interamnium.
691 1956 766 2001 Sic
800 1955 933 2000 MSS.
970 1956 1097 1999 Flor.

206 2018 342 2064 (teste
389 2015 590 2073 Ryckio)
645 2015 755 2069 Agr.
799 2013 907 2071 Reg.
960 2013 1094 2057 Bodl.

203 2073 354 2117 Guelf.
395 2072 498 2115 edd.
549 2073 637 2116 lac.
675 2072 884 2116 Gronov.
918 2071 1096 2114 Ernest.

202 2133 378 2174 Broter.
414 2146 514 2187 sqq.
614 2129 840 2172 Victorius
883 2129 1093 2171 intactam

204 2188 384 2246 reliquit
431 2187 697 2244 scripturam
738 2187 1092 2239 Interamnam,

202 2261 335 2304 quam
371 2238 630 2303 praeferunt
668 2242 771 2285 edd.
810 2242 913 2286 Put.
947 2243 1015 2286 Μ.
1053 2252 1097 2286 et

201 2303 258 2347 V.
275 2301 481 2345 Beroald.
501 2316 597 2358 sqq.
623 2300 677 2346 ad
698 2299 781 2345 Iac.
795 2299 1096 2344 Gronovinrn.

202 2360 263 2406 cf.
290 2359 394 2403 infr.
427 2358 470 2408 3,
500 2359 552 2401 61
588 2366 629 2400 et
662 2356 732 2402 63.
820 2357 922 2399 Non
958 2357 1095 2414 igitur

201 2419 354 2465 video.
385 2431 474 2483 quo
498 2417 677 2459 tandem
702 2413 852 2458 fructu
876 2415 963 2458 lac.
979 2414 1096 2458 Gro-

202 2475 367 2520 novius
399 2490 446 2516 m
477 2473 599 2516 huuc
631 2473 782 2516 locum
818 2471 1096 2515 revocaverit

199 2533 580 2580 Interamnium,
610 2530 716 2573 dum
743 2529 841 2572 aliis
866 2527 976 2572 locis
1003 2546 1095 2572 naa-

203 2597 279 2632 nct
332 2589 642 2630 Interamna:
690 2603 802 2644 quae
841 2586 1090 2644 scripturae

201 2645 499 2690 inconstantia
546 2661 636 2687 non
679 2652 824 2702 potest
867 2660 959 2685 non
998 2658 1091 2686 esse

200 2705 387 2762 ingrata.
464 2702 549 2746 Ed.
575 2704 605 2745 S
625 2703 692 2746 ἦν.
723 2702 797 2745 dat
830 2702 961 2742 intra
984 2705 1089 2743 An·

199 2764 348 2805 nium.
422 2759 554 2804 MSS.
625 2759 705 2803 arl.
743 2759 828 2802 les.
865 2759 1094 2800 Interan-

200 2821 343 2861 nium.
405 2817 507 2861 MS.
536 2817 651 2860 Bud.
676 2817 766 2859 iter
791 2817 1064 2859 ariminum.

258 2929 322 2971 ibi
341 2929 553 2983 interfici.
617 2927 666 2970 In
688 2925 791 2970 MS.
815 2923 969 2970 Guelf.
999 2942 1092 2969 non

203 2985 363 3043 legitur
381 2986 459 3028 ibi.

257 3087 448 3138 longum
489 3085 775 3139 interfectori
813 3083 989 3124 visum:
1044 3083 1091 3123 in

200 3143 365 3187 itinere
377 3158 432 3183 ac
454 3149 486 3184 t.
507 3149 594 3184 etc.
653 3142 729 3185 Sic
751 3139 852 3183 edd.
868 3147 966 3182 ante
978 3139 1092 3181 Rbe-

201 3215 369 3244 nanum
391 3199 510 3253 (curn
536 3198 682 3241 silent.
702 3198 838 3252 vict.)
866 3205 907 3239 et
932 3196 1092 3239 deinde

203 3256 377 3314 Micyll.
404 3255 568 3311 (1557.)
601 3255 720 3312 Lips.
752 3255 794 3308 (e
827 3253 918 3297 suis
951 3251 1091 3307 libris)

200 3313 328 3358 Pieh.
354 3329 451 3371 sqq.
523 3312 785 3355 Concinunt
806 3310 940 3355 codd.
960 3309 1092 3354 MSS.

202 3371 304 3427 (nisi
341 3370 463 3430 quod
497 3368 647 3412 Guels.
680 3367 768 3411 fert
804 3362 938 3421 longG
975 3367 1015 3411 h.
1049 3382 1090 3414 e.

201 3432 402 3483 longum)
441 3442 533 3470 uno
578 3434 758 3481 excepto
792 3425 934 3473 Bud.‚
971 3424 1091 3467 unde

199 3485 438 3529 Rhenanus
472 3484 809 3539 obtemperante
838 3480 956 3525 Aldo
991 3480 1088 3524 edi-

201 3543 289 3587 dit:
329 3541 544 3595 Longum
577 3537 890 3593 interfectori:
933 3541 980 3581 in
1015 3538 1087 3580 iti-

200 3615 311 3644 nere
333 3602 479 3643 visum
493 3631 504 3650 ‚
534 3614 588 3642 ac
614 3598 814 3639 taberna
837 3602 921 3639 ete.

1171 1884 1482 1929 emendatione
1503 1886 1537 1930 I.
1561 1887 1634 1930 Fr.
1653 1887 1894 1943 Gronovii,
1926 1908 2062 1951 quam

1169 1943 1215 1985 in
1251 1942 1403 1985 locum
1438 1959 1648 2002 recepere
1677 1945 1855 1991 Ernest.
1881 1948 2059 1995 Broter.

1168 2016 1265 2057 sqq.
1288 2023 1348 2033 —-
1389 1999 1625 2044 Gronovio
1646 2003 1764 2048 hanc
1787 2007 2061 2052 emendatio·

1169 2075 1273 2100 nem
1306 2057 1498 2113 praeivit
1532 2059 1634 2102 cod.
1662 2059 1766 2104 MS.
1800 2061 1953 2115 Flor„
1982 2065 2062 2123 qui

1167 2123 1269 2158 test.
1298 2114 1423 2159 Pieh.
1450 2115 1522 2158 dat
1542 2130 1639 2158 non
1659 2120 1815 2161 imm‘x
1839 2124 2062 2164 tristibus.

1169 2169 1382 2228 Ed.Spi1·.
1407 2186 1507 2215 non
1524 2176 1848 2220 tumetrz'cibus.
1910 2179 2059 2223 victo·

1165 2228 1259 2271 rius
1288 2229 1505 2272 intactum
1537 2229 1722 2289 reliquit
1753 2247 1848 2275 non
1885 2236 2060 2279 minax

1166 2286 1396 2335 tristibus,
1428 2287 1549 2357 quod
1574 2297 1707 2333 exstat
1729 2289 1775 2332 iu
1787 2289 1920 2335 MSS.
1933 2282 2066 2337 Harl.

1164 2343 1297 2386 Bodl.
1322 2341 1406 2386 les.
1428 2343 1576 2387 buelf.
1601 2346 1705 2390 edd.
1725 2346 2058 2396 Put.1Beroa1d.

1168 2401 1267 2445 Alc.
1294 2400 1436 2444 Rhen.
1456 2400 1562 2444 Ald.
1585 2419 1683 2461 sqq.
1716 2405 1770 2447 ad
1796 2403 2058 2457 Piehenam‚

1167 2457 1245 2517 qui
1282 2475 1305 2501 e
1342 2458 1537 2517 vestigiis
1568 2459 1670 2504 MS.
1705 2461 1828 2505 Flor.
1865 2465 2058 2508 coniecit

1167 2515 1413 2572 ediditque.
1445 2530 1542 2558 non
1601 2517 1785 2562 inmitis
1835 2522 2056 2576 tristibus,

1166 2588 1278 2630 quae
1326 2588 1531 2616 mansere
1576 2590 1655 2631 per
1696 2576 1797 2621 edd.
1836 2576 2056 2637 Bernegg.

1164 2631 1371 2673 Gronov.
1414 2629 1559 2688 Ryek.
1606 2632 1695 2677 lac.
1733 2632 1941 2679 Gronov.
1999 2662 2052 2673 «-

1161 2687 1263 2731 MS.
1289 2687 1403 2732 Bud.
1434 2687 1523 2730 fert
1547 2703 1644 2730 non
1667 2691 1809 2733 minis
1829 2692 2054 2743 tristibus,

1166 2761 1279 2802 quae
1303 2744 1533 2801 placebant
1559 2746 1799 2802 Rhenan03
1830 2748 1929 2793 MS.
1946 2751 2055 2807 Agr.

1164 2815 1262 2843 non
1286 2801 1512 2844 immanis
1535 2805 1758 2850 tristibus.
1833 2804 1906 2849 De
1932 2808 2052 2852 veri-

1165 2868 1253 2901 tate
1286 2857 1607 2903 emendationis
1630 2860 1946 2908 Gronovianae
1977 2865 2050 2910 vix

1165 2915 1404 2958 dubitabis,

1222 3000 1435 3043 Sextilia.
1494 2998 1552 3043 cf.
1580 3001 1767 3046 sueton.
1786 2980 1875 3047 Viti
1902 3022 1943 3050 c.
1962 3004 1989 3050 S
2010 3017 2053 3051 et

1167 3056 1234 3099 14.
1292 3055 1444 3101 Nostr.
1467 3056 1572 3100 infr.
1600 3075 1639 3102 c.
1662 3058 1735 3104 89.
1764 3070 1808 3104 et
1829 3060 1871 3114 3,
1894 3062 1966 3108 67.

1220 3140 1400 3182 dixisse
1428 3173 1439 3184 .
1459 3173 1468 3183 .
1486 3172 1497 3184 .
1510 3141 1758 3194 ferebatur
1785 3153 1871 3189 etc.
1931 3147 2048 3191 Sue-

1164 3207 1262 3241 ton.
1295 3213 1333 3241 c.
1366 3197 1407 3240 3.
1451 3197 1724 3241 Genitor-am
1764 3202 1865 3244 eius
1899 3218 2047 3258 prae-

1162 3255 1333 3296 dictam
1358 3271 1388 3295 a
1411 3257 1750 3300 mathematicis
1773 3259 1842 3300 ita
1868 3265 2049 3315 poren-

1165 3318 1236 3353 tes
1257 3314 1618 3361 exlium-uerunt,
1648 3321 1698 3355 ut
1713 3322 1858 3369 patet·
1877 3332 2050 3372 magno

1161 3381 1296 3420 opere
1317 3383 1503 3423 semper
1525 3371 1833 3423 contenderit,
1871 3389 1930 3416 ne
1957 3390 2048 3430 qua

1161 3426 1208 3466 ei
1220 3428 1460 3478 provincia
1479 3427 1577 3468 vivo
1596 3442 1646 3470 se
1667 3422 2050 3483 committeretur,

1162 3488 1315 3524 mater
1357 3491 1401 3524 et
1441 3486 1630 3525 mis-sum
1672 3488 1738 3527 ad
1772 3488 1971 3541 legiones
2005 3499 2051 3533 et

1161 3541 1447 3593 appellatum
1475 3542 1812 3602 imperatorem
1837 3559 1933 3600 pro
1958 3554 2048 3591 ad—

1148 3595 1283 3652 flicto
1307 3598 1472 3640 statim
1492 3599 1760 3642 lamentata
1781 3601 1855 3645 Sit.
