2138 4030
234 263 284 298 Α.
300 261 351 296 U.
367 259 452 294 823.

231 305 284 340 A.
303 303 350 340 C.
391 303 452 337 7⁰.

669 259 834 319 LIB.
881 259 926 318 Ι.
1005 257 1196 318 CAP.
1233 254 1337 318 50.
1375 256 1476 319 51,
1911 263 1991 323 75

145 396 288 453 alias
310 393 502 450 clades
528 387 867 447 horrebant.
905 436 907 438 .
955 397 1011 443 et
1044 386 1316 458 ambigua
1342 388 1415 442 de
1442 384 1800 463 Vespasiano
1822 394 1995 465 fama,

145 481 420 556 solusque
466 475 734 534 omnium
782 483 918 528 ante
967 491 1025 527 se
1068 471 1404 546 principum
1454 473 1520 528 :in
1559 476 1768 532 melius
1802 492 1997 537 muta-

146 577 242 622 tus
283 576 387 624 est.
1002 604 1007 606 -

315 646 416 708 LI.
477 645 650 704 Nunc
683 643 854 699 initia
891 660 1206 717 causasque
1239 653 1438 699 motus
1472 639 1780 699 Vitelliani
1827 668 1999 723 expe-

149 735 328 792 diam.
414 731 596 790 Caeso
634 749 769 786 cum
803 728 1078 784 omnibus
1113 726 1295 800 copiis
1329 723 1483 782 Iulio
1509 725 1792 798 Vindice,
1835 733 1997 790 ferox

147 819 362 895 praeda
405 818 707 891 gloriaque
742 812 1052 880 exercitus,
1105 822 1175 867 ut
1211 810 1307 867 cui
1343 811 1471 867 sine
1508 811 1710 869 labore
1746 834 1811 870 ac
1843 819 2002 889 peri-

150 904 284 962 culo
338 901 612 959 ditissimi
664 898 811 955 belli
866 896 1113 954 victoria
1176 896 1488 966 evenisset,
1571 899 2002 972 expeditionem

152 1009 329 1065 quam
377 987 595 1055 otium,
652 982 912 1060 praemia
950 1001 1127 1058 quam
1166 981 1456 1055 stipendia
1503 983 1776 1043 malebat.
1881 983 2003 1043 Diu

151 1075 573 1130 infructuosam
611 1081 670 1127 et
707 1087 969 1143 asperam
1008 1065 1284 1121 militiam
1331 1067 1724 1125 toleraverant
1765 1069 2004 1144 ingenio

153 1159 272 1216 loci
298 1158 561 1233 coelique
593 1167 649 1211 et
674 1152 977 1210 severitate
1010 1150 1382 1225 disciplinae,
1425 1172 1600 1228 quam
1633 1153 1698 1208 in
1735 1175 1875 1229 pace
1908 1155 2005 1211 in-

155 1244 511 1301 exorabilem
535 1239 861 1297 discordiae
887 1235 1107 1293 civium
1130 1237 1435 1294 resolvunt
1460 1237 1677 1311 paratis
1708 1240 2007 1318 utrimque

155 1327 598 1402 corruptoribus
637 1335 694 1380 et
727 1322 970 1398 perfidia
1005 1321 1316 1395 impunita.
1413 1319 1576 1391 Viri,
1632 1343 1827 1394 arma,
1870 1328 2008 1403 equi

155 1414 230 1469 ad
257 1432 430 1468 usum
465 1421 521 1467 et
555 1410 631 1466 ad
670 1409 845 1465 decus
883 1417 1243 1482 supererant.
1321 1406 1423 1462 sed
1461 1418 1596 1464 ante
1619 1409 1841 1465 bellum
1867 1431 2006 1467 cen-

154 1497 337 1554 turias
374 1508 605 1555 tantum
638 1512 770 1550 suas
805 1503 1142 1567 turmasque
1179 1503 1497 1561 noverant,
1557 1494 1838 1551 exercitus
1870 1496 2007 1551 fini-

156 1584 268 1640 bus
304 1581 744 1658 provinciarum
782 1578 1282 1637 discernebantur.
1376 1588 1504 1634 tum
1542 1580 1819 1637 adversus
1854 1579 2008 1638 Vin-

159 1831 246 1866 etc.
306 1821 435 1878 Quae
460 1820 575 1864 ratio
598 1821 633 1863 si
654 1819 736 1863 tibi
758 1819 925 1877 placet,
952 1833 1048 1860 ver·

159 1882 215 1924 ba
237 1881 412 1938 bellu.
433 1879 567 1921 aliud
586 1887 725 1933 atque
746 1878 871 1919 alias
894 1878 1051 1918 clades

159 1937 329 1981 referes
364 1935 419 1980 ad
456 1942 831 1990 augur-arentur,
872 1933 1048 1976 sublato

161 2003 330 2053 puncto
362 2003 464 2050 post
494 1993 540 2035 id
575 1993 769 2038 verbum
801 2006 928 2034 nunc
963 2005 1049 2046 po-

160 2051 263 2095 sito.
354 2050 457 2093 MS.
491 2050 607 2093 Bud.
643 2044 727 2108 pro
758 2055 895 2104 atque
927 2047 1051 2090 alias

160 2109 234 2152 dat
259 2115 304 2151 et
329 2109 469 2150 alias.

218 2191 332 2236 CAP.
363 2190 436 2235 51.
518 2191 861 2244 expeditionem
906 2203 1050 2244 quam

163 2251 329 2292 otium.
399 2249 478 2292 Sic
506 2248 609 2292 edd.
630 2247 839 2291 Obcrlin.
870 2262 968 2304 sqq.
1003 2261 1053 2288 ex

1119 1817 1258 1874 Vict.)
1291 1817 1393 1860 edd.
1426 1817 1544 1875 Spir.
1579 1817 1784 1863 Rhenan'.
1819 1835 1918 1880 sqq.
1953 1846 2010 1856 —-

1122 1877 1350 1916 mallabat
1381 1875 1480 1918 MS.
1518 1876 1673 1919 Guelf.
1707 1877 1758 1932 (a
1793 1894 1881 1923 sec.
1919 1884 2009 1938 m.)

1122 1931 1223 1976 edd.
1249 1932 1351 1974 Put.
1372 1932 1439 1978 M.
1467 1934 1586 1986 etv,
1608 1933 1816 1979 Beroald.
1838 1937 1941 1980 Alc.

1175 2017 1254 2058 diu
1284 2016 1628 2073 infructuosam

1121 2081 1251 2116 rant.
1331 2074 1408 2117 Sic
1440 2072 1578 2118 MSS.
1612 2074 1737 2120 Flor.
1775 2078 1892 2130 (test.
1921 2079 2011 2124 lac.

1126 2131 1365 2188 Gronov.)
1409 2133 1524 2176 Bud.
1570 2131 1681 2189 Agr.
1724 2132 1834 2192 Reg.
1873 2134 2011 2181 Corb.

1123 2189 1223 2238 edd,
1251 2187 1370 2247 Spir.
1407 2198 1449 2231 et
1476 2190 1689 2232 suadente
1713 2189 1801 2235 lac.
1825 2190 2014 2237 Grono-

1123 2247 1195 2288 vio
1236 2245 1441 2290 Oberlin.
1475 2262 1574 2304 sqq.
1604 2270 1660 2279 -
1721 2249 1889 2304 diuque
1924 2283 1937 2295 .
1960 2284 1973 2295 .

1663 2049 1675 2060 .
1700 2051 1713 2063 .
1735 2051 1748 2062 .
1780 2022 2014 2064 tolerave-

161 2307 383 2352 emendat.
402 2307 522 2365 Lips.
553 2330 612 2341 —
670 2304 792 2347 Libri
819 2312 929 2347 vett.
962 2318 1052 2345 ex-

160 2365 448 2421 peditionem
487 2371 532 2406 et
572 2364 737 2406 aciem.
819 2360 1051 2419 Bipontini

165 2422 554 2467 coniectaverunt:
611 2420 956 2474 expeditionem
1009 2425 1053 2458 et

151 2479 336 2536 facilia.
388 2479 450 2523 At
469 2494 565 2521 eam
590 2476 856 2521 sententiam
876 2476 910 2518 si
934 2474 1055 2525 velis,

164 2535 448 2582 commodius
499 2544 543 2578 et
587 2534 816 2578 veteribus
859 2531 1055 2589 vestigiis

163 2593 348 2652 propius
381 2593 492 2636 erit:
537 2592 880 2648 expeditionem
915 2605 1056 2645 quam

150 2651 331 2694 aciem.
415 2649 558 2694 Valde
602 2657 753 2692 tamen
793 2647 949 2690 dubito
997 2662 1056 2694 an

167 2708 355 2751 omnino
397 2709 560 2751 veteris
601 2707 848 2764 scripturae
889 2703 1054 2762 poeni-

166 2773 270 2816 teat,
300 2764 347 2806 in
371 2781 456 2822 qua
480 2763 828 2819 expeditionem
846 2769 892 2804 et
907 2763 1055 2803 aciem

149 2832 217 2864 ‘ut
238 2838 491 2880 synonyma
520 2821 736 2877 accipies,
775 2819 886 2863 illud
914 2833 1056 2874 quam

167 2881 317 2921 otium
349 2878 534 2936 intelligi
566 2886 711 2937 potest
733 2886 777 2920 et
799 2877 892 2920 sine
919 2876 1057 2936 dubio

171 2936 462 2993 intelligitur,
513 2936 549 2978 si
583 2935 683 2994 quis
720 2935 884 2979 dieitur
927 2932 1059 2976 malle

172 2993 497 3051 expeditionem
532 3001 574 3035 et
599 2993 759 3035 aciem.
818 2988 1060 3048 Nequeita

171 3051 336 3094 Noster
359 3051 504 3093 studet
532 3048 811 3092 similitudini
839 3048 1063 3090 membro·

172 3123 301 3155 rum,
342 3116 391 3151 ut
423 3115 658 3165 propterea
678 3105 727 3147 Li
764 3106 813 3148 sii
849 3105 1062 3148 emenda-

173 3165 342 3208 tionem
390 3164 626 3231 praeferas.
779 3163 938 3205 aemz'a
978 3177 1063 3217 pro

174 3221 339 3284 praeda
361 3221 447 3264 dici
472 3220 624 3263 docuit
649 3220 684 3263 I.
707 3221 783 3263 Fr.
805 3218 1064 3263 Gronovius

177 3279 232 3322 ad
256 3277 356 3322 Liv.
381 3277 487 3336 epit.
515 3277 586 3320 89.
640 3277 726 3320 Hic
749 3284 897 3320 tamen
923 3275 966 3318 id
992 3291 1064 3316 vo-

180 3334 389 3381 cabulum
407 3341 575 3391 spectat
590 3334 644 3376 ad
658 3334 934 3385 donationes,
955 3348 1064 3391 quas

177 3393 488 3448 exspectabant
537 3390 590 3433 ab
641 3391 701 3433 im
738 3400 934 3444 eratore,
995 3390 1066 3433 cui

180 3464 309 3505 opem
352 3449 522 3490 ferrent
556 3446 603 3489 in
633 3447 752 3490 belo
788 3448 926 3494 civili.
1008 3447 1066 3490 cf.

182 3507 272 3550 An.
297 3508 336 3554 1,
366 3505 433 3548 16.
455 3505 527 3548 42.
587 3504 708 3548 Suet.
732 3502 840 3550 Oct.
876 3522 914 3548 e.
938 3506 1006 3549 15.

242 3576 462 3619 ntalebat.
526 3575 614 3627 ..Sic
646 3575 748 3620 MS.
787 3575 911 3621 Flor.
948 3577 1064 3629 (test.

1124 2307 1412 2347 toleraverat
1442 2304 1578 2348 MSS.
1611 2303 1739 2348 Harl.
1767 2307 1898 2350 Bodl.
1928 2310 2013 2354 les.

1126 2361 1279 2405 Guelf.
1313 2362 1416 2404 edd.
1448 2361 1552 2407 Put.
1586 2361 1687 2406 Ber.
1729 2363 1833 2406 Ale.
1869 2365 2033 2413 Rhea„

1127 2419 1229 2463 Atd.
1259 2436 1356 2476 sqq.
1430 2418 1658 2463 Victorius
1695 2422 1774 2463 diu
1803 2421 1898 2466 sine
1928 2438 2017 2480 que

1128 2493 1151 2519 e
1174 2476 1275 2519 MS.
1297 2477 1424 2520 Flor.
1448 2475 1584 2519 sistit:
1625 2479 1909 2522 toleraverat
1931 2482 1945 2524 i
1979 2483 2016 2526 si

1126 2535 1343 2577 intactum
1381 2535 1558 2577 mansit.
1646 2533 1790 2578 Etiam
1831 2536 1879 2579 in
1967 2540 2016 2583 S.

1127 2591 1260 2634 Bodl.
1309 2606 1394 2648 que
1444 2606 1468 2633 a
1508 2607 1597 2635 sec.
1643 2607 1781 2634 manu
1822 2593 2018 2642 deletum

1129 2656 1206 2693 est.

1128 2778 1154 2818 ὂ
1167 2719 1535 2818 Ἱιήεωοναόίὶενη.
1594 2718 1678 2764 Ed.
1698 2719 1819 2778 Spir.
1841 2737 2015 2768 exora-

1157 2793 1169 2818 ι
1191 2793 1279 2820 em.

1186 2850 1252 2890 ad
1274 2861 1412 2888 usum
1436 2855 1479 2890 et
1511 2851 1576 2890 ad
1600 2851 1755 2892 decus.
1817 2850 1895 2894 Sic
1915 2851 2019 2897 MS.

1132 2903 1286 2950 Guelf.
1323 2904 1422 2946 edd.
1448 2905 1549 2948 Put.
1575 2922 1673 2964 sqq.
1707 2923 1811 2950 cum
1842 2908 2020 2954 silentio

1131 2962 1339 3004 Victorii.
1373 2986 1424 2994 -
1502 2967 1567 3004 ad
1601 2978 1710 3006 usus
1743 2973 1788 3007 et
1821 2969 2021 3011 dedecus

1132 3019 1236 3062 MS.
1259 3017 1397 3062 Corb.
1422 3020 1491 3063 ed.
1504 3021 1622 3079 Spir.
1649 3046 1704 3055 ·--
1742 3025 1807 3065 ad
1827 3027 2023 3068 dedecus

1134 3077 1265 3120 etiam
1288 3076 1388 3120 MS.
1411 3077 1549 3129 Bud„
1579 3095 1601 3121 e
1623 3078 1738 3122 mala
1758 3081 2022 3137 repetitione

1135 3134 1326 3199 syllabae
1363 3138 1443 3186 de,
1499 3137 1620 3202 quod
1653 3135 1814 3182 vitium
1849 3140 2022 3196 saepius

1135 3191 1299 3233 acetdlt
1321 3191 1369 3234 in
1392 3200 1579 3236 transttu
1609 3195 1664 3238 ab
1693 3209 1785 3236 uno
1807 3210 1938 3239 versu
1967 3196 2024 3247 ad

1136 3247 1345 3294 alterum.
1384 3271 1385 3275 =

1194 3329 1484 3372 supererant.
1546 3321 1603 3365 cf.
1634 3319 1791 3364 Germ.
1823 3336 1863 3364 c.
1885 3321 1928 3365 6.
1951 3323 2025 3365 Ne.

1126 3375 1315 3431 serrum
1339 3380 1520 3432 qut'clem
1547 3384 1770 3431 superest.

1195 3454 1393 3491 tantum.
1451 3447 1553 3491 MS.
1578 3447 1727 3490 Guelf.
1750 3454 1926 3491 tamen.

1127 3543 1132 3546 -
1194 3531 1303 3560 suas
1324 3526 1612 3575 turmasque.
1639 3517 1874 3561 .MS.Bu‹l.
1895 3532 2024 3567 suas-

1141 3590 1248 3629 que,
1277 3576 1443 3619 omisso
1469 3576 1608 3619 altero
1636 3575 1870 3620 vocabulo.
