2138 4030
1717 269 1847 329 32⁴1&
1890 278 1907 285 ”

1715 335 1767 372 Δ.
1787 332 1837 374 C.

188 292 304 353 122
752 284 1474 351 HISTORIARUM'

178 428 507 494 „congestu
530 420 796 497 lapidum
820 431 972 477 stare
997 418 1272 477 creditis?
1337 431 1511 478 muta-
1527 414 1639 480 ista
1667 420 2023 497 etsirpanima

178 506 576 577 „intercidere
610 526 676 563 ac
715 503 976 580 reparari
1007 503 1341 579 promiscua
1377 517 1542 564 sun-t:
1584 506 1905 572 aeternam
1923 519 2025 578 ‚rev

175 612 356 663 „rum
381 603 437 650 et
459 611 572 668 pax
596 591 859 666 gentium
885 600 942 645 et
960 609 1090 645 mea
1126 609 1259 647 cum
1289 602 1483 648 vestra
1517 591 1674 649 salus
1707 591 2024 656 incolumi-

174 689 336 749 „tate
356 688 594 735 senatus
616 676 902 733 firmatur.
970 668 1450 750 huncauspicato
1475 696 1509 732 a
1533 687 1777 752 parente
1801 687 1859 742 et
1876 696 2025 738 mn-

174 764 411 834 „ditore
447 762 613 819 urbis
644 770 876 843 nostrae
909 758 1247 816 institutum
1278 772 1336 817 et
1370 780 1404 817 a
1435 763 1672 836 regibus
1717 774 1924 839 usque'
1949 762 2025 818 ad

175 848 513 923 „principes
544 845 896 903 continuum
931 855 988 904 et
1016 844 1409 902 immortalem
1446 846 1597 904 sicut
1629 867 1664 903 a
1700 843 2025 904 maioribus

173 933 545 1008 „accepimus
571 931 652 987 sic
677 928 928 1004 posteris
951 930 1270 990 tradamus.
1354 952 1495 988 nam
1526 943 1594 989 ut
1628 951 1696 989 ex
1730 925 1902 988 vobis
1934 950 2026 988 se-

175 1066 208 1088 „
222 1031 456 1076 natores
482 1017 563 1073 ita
586 1036 654 1071 ex
680 1013 1048 1070 senatoribus
1071 1014 1367 1091 principes
1390 1014 1773 1076 nascuntur..”

280 1141 298 1178 ;
338 1098 642 1159 LXXXV;
705 1096 785 1156 Et
822 1099 1010 1156 oratio
1042 1101 1117 1155 ad
1152 1101 1633 1175 perstringendos
1651 1101 2026 1158 mulcendos-

172 1210 285 1267 que
309 1187 569 1244 militum
594 1184 826 1241 animos
852 1196 908 1241 et
928 1184 1249 1241 severitatis
1271 1187 1483 1242 modus
1511 1183 1730 1264 (neque
1763 1186 1922 1242 enim
1959 1178 2021 1242 in

169 1276 368 1351 plures
392 1291 570 1347 quam
596 1270 662 1325 in
685 1270 833 1326 duos
856 1269 1248 1327 animadverti
1279 1271 1552 1350 iusserat)
1586 1281 1746 1345 grate
1777 1283 2026 1346 accepta,

172 1356 596 1433 compositique
651 1354 727 1411 ad
780 1374 1055 1430 praesens
1106 1355 1211 1431 qui
1259 1357 1514 1413 coerceri
1568 1376 1694 1412 non
1734 1366 2024 1431 poterant.

170 1444 307 1503 Non
330 1455 528 1505 tamen
553 1439 718 1518 quies
739 1440 905 1497 urbis
926 1440 1207 1497 redierat:
1251 1442 1526 1517 strepitus
1558 1441 1826 1499 telorum·
1847 1452 1904 1498 et
1935 1441 2023 1498 fa-

172 1532 288 1586 cies
319 1528 463 1587 belli
495 1538 550 1584 et
585 1524 876 1587 militibus
909 1537 977 1583 ut
1015 1521 1172 1584 nihil
1204 1525 1269 1583 in
1304 1547 1615 1585 commuue
1648 1526 2024 1594 turbantibus

226 1815 361 1851 muta
385 1807 487 1849 ista.
550 1803 778 1846 Broterius
802 1808 987 1844 testatur
1015 1802 1062 1844 in

173 1864 441 1924 quibusdam
475 1861 608 1905 MSS.
645 1875 729 1918 pro
781 1866 916 1901 muta
968 1875 1061 1902 esse

171 1927 350 1970 multa.-
390 1921 476 1965 hoc
506 1936 529 1963 e
551 1919 656 1963 MS.
682 1917 803 1960 Flor.
833 1915 1064 1962 adnotavit

176 1978 422 2027 Victorius.

227 2051 458 2096 inanima.
546 2046 585 2089 E
638 2045 870 2092 verissima
926 2043 1062 2101 Lipsii

170 2108 510 2159 emendatione,
569 2120 705 2161 quam
752 2102 925 2159 primus
972 2103 1064 2158 ipse

170 2166 314 2212 edidit
346 2162 471 2208 1574.
551 2163 612 2205 ef.
650 2160 748 2204 Cic.
782 2160 827 2201 in
861 2159 992 2201 Verr.
1024 2159 1064 2206 5,

167 2226 240 2270 67.
299 2223 411 2266 Tae.
445 2221 533 2263 An.
561 2219 602 2271 4,
630 2218 702 2261 69.
732 2240 792 2248 -
849 2215 987 2258 MSS.
1025 2224 1066 2258 ct

167 2290 280 2327 vett.
315 2278 418 2324 edd.
440 2277 631 2328 inania,
661 2284 705 2319 et
727 2273 875 2321 Guelf.
902 2273 1064 2316 omissa

170 2336 339 2398 copula
361 2343 419 2381 et.

222 2420 494 2476 pro‘miscua
515 2426 642 2462 sunt.
702 2417 779 2461 Sic
795 2415 928 2459 MSS.
945 2414 1061 2458 Bud.

166 2482 282 2538 Agr.
314 2479 425 2536 Reg.
461 2477 599 2521 Corb.
632 2475 733 2518 edd.
763 2474 878 2531 Spir.
914 2481 955 2515 et
987 2489 1060 2514 au-

168 2549 295 2583 ctore
341 2534 651 2600 Fr‘einshemio
694 2533 914 2588 Bernegg.
963 2545 1060 2587 sqq.

167 2620 226 2630 —
252 2594 498 2650 promisca
520 2598 634 2634 sunt
654 2589 755 2633 MS.
769 2588 906 2640 Flor„
930 2603 1060 2630 more

168 2670 251 2697 suo
277 2657 393 2707 (test.
423 2649 586 2706 Pieh.).
649 2645 878 2690 Victorius
910 2654 1059 2689 tamen

143 2710 385 2755 >intactum
432 2706 617 2764 reliquit
653 2706 909 2758 promiscue
947 2716 1059 2757 pos-

166 2776 299 2817 sunt,
332 2766 397 2809 uti
420 2773 555 2808 exstat
576 2759 907 2806 in1MSS.Har1.
925 2759 1060 2810 Bodl2

61 2857 73 2872 ,
119 2847 123 2853 ·
168 2827 257 2869 les.
281 2823 430 2866 Guelf.
466 2821 566 2866 edd.
599 2820 703 2867 Put.
729 2834 823 2875 sqq.
856 2817 910 2861 ad
943 2817 1060 2859 Ber-

167 2892 433 2940 neggerum.
504 2879 592 2922 Sed
625 2877 731 2921 alibi
749 2875 956 2919 Victorio
990 2874 1058 2916 lit-

166 2948 262 2982 tera
298 2937 405 2981 uin
443 2951 496 2979 eo
541 2936 758 2978 vocabulo
804 2940 1058 2978 constanter

168 2996 342 3040 deletur
366 2993 630 3041 auctoritate
656 2991 824 3038 codicis
845 2989 969 3033 Flor.

222 3080 328 3121 pax
355 3064 577 3118 gentium.
657 3061 732 3104 Sic
761 3060 896 3104 MSS.
931 3061 1058 3114 (teste

168 3122 395 3178 Broterio)
423 3120 638 3163 edd.vett.
658 3127 702 3161 et
722 3125 908 3162 reeentt.
934 3132 1058 3173 prae·

166 3192 237 3227 ter
256 3181 359 3224 Put.
385 3179 436 3219 V.
460 3185 503 3219 et
523 3174 647 3228 Ale„
680 3191 792 3233 quae
817 3176 922 3218 dant
943 3187 1060 3229 pars

168 3240 389 3295 gentium.

211 3309 457 3364 firmatur.
514 3300 616 3346 MS.
642 3301 792 3348 Guelf.
806 3304 977 3360 firma.

227 3381 343 3422 sicut
375 3390 408 3417 a
441 3373 706 3416 maioribus.
788 3373 890 3417 MS.
934 3373 1057 3417 Flor.

171 3440 285 3491 (test.
309 3432 427 3476 Vict.
463 3445 569 3475 eum
603 3429 690 3472 Iac.
728 3429 949 3487 Gronov.)
983 3433 1060 3482 sie,

171 3493 291 3551 quod
336 3504 431 3533 non
465 3487 593 3530 video
634 3488 867 3543 quomodo
902 3504 1060 3530 sanum

171 3545 508 3596 lac.Gronovio
530 3543 668 3587 videri
692 3545 900 3602 potuerit,
959 3545 1060 3590 MS.

177 3607 319 3651 (ἴοι-1).
343 3621 373 3648 α
390 3602 637 3659 prioribus.

1192 1801 1303 1846 CAP.
1327 1802 1398 1846 85.
1456 1802 1518 1845 Ec
1548 1803 1715 1847 orah‘o.
1777 1801 1855 1847 sie
1883 1801 2021 1853 MSS.

1133 1858 1260 1904 Flor.
1287 1859 1543 1916 (test.Vict.)
1558 1859 1708 1910 Guelf.
1729 1860 1768 1914 (a
1785 1874 1853 1918 pr.
1868 1862 2022 1916 manu)

1133 1917 1248 1961 Bud.
1270 1917 1395 1961 Harl.
1420 1917 1552 1961 Bodl.
1583 1917 1663 1961 [es.
1696 1916 1796 1961 edd.
1817 1916 2019 1960 Rhenan.

1133 1973 1238 2021 Ald.
1268 1991 1364 2033 sqq.
1384 1976 1439 2018 ad
1461 1975 1636 2018 Broter.
1657 1974 1838 2032 Bipont.
1853 1974 2024 2026 Oberl„

1135 2032 1212 2088 qui
1250 2042 1524 2076 revocarunt
1554 2047 1610 2074 ea
1643 2033 1799 2074 oratio
1818 2047 1859 2086 e
1888 2031 2021 2075 MSS.

1135 2089 1247 2146 Reg.
1262 2091 1367 2146 Agr.
1388 2089 1540 2136 Guelf.
1571 2089 1611 2143 (a
1627 2105 1715 2133 see.
1739 2093 1894 2142 manu)
1919 2088 2020 2132 edd.

1136 2147 1254 2204 Spir.
1283 2146 1386 2189 Put.
1410 2145 1617 2191 Beroald.
1641 2145 1744 2190 Alc.
1818 2145 2021 2195 Restituo

1136 2211 1179 2257 et
1203 2207 1306 2247 c'um
1320 2202 1553 2248 Bekkero:
1589 2219 1694 2248 nam
1714 2211 1759 2245 et
1781 2206 1933 2246 oratio
1956 2235 1969 2248 .
1984 2235 1994 2248 .
2009 2235 2021 2247 .

1137 2267 1181 2303 et
1203 2263 1463 2306 severitatis
1484 2262 1652 2306 modus
1673 2271 1823 2318 aperte
1848 2261 1930 2304 sibi
1956 2277 2020 2304 re·

1135 2319 1371 2377 spondent.
1433 2320 1507 2362 Ea
1529 2317 1687 2362 inutile
1708 2324 1802 2362 est.v
1951 2318 1954 2325 “

1190 2391 1254 2431 ad
1299 2389 1684 2443 perstringendos
1728 2390 2021 2444 mulqendos-

1132 2462 1235 2505 que.
1306 2446 1391 2489 Ed.
1425 2444 1540 2503 Spir.
1571 2460 1657 2500 per
1685 2445 2024 2502 pscrzhgendos

1131 2506 1505 2557 mulcendosque.
1608 2502 1708 2546 MS.
1752 2502 1865 2562 Agr.
1909 2520 2017 2559 per—

1130 2563 1402 2616 stringendo
1424 2562 1775 2616 mulcendaque.

1188 2647 1280 2674 non
1301 2641 1462 2678 tamen
1488 2632 1613 2687 quies
1637 2630 1766 2673 urbis
1791 2632 2021 2675 redierat:

1130 2690 1351 2743 strepitus
1386 2692 1586 2732 telorum
1618 2695 1662 2730 et
1673 2687 1826 2744 facies
1841 2690 1958 2732 laeui
1977 2699 2020 2732 et

1132 2749 1349 2791 militibus
1383 2756 1468 2790 ete.
1555 2745 1631 2788 Sic
1670 2745 1821 2789 locum
1867 2746 1908 2791 le
1942 2757 2021 2790 unt

1133 2806 1232 2850 MS.
1258 2804 1380 2848 Flor.
1406 2802 1646 2858 (test.Vict.
1676 2818 1782 2847 cum
1806 2802 1891 2848 Iac.
1966 2815 2020 2849 ‘o-

1131 2862 1262 2916 nov.)
1287 2870 1329 2903 et
1352 2861 1422 2906 ed.
1442 2860 1562 2917 Spir.
1629 2860 1670 2903 A
1694 2859 1856 2918 quibus
1879 2860 2020 2905 diver-

1130 2936 1204 2963 sus
1229 2918 1502 2961 Puteolanus
1526 2915 1690 2962 edidit:
1732 2932 1829 2961 non
1862 2925 2021 2962 tamen

1131 2977 1260 3032 quies
1281 2976 1409 3018 urbis·
1433 2977 1653 3018 redierat.
1704 2978 1924 3030 strepitus
1946 2985 2018 3019 te-

1130 3037 1283 3075 lorum
1316 3040 1360 3076 ec
1382 3034 1536 3089 facies
1570 3031 1680 3074 belli
1714 3041 1817 3075 erac
1857 3033 2015 3078 militi-

1130 3093 1244 3133 bus:
1275 3098 1323 3132 ut
1351 3099 1460 3140 etc„
1496 3103 1609 3147 quae
1634 3089 1916 3134 retinuerunt
1939 3091 2018 3136 Be-

1131 3147 1317 3191 roaldus
1340 3156 1380 3190 et
1395 3147 1611 3191 Alcimus.
1669 3144 1906 3192 consentit
1918 3148 2019 3192 MS.

1133 3203 1287 3250 Guelf.
1349 3204 1588 3247 Rhenanus
1615 3218 1666 3246 ex
1689 3202 1899 3261 ingenio:
1925 3221 2019 3250 non

1133 3270 1294 3305 tamen
1326 3264 1456 3317 quies
1487 3261 1602 3303 urbi.
1659 3264 1744 3304 sed
1765 3269 1872 3303 erat
1894 3270 2015 3307 sere-

1131 3321 1254 3373 pitus
1289 3322 1495 3362 telorum
1528 3324 1573 3359 et
1591 3317 1744 3374 socies
1779 3318 1912 3361 belli.-
1958 3330 2018 3364 ret·

1134 3377 1349 3419 militibus
1371 3384 1454 3418 etc.
1498 3374 1574 3419 Sic
1593 3373 1772 3424 etAld„
1793 3374 1877 3421 nisi
1893 3382 2014 3433 quod

1132 3432 1297 3476 omittit
1328 3441 1547 3490 punctum
1582 3439 1684 3475 ante
1711 3426 1806 3475 sed.
1865 3431 1919 3475 In
1945 3435 2013 3479 ed.

1132 3490 1306 3546 Micyll.
1348 3490 1556 3546 leguntur
1597 3488 1728 3531 haec:
1781 3503 1875 3531 non
1905 3497 1938 3535 t.
1971 3509 2014 3547 q.

1133 3549 1254 3589 urhis
1290 3549 1497 3590 redierat
1536 3545 1614 3601 (in
1659 3560 1800 3604 marg.
1834 3549 1865 3603 ἦ·
1904 3549 2017 3600 urbi,

1132 3608 1216 3647 sed
1260 3605 1389 3659 erat)
1432 3604 1652 3658 strepitus
1683 3609 1717 3646 t.
1751 3611 1796 3646 et
1816 3605 1862 3660 f.
1910 3607 2016 3650 belli

1925 0 1928 3 ,
1946 0 1998 10 ,
2018 0 2138 167 ,Ἥὶ

2108 95 2124 138 ἔ

2116 174 2138 217 si

2112 222 2138 238 b.

2129 239 2138 259 l
