2138 4030
228 240 280 278 A.
300 239 351 276 U·
372 239 457 276 823.
488 240 495 250 '

231 285 285 322 A.
301 283 347 320 C.
398 285 459 320 70.

654 243 826 304 ΜΒ.
869 243 946 306 11.
1017 220 1353 307 CAR-'75.
1395 245 1493 306 76.
1780 317 1792 331 l
1871 253 1996 310 219

307 370 552 434 LXXV.
639 370 1001 430 Versabatur
1038 384 1175 430 ante
1212 373 1415 430 oculos
1456 371 1799 433 Germanici
1833 397 2000 435 exer-

141 457 290 514 citus
342 460 530 515 robur
581 469 790 515 notum
847 458 982 514 viro
1020 458 1289 515 militari:
1357 476 1489 513 suas
1531 459 1790 532 legiones
1835 463 1998 520 civili

137 543 298 600 ,bello
335 544 692 618 inexpertaS,
740 541 972 599 Vitellii
1007 543 1300 599 victrices:
1355 554 1412 599 et
1453 544 1612 618 apud
1647 546 1832 602 victos
1863 549 1999 622 plus

137 628 645 703 querimoniarum
695 647 874 703 quam
923 628 1165 688 virium.
1271 627 1490 683 fluxam
1528 648 1633 702 per
1680 630 2000 689 discordias

136 713 398 770 militum
419 714 595 768 fidem
619 724 674 770 et
697 713 1027 787 periculum
1054 733 1124 769 ex
1148 712 1410 785 singulis,
1498 713 1644 789 quid
1673 715 1830 770 enim
1856 738 1997 790 pro-

135 798 365 855 futuras
388 793 660 854 cohortes
687 797 954 874 alasque,
995 798 1048 854 si
1081 816 1239 855 unus
1278 797 1542 873 alterque
1577 801 1871 872 praesenti
1907 802 1998 858 fa-

137 882 331 939 cinori
354 894 625 958 paratum
651 902 721 939 ex
756 883 988 939 diverso
1026 882 1354 957 praemium
1389 882 1587 957 petat?
1652 883 1734 940 sic
1759 883 1999 943 Scribo-

136 967 383 1024 nianum
424 969 533 1025 sub
573 965 825 1025 Claudio
864 968 1264 1036 interfectum,
1315 966 1398 1022 sic
1436 987 1838 1041 percussorem
1877 970 1999 1028 eius

137 1050 525 1126 Volaginium
571 1073 602 1108 e
642 1054 904 1126 gregario
952 1053 1027 1109 ad
1068 1071 1295 1113 summa
1343 1051 1592 1108 militiae
1637 1065 1998 1128 provectum.

138 1137 369 1195 facilius
392 1138 701 1195 universos
729 1138 957 1214 impelli
981 1157 1158 1214 quam
1185 1136 1447 1210 singulos
1468 1137 1663 1198 vitari.

306 1246 583 1306 LXXVI.
667 1246 781 1304 His
833 1248 1176 1323 pavoribusg
1210 1238 1520 1305 nutantem
1567 1258 1626 1305 et
1672 1249 1776 1306 alii
1826 1250 2002 1324 legati

141 1331 432 1409 amicique
465 1333 778 1390 firmabant
813 1345 870 1390 et
891 1332 1211 1390 Mucianus
1232 1344 1366 1409 post
1387 1333 1606 1389 multos
1636 1345 2001 1412 secretosque
2063 1394 2075 1401 x

139 1436 439 1475 sermones
465 1418 584 1476 iam
610 1428 666 1476 et
686 1438 885 1476 coram
907 1418 990 1475 ita
1017 1418 1280 1477 locutus:
1330 1414 1597 1490 „Omnes
1623 1419 1727 1498 qui
1756 1440 2000 1495 magna-

136 1675 360 1736 pientibus
384 1675 496 1720 nihil
520 1678 719 1722 medium
746 1694 854 1731 esse,
885 1695 1029 1738 quum

140 1751 212 1786 ea,
243 1750 355 1792 quae
382 1736 584 1793 cupiant,
628 1746 704 1780 aut
739 1735 828 1779 sint
858 1752 1031 1780 summa

139 1800 216 1857 aut
249 1793 504 1850 praecipitia
536 1792 580 1836 h.
617 1809 655 1836 e.
686 1794 756 1844 id,
787 1795 908 1850 quod
945 1809 1033 1838 cu-

139 1858 285 1907 piant,
314 1849 373 1892 ita
395 1865 488 1893 esse
511 1860 846 1907 comparatum,
871 1860 921 1895 ut
946 1867 1028 1894 cu-

137 1906 292 1964 pidine
314 1922 391 1948 sua
416 1906 658 1950 evehantur
679 1909 733 1950 ad
759 1924 936 1951 summa
958 1915 1033 1950 aut

139 1962 490 2022 praecipitentur
528 1964 576 2007 in
629 1965 824 2007 exitium.
919 1964 1037 2007 Sunt

137 2019 276 2079 igitur
305 2034 493 2063 summa
528 2029 571 2064 et
605 2023 877 2076 praecipitia
911 2021 1034 2066 invi-

139 2093 242 2122 cem
272 2079 497 2135 opposita:
534 2095 671 2137 quare
693 2080 916 2122 debebant
949 2079 1035 2121 dis-

138 2133 306 2192 tingui,
349 2151 445 2178 non
478 2137 709 2195 coniungi.
770 2135 829 2181 cf.
855 2145 952 2180 not.
979 2136 1034 2179 ad

138 2193 230 2237 An.
254 2192 298 2240 2,
321 2191 392 2234 47.

1101 1687 1166 1723 est
1207 1677 1343 1737 igitur
1377 1676 1554 1723 facinus
1599 1677 1735 1722 alicui
1774 1693 2000 1737 praesens,

1102 1737 1226 1796 quod
1272 1737 1321 1778 in
1354 1737 1446 1779 eius
1483 1751 1622 1778 manu
1655 1737 1877 1795 positum,
1924 1735 2001 1780 cui

1101 1793 1407 1854 perpetrando
1431 1793 1558 1836 omni
1583 1801 1786 1852 tempore
1821 1793 2000 1838 occasio

1093 1859 1256 1910 parata
1279 1859 1360 1894 est.
1421 1850 1479 1894 cf.
1505 1849 1665 1911 Germ.
1688 1866 1730 1895 c.
1756 1851 1824 1894 19.
1841 1865 2002 1905 poena

1100 1921 1345 1965 praesens.

1164 1964 1519 2008 Scribonianum
1559 1963 1640 2008 sub
1683 1963 1882 2007 Claudio
1923 1965 2003 2007 in-

1106 2023 1371 2079 terfectum.
1465 2021 1568 2065 Vid.
1610 2022 1799 2067 Sueten.
1844 2021 2001 2067 Claud.

1087 2096 1146 2129 c.
1172 2078 1240 2123 13.
1270 2087 1314 2122 et
1347 2077 1419 2122 35.

1106 2137 1198 2181 An.
1235 2136 1408 2188 1252.

1489 2078 1580 2121 Dio
1611 2079 1682 2128 60,
1709 2079 1778 2123 15.
1835 2079 2000 2122 Noster

1479 2135 1572 2178 Pro
1603 2137 1668 2198 sip
1693 2145 1799 2180 ante
1823 2139 2004 2183 Scribo-

1104 2195 1306 2236 nianum
1338 2193 1441 2237 MS.
1475 2192 1627 2237 Guelf.
1664 2193 1835 2238 exhibet
1857 2196 2002 2244 *sz‘cuss

207 2248 320 2292 CAP.
359 2250 430 2292 75.
521 2250 833 2295 Versabatur.
926 2250 1031 2295 MS.
1105 2260 1150 2294 et
1167 2267 1270 2294 mox
1290 2250 1457 2294 iterum
1488 2252 1610 2294 siout
1634 2260 1736 2295 ante
1754 2266 2002 2308 percusso-

141 2306 294 2351 Guelf.
330 2309 568 2350 versabat.
1103 2324 1223 2352 rem.

193 2364 392 2421 fluxam
430 2397 441 2408 .
467 2397 478 2407 .
504 2396 515 2407 .
533 2365 704 2421 fidem.
805 2364 883 2409 Sic
924 2364 1028 2419 MS.
1164 2364 1492 2418 Volaginium.
1576 2363 1655 2410 Sic
1699 2365 1803 2410 MS.
1846 2365 2002 2411 Guelf.

140 2420 290 2465 Guelf.
314 2421 415 2465 edd.
439 2421 542 2466 Put.
568 2422 776 2466 Beroald.
810 2425 933 2475 (cum
961 2420 1033 2465 sil.

140 2480 282 2536 Vict.)
306 2494 405 2538 sqq.
434 2502 492 2510 —
546 2478 698 2537 fluxa
802 2481 929 2536 fides
958 2479 1031 2522 ed.

96 2568 98 2570 Ι
139 2537 434 2638 ὃΡὲἓΙιονιεε.
491 2593 593 2638 MS.
610 2592 760 2638 Guelf.
781 2594 1001 2637 cohortis.

204 2652 451 2706 praesenti
475 2652 706 2707 fizcinori.
786 2652 862 2694 Sic
899 2650 1035 2694 MSS.

140 2707 253 2765 Reg.
285 2709 407 2752 Harl.
444 2709 575 2752 Bodl.
620 2711 702 2752 les.
733 2707 886 2752 Guelf.
932 2708 1035 2751 e'dd.

142 2767 260 2824 Spir.
283 2767 387 2809 Put.
414 2768 482 2810 M.
514 2775 558 2810 et
578 2766 635 2809 V.
655 2766 874 2809 >Beroald.
908 2767 1034 2818 (cum

142 2825 213 2868 sil.
239 2823 377 2879 Viet.)
402 2824 504 2867 Alc.
538 2832 581 2866 et
611 2822 729 2866 inter
761 2823 1035 2867 recentiores

142 2883 325 2939 Bipont.
352 2881 558 2924 Oberlin.
582 2897 681 2939 sqq.
703 2904 759 2914 —-
800 2880 1044 2934 praesenti

132 2940 350 2997 facinore
370 2938 475 2981 MS.
499 2938 617 2980 Bud.
643 2937 746 2981 edd.
767 2938 915 2981 Rhen.
938 2953 1036 2995 sqq.

143 2996 199 3040 ad
224 2995 515 3053 Bipontinos,
551 3002 594 3037 et
624 3010 769 3053 nuper
790 2994 1035 3038 Bekkerus.

142 3053 395 3110 Utramque
420 3051 614 3096 formam
644 3068 740 3095 esse
761 3053 929 3096 bonam
950 3052 1038 3096 iam

142 3109 377 3153 Ernestius
411 3108 537 3153 vidit.
610 3107 729 3152 Cum
761 3109 908 3153 dativo
942 3124 1036 3164 pa-

142 3174 308 3210 ratum
341 3174 407 3210 est
442 3175 730 3225 promptum,
774 3173 826 3209 ut
853 3165 962 3210 infr.
996 3166 1040 3214 4,

143 3225 189 3268 9.
207 3231 437 3279 paratum
456 3226 505 3267 in
527 3237 607 3266 res
635 3238 811 3274 novas3
849 3239 975 3280 supr.
995 3224 1038 3274 ἢ,

145 3282 190 3326 9.
219 3282 411 3336 paratis
441 3282 642 3324 animis:
700 3295 805 3324 cum
842 3280 1037 3325 ablativo

146 3339 179 3382 i.
193 3353 238 3396 q.
257 3345 596 3395 comparatum,
630 3338 898 3394 quaesitum.
954 3336 1037 3382 Ce-

147 3403 298 3439 terum
340 3409 570 3451 praesens
597 3396 790 3451 facinus
831 3410 928 3440 non
975 3402 1042 3438 est

149 3448 315 3505 audax',
345 3460 494 3504 atrox,
534 3451 602 3496 uti
632 3451 863 3497 Ernestius
896 3453 1038 3496 inter-

149 3517 376 3568 pretatur,
431 3508 512 3554 sed
555 3509 804 3566 praesenti
843 3507 1040 3556 facinori

153 3564 395 3625 opponitur
430 3567 686 3627 praemium
725 3580 789 3611 ex
827 3567 1012 3614 diverso
1027 3580 1042 3609 .-

1105 2422 1206 2467 edd.
1227 2422 1331 2466 Put.
1361 2421 1573 2465 Beroald.
1613 2426 1738 2475 (cum
1772 2423 1841 2492 {ss'
1862 2424 2021 2483 Vim.)

1105 2494 1246 2580 qutiIrib.
1282 2480 1660 2594 Aggszlzggzzlf?
1674 2480 2002 2584 -ΙὲίδΙῗῘοκΒὲΞὲ

1105 2593 1317 2638 Beroaldi
1353 2594 1515 2639 vitiose
1547 2594 1760 2636 maliciae
1791 2610 1875 2661 pro
1909 2596 2002 2638 mi-

1105 2652 1260 2699 litiae,
1289 2651 1355 2694 uti
1377 2650 1610 2694 Victorius
1633 2661 1825 2696 correxit
1847 2651 1898 2694 in
1919 2668 2003 2696 suo

1107 2705 1368 2777 effemplari.
1399 2731 1458 2743 --
1514 2707 1600 2775 Ed.
1623 2708 1741 2767 Spir.
1772 2725 1805 2752 a
1835 2722 2003 2765 grega-

1107 2780 1284 2866 rzonSi
1306 2778 1642 2865 ςῖἕηὲῗιζνὶιῗ.εε
1673 2837 1849 2869 coram.
1928 2823 2006 2869 Sic

1107 2880 1209 2924 MS.
1242 2878 1396 2922 Guelf.
1430 2879 1534 2922 edd.
1569 2878 1673 2922 Put.
1706 2896 1802 2938 sqq.
1840 2904 1899 2915 —
1959 2889 2007 2925 et

1107 2938 1231 2981 abest
1267 2952 1292 2979 a
1325 2936 1460 2980 MSS.
1485 2938 1595 2996 Reg.
1618 2936 1756 2981 Corb.
1791 2938 1863 2984 ed.
1887 2939 1918 2983 S
1953 2940 2005 2983 ir.

1109 3019 1164 3030 —
1201 2994 1302 3037 MS.
1326 2994 1450 3038 Flor.
1482 2995 1600 3050 (test.
1626 2993 1747 3039 Vict.
1789 3011 1894 3040 cum
1939 3012 2006 3041 ac.

1110 3051 1339 3107 Gronov.)
1381 3052 1481 3093 iam
1511 3059 1558 3094 et
1592 3065 1842 3106 coronam,
1886 3054 2008 3098 unde

1112 3110 1205 3153 Iac.
1229 3107 1488 3151 Gronovius
1507 3108 1704 3153 coniecit
1728 3111 1828 3153 iam
1849 3115 1914 3155 ad
1934 3126 2007 3154 oo-

1111 3180 1304 3210 ronam.
1379 3165 1468 3210 Sed
1500 3164 1637 3210 credo
1674 3167 1870 3212 scribam
1899 3183 2006 3214 voc.

1111 3225 1223 3267 corc'z
1243 3223 1468 3280 accepisse
1497 3238 1582 3282 pro
1613 3239 1714 3266 com
1752 3226 1884 3270 endio
1917 3241 2004 3272 vo-

1110 3281 1174 3326 cis
1214 3294 1402 3323 corona.
1442 3306 1502 3317 -
1571 3280 1672 3339 MS.
1732 3297 1794 3326 es.
1827 3283 1927 3325 iam
1962 3288 2007 3323 et

1111 3345 1294 3380 contra.
1325 3359 1381 3372 —
1439 3337 1774 3382 Freinshemius
1805 3339 2006 3397 suspica-

1111 3395 1244 3438 batur
1265 3393 1306 3438 le
1338 3395 1528 3439 endumz
1557 3397 1655 3438 iam
1677 3402 1723 3438 et
1741 3397 1906 3440 amicis
1927 3411 2007 3439 co-

1111 3465 1235 3495 ram·
1348 3453 1403 3496 ed
1445 3452 1727 3496 Boxhornius
1776 3454 2007 3511 vulgatum

1111 3509 1227 3553 bene
1258 3502 1473 3568 defendit.
1542 3508 1714 3553 Coram
1747 3519 1813 3555 est
1843 3508 2007 3578 palam,

1112 3564 1268 3614 multis
1301 3567 1607 3622 audientibus,
1635 3575 1679 3612 et
1700 3567 1829 3626 quasi
1851 3583 1899 3612 m
1925 3583 2005 3630 pu-
