2138 4030
165 216 220 251 A.
242 217 294 250 U.
311 216 396 251 823.

176 261 224 294 A.
243 259 291 294 C.
337 261 401 299 7¹).

678 215 850 283 ΜΒ.
889 216 936 278 1.
980 216 1215 314 ἸΕΑΡ.
1247 219 1358 280 78..
1415 297 1417 300 ,

1788 229 1967 286 vm..

87 351 404 411 titensibus
437 347 799 405 familiarum
838 346 1226 417 adiectioneS,
1284 346 1658 422 Lingonibus
1698 356 1947 415 nniver-

86 438 165 493 sis
191 436 485 492 civitatem
509 430 877 502 Romanam,
919 433 1258 507 provinciae
1292 430 1563 491 Baeticae
1590 434 1944 499 Maurorum

85 512 348 580 civitates
369 516 528 576 dono
556 518 740 574 dedit:
783 538 938 573 nova
968 518 1097 574 iura
1123 515 1556 592 Cappadociae,
1598 539 1751 579 nova
1776 522 1943 583 Afri-

38 591 51 601 ”
85 627 214 676 cae,
255 603 514 663 ostentui
549 603 732 676 magis
763 623 953 678 quam.
974 619 1269 662 mansura.

1358 601 1520 661 Inter
1553 625 1702 681 quae
1740 628 1939 667 neces-

85 687 250 748 sitate
298 688 696 765 praesentium
742 708 941 744 rerum
987 699 1043 744 et
1090 687 1445 745 instantibus
1480 689 1637 746 curis
1673 709 1940 754 excusata

86 796 159 832 ne
187 787 312 832 tum
337 774 575 852 quidem
612 773 925 829 immemor
953 793 1222 830 amorum
1248 784 1466 831 statuas
1491 773 1800 850 Poppaeae
1831 799 1938 853 per

86 871 317 918 senatus
353 858 689 916 consultum
723 857 1001 933 reposuit.

1089 858 1342 915 creditus
1368 871 1452 916 est
1485 860 1663 916 etiam
1686 862 1759 918 de
1785 863 1939 920 eele-

82 945 308 1003 branda
328 942 582 1002 Neronis
614 943 900 1001 memoria
922 942 1231 1018 agitavisse
1254 962 1354 1019 spe
1381 944 1634 1019 vulgum,
1649 947 1938 1005 adlicien-

81 1189 335 1240 MS.Bud.‚
358 1196 406 1231 ut
427 1187 613 1239 videtur,
644 1187 849 1245 expunxit
870 1202 973 1243 que,

83 1247 239 1290 dubito
262 1262 327 1290 an
361 1254 508 1288 rectez
563 1261 814 1302 quanquam
860 1244 971 1287 illud

81 1319 168 1359 que
209 1319 297 1347 nec
345 1304 393 1347 in
432 1301 536 1346 MS.
576 1301 730 1345 Guelf.
775 1310 971 1360 apparet.

86 1361 162 1405 Ob
202 1358 599 1419 sequens'quoque
643 1359 769 1418 prior
808 1359 970 1417 copula

81 1418 236 1478 potuit·
257 1418 443 1460 molesta
471 1416 631 1459 videri:
661 1416 736 1459 sed
760 1417 873 1457 salva
895 1415 970 1460 illa

79 1474 293 1533 particula
343 1473 513 1532 optime
562 1482 646 1516 stat
697 1477 969 1529 eademque.

80 1533 311 1590 Scriptura
347 1532 416 1575 ed.
450 1530 570 1588 Spir.
606 1531 739 1574 dubia
774 1539 863 1574 est:
918 1547 968 1574 ea

79 1591 199 1634 enim
235 1589 283 1631 in
320 1589 408 1631 fine
448 1604 603 1632 versus
636 1604 717 1647 per
748 1605 967 1647 compen-

80 1648 205 1691 dium
231 1648 305 1690 dat
331 1649 487 1701 eade3.

139 1731 522 1785 Hispaliensabus.
590 1729 666 1773 Sic
699 1730 830 1773 tacite
864 1730 965 1774 edd.

77 1790 218 1834 Rhen.
232 1804 327 1846 sqq.
344 1811 402 1821 -
437 1787 822 1840 Hispaniensibus
834 1787 966 1832 MSS.

76 1857 120 1890 et
141 1847 239 1890 edd.
262 1852 362 1888 ante
374 1844 654 1886 Rhenanam.
697 1843 798 1888 MS.
813 1843 966 1901 Guelf.

77 1915 226 1949 tamen
245 1899 588 1946 Sti-omheckius
612 1917 635 1943 a
658 1900 802 1957 prima
828 1917 965 1944 manu

76 1961 280 2005 habuisse
330 1959 709 2011 Hispalt'ensibus
767 1967 968 2010 testatur,

7 2052 10 2053 γ
76 2019 198 2077 quod
231 2032 324 2060 sec.
355 2031 492 2059 manu
526 2016 764 2059 mutaverit
793 2015 842 2058 in
870 2016 966 2057 Hi-

4 2111 6 2114 *
73 2075 403 2132 spanienszbus.
461 2072 549 2124 Sed
570 2087 741 2123 vereor,
761 2088 818 2115 ne
841 2072 963 2116 illius

6 2167 8 2170 ψ
75 2133 194 2178 oculi
215 2131 303 2174 sint
323 2129 522 2187 decepti:
543 2144 647 2171 nam
665 2145 822 2173 omnes
834 2130 965 2173 huius

75 2187 277 2235 vocabuli
333 2187 502 2231 litterae
586 2187 705 2230 otius
750 2204 775 2231 a
818 2187 965 2246 prima

74 2263 213 2292 manu
236 2245 440 2288 videmur
463 2259 545 2301 pro
567 2251 701 2289 eetae.

117 2344 420 2402 familiarum
442 2344 734 2388 adiectiones.
785 2345 860 2389 Sic
871 2346 959 2390 An.

72 2407 139 2456 13,
161 2405 232 2448 31.
264 2403 479 2445 coloniae
503 2403 663 2455 Capua
689 2410 829 2456 alque
852 2405 958 2446 Nu-

71 2463 193 2507 ceria
233 2461 408 2503 addin's
454 2461 690 2502 veteranis
721 2461 957 2515 firmatae

68 2526 196 2564 sunt.
254 2512 313 2564 cf.
339 2517 435 2562 Liv.
457 2515 529 2565 43,
552 2515 620 2558 17.
644 2544 703 2551 --
743 2516 958 2575 Ed.Spi1-.

67 2594 148 2638 pro
157 2576 464 2634 familiarum
487 2574 558 2617 dat
566 2573 905 2629 familiarium.

126 2675 416 2730 Lingonibus.
488 2672 590 2716 MS.
623 2672 736 2716 Bud.
764 2673 956 2729 Longo-

68 2737 218 2779 m‘bus.
280 2730 428 2776 Ceteri
462 2730 562 2773 libri
591 2738 774 2773 tuentur
806 2735 881 2775 vul
915 2749 958 2775 a.

66 2805 186 2843 tum,
230 2788 352 2847 quod
394 2797 546 2830 tamen
587 2786 847 2845 displicebat
914 2791 957 2833 i..

67 2851 192 2910 psiO,
221 2844 392 2892 savilio
419 2846 625 2902 aliisque,
662 2846 736 2900 qui
769 2855 955 2890 conten-

70 2910 180 2952 dunt
228 2902 504 2961 Lingonibus
558 2901 726 2945 Galliae
781 2904 953 2961 populo

65 2966 138 3009 hie
165 2980 258 3006 non
282 2976 375 3004 esse
401 2959 551 3002 locum
577 2959 693 3001 iuter
717 2959 952 3017 Hispaniae

65 3029 232 3080 gentes,
260 3034 344 3062 uec
366 3015 646 3059 verisimilem
670 3016 787 3059 illam
809 3017 952 3061 Otho-

46 3081 132 3126 ‚nis
168 3075 471 3120 liberalitatem
507 3074 552 3116 in
586 3089 683 3123 eos,
715 3076 791 3131 qui
817 3076 951 3119 Vitel-

15 3169 19 3180 .
63 3136 173 3179 lium
215 3132 446 3176 fovebant.
520 3129 578 3175 cf.
615 3146 737 3187 supr.
771 3132 883 3174 053
907 3142 951 3177 et

62 3191 128 3238 54.
207 3191 361 3246 Quare
380 3187 552 3244 Lipsius
578 3187 696 3232 vult:
731 3187 953 3232 Lusonus

61 3258 134 3297 aut
146 3248 409 3290 Illurconas
418 3261 433 3296 ,-
453 3245 629 3302 Bipont.
646 3261 656 3287 :
673 3244 949 3298 Langonas,

61 3300 171 3365 quos
195 3304 352 3348 volunt
379 3318 471 3344 esse
500 3302 670 3344 incolas
694 3303 944 3358 Langobri-

93 3380 139 3406 ae
172 3364 232 3419 (ἲ)
278 3358 543 3403 Lusitaniae.
636 3359 806 3401 Contra
842 3359 944 3404 illos

60 3382 256 3476 fiyckius
281 3416 413 3461 dicit:
446 3414 566 3473 quod
588 3415 858 3472 Lingonibus
882 3417 943 3462 lo·

60 3494 138 3522 cus
169 3476 223 3519 sit
249 3477 365 3518 inter
385 3472 632 3530 Hispanos,
673 3473 717 3516 id
751 3474 943 3531 pendere

6 3577 11 3590 ‚
58 3549 80 3576 e
118 3533 353 3590 temporis,
405 3546 500 3589 ‘luo
535 3530 642 3574 haec
673 3541 794 3586 gesta
825 3541 930 3577 sunt

1217 1058 1228 1087 l

1044 1186 1240 1236 ratione,
1284 1204 1374 1230 non
1410 1206 1433 1231 e
1469 1189 1677 1234 locorum
1715 1192 1941 1247 confinio3

1043 1253 1085 1286 et
1110 1245 1306 1302 potuisse
1330 1244 1562 1289 Othonem
1584 1247 1691 1306 haec
1718 1247 1935 1309 Lingoni-

1042 1302 1127 1344 bus
1167 1301 1384 1347 beneficia
1425 1305 1622 1347 tribuere
1648 1302 1932 1367 ‘principatus

1042 1358 1197 1407 initio,
1227 1368 1328 1402 ante
1361 1375 1495 1418 quam
1529 1371 1754 1406 constaret
1775 1364 1830 1407 de
1852 1374 1936 1408 eo-

1042 1431 1145 1458 rum
1183 1416 1230 1459 in
1268 1417 1500 1473 Othonem
1543 1419 1720 1473 animo,
1770 1420 1844 1467 vel
1887 1432 1939 1468 ut

1045 1472 1225 1516 Vitellio
1251 1490 1327 1517 eos
1347 1475 1573 1520 alienaret.

1098 1556 1339 1599 Baeticae.
1399 1557 1478 1603 Sic.
1500 1559 1606 1603 edd.
1619 1559 1738 1619 Lips.
1757 1578 1856 1621 sqq.
1873 1588 1935 1599 ·-

1039 1615 1212 1656 beticae
1234 1614 1335 1657 edd.
1362 1616 1481 1673 Spir.
1507 1616 1610 1662 Put.
1635 1643 1695 1653 -ν
1737 1622 1936 1664 Betim-2*

1039 1671 1139 1713 edd.
1163 1670 1306 1714 Rhen.
1334 1673 1437 1717 Ald.
1474 1699 1528 1708 -
1583 1677 1804 1720 Bethiwe
1827 1679 1933 1724 MS.

1037 1727 1193 1770 Guelf.
1231 1728 1333 1774 edd.
1357 1730 1563 1775 Beroald.
1596 1733 1720 1788 (cum
1749 1735 1930 1780 silentio

1041 1784 1246 1840 Victorii)
1269 1785 1375 1831 Alc.
1435 1789 1523 1832 Sed
1547 1788 1733 1836 Graecis
1754 1807 1803 1837 ea
1827 1809 1931 1851 pro·

1038 1842 1186 1889 vincia
1212 1843 1375 1887 dicitur
1397 1844 1609 1902 Βαιτική.

1093 1928 1298 1970 ostentui
1324 1930 1493 1984 magis.
1552 1930 1628 1976 Sic
1649 1931 1786 1977 MSS.
1810 1933 1927 1980 Bud.

1037 1982 1188 2026 Guelf.
1217 1983 1326 2042 Reg.
1355 1986 1490 2031 Corb.
1518 1989 1619 2030 edd.
1644 1989 1761 2050 Spir.
1782 1991 1928 2039 Rhen.

1035 2045 1565 2153 3¹22.511.‘f{2⁶g‘321222³:
1583 2045 1847 2161 aucti->iiix
1867 2050 1927 2144 Y-

1033 2155 1228 2198 Pichena
1275 2165 1319 2199 et
1361 2157 1446 2202 lac.
1480 2159 1747 2207 Gronovius
1792 2167 1926 2209 tacite

1034 2212 1272 2256 ediderunt
1293 2219 1504 2261 ostentui.

1091 2311 1339 2341 mansura.
1399 2298 1499 2343 MS.
1534 2299 1670 2349 Corb.
1708 2281 1777 2350 ed.
1803 2306 1923 2367 Spir.

1030 2368 1272 2397 mensura·

1086 2439 1215 2479 inter
1239 2453 1371 2493 quae.
1430 2440 1507 2485 Sic
1533 2444 1635 2488 edd.
1661 2446 1780 2517 Spir.
1797 2449 1919 2494 Rhe-

1029 2512 1133 2540 nan,
1157 2510 1255 2553 sqq.
1283 2524 1342 2532 --
1391 2498 1604 2556 interque
1633 2503 1731 2548 MS.
1765 2505 1930 2552 Guelf.

1030 2554 1132 2596 edd..
1156 2553 1258 2596 Put.
1284 2553 1496 2600 Beroald.
1529 2560 1651 2612 (euni
1687 2562 1755 2607 sll.
1781 2563 1921 2622 Viet.)

1027 2609 1133 2654 Alc.
1194 2609 1385 2666 Vulgare
1409 2613 1570 2658 vitium
1597 2633 1620 2659 e
1644 2623 1918 2677 compendio

1027 2667 1275 2726 scripturae
1298 2675 1466 2712 ortum.

1083 2759 1330 2795 excusata.
1386 2752 1463 2797 Sic
1486 2754 1620 2800 MSS.
1640 2758 1760 2805 Flor.
1784 2763 1914 2819 (teste

1025 2805 1216 2865 Ryckio)
1251 2808 1401 2854 Guelf.
1431 2810 1539 2871 Reg.
1573 2815 1676 2860 edd.
1713 2817 1817 2864 Put.
1849 2821 1914 2868 M.
1989 2844 1995 2846 ⁴

1025 2873 1067 2906 et
1093 2865 1146 2907 V.
1173 2866 1385 2910 Beroald.
1409 2869 1530 2922 (cum
1552 2870 1621 2915 sil.
1638 2871 1777 2933 vict.)
1807 2879 1911 2924 Alc.

1022 2921 1158 2980 Lipsii
1188 2923 1478 2980 posteriores,
1509 2926 1632 2972 Pich.
1658 2929 1789 2978 Grut.
1814 2952 1912 2995 sqq.

1021 3006 1079 3017 ..-
1118 2988 1367 3023 excusatus
1410 2983 1543 3028 MSS.
1595 2986 1711 3034 Bud.
1772 2992 1910 3038 Corb.

1020 3040 1126 3094 Agr.
1156 3039 1225 3080 ed.
1246 3037 1390 3095 Spir.,
1431 3043 1548 3086 unde
1572 3042 1810 3093 Rhenanus
1838 3050 1909 3093 fe-

1020 3103 1141 3137 cerat
1199 3099 1452 3148 excusante,
1511 3103 1632 3157 quod
1684 3105 1908 3152 retinuere

1020 3151 1124 3194 Ald.
1148 3160 1189 3194 et
1211 3151 1327 3210 Lips.
1350 3155 1508 3211 prima.

1074 3237 1311 3265 amorum.
1370 3223 1456 3269 Ed.
1482 3227 1602 3281 Spir.
1636 3232 1907 3280 amicorum.

1018 3277 1128 3320 Mox
1151 3280 1250 3322 MS.
1271 3279 1393 3324 Flor.
1423 3287 1476 3335 (t.
1491 3283 1630 3342 Vict.)
1652 3303 1738 3339 per·
1760 3293 1823 3335 .S.
1843 3293 1904 3341 C„

1019 3336 1079 3379 uti
1106 3338 1233 3379 solet.
1294 3337 1378 3383 Ed.
1404 3340 1522 3398 Spir.
1547 3350 1798 3399 composuit
1821 3366 1904 3406 pro

1017 3394 1242 3446 reposuit.

1071 3477 1275 3522 creditus
1304 3487 1386 3523 est.
1446 3483 1551 3527 MS.
1582 3485 1694 3530 Bud.
1732 3488 1901 3532 omittit

1014 3542 1098 3577 est.
