2138 4030
212 256 264 291 Δ.
275 252 428 290 uem.

213 299 267 337 A.
283 295 332 336 C.
371 298 432 338 τι.

572 256 751 320 LIB.
789 256 894 318 lv,
964 256 1164 320 CAP.
1204 258 1501 323 46-48,
1814 267 1961 344 ‚427

125 391 269 451 toris
282 390 505 447 >milites
531 389 831 464 appellans
857 387 1003 459 falso
1034 387 1494 447 timorimbviam
1519 392 1646 453 iret.
1715 416 1852 460 nam
1895 385 1972 456 ue

127 489 183 535 et
205 477 392 533 victor
419 475 703 530 exercitus
732 473 986 528 clamore
1007 473 1276 531 lacrimas
1302 494 1507 530 eorum
1543 477 1800 541 iuvabat.
1888 504 1971 540 is-

126 548 240 639 que
275 561 410 617 finis
441 560 545 615 illa
579 559 692 617 die.
754 555 988 629 ,Paucis
1011 570 1144 633 post
1171 559 1377 616 diebus
1405 553 1820 637 adloquentem
1844 565 1971 626 Do·-

128 647 440 702 mitianum
462 643 676 700 firmati
706 642 824 697 iam
845 636 1139 717 excepere.
1210 656 1494 719 spernunt
1519 647 1746 705 oblatos
1773 671 1968 724 agros:

125 731 400 788 militiam
438 741 492 786 et
529 727 821 804 stipendia
857 739 1045 787 orant.
1130 748 1328 803 preces
1369 742 1562 799 erant,
1617 735 1717 788 sed
1754 738 1970 812 quibus

115 816 449 874 contradici
497 834 621 870 non
667 824 913 887 posset..
976 813 1157 886 igitur
1212 814 1276 869 in
1322 817 1681 888 praetorium
1734 825 1987 897 accepti.

126 902 265 959 dein
293 901 507 977 quibus
530 910 684 955 aetas
707 908 762 954 et
784 898 935 954 iusta
958 898 1275 973 stipendia,
1318 899 1539 955 dimissi
1566 922 1700 958 cum
1726 898 1970 978 honore,

125 986 224 1042 alii
251 987 328 1042 ob
354 986 613 1060 culpam,
648 984 750 1043 sed
774 983 1020 1057 carptim
1042 1004 1107 1039 ac
1132 984 1374 1057 singuli:
1418 1006 1534 1061 quo
1549 988 1857 1057 tutissimo
1883 1013 1978 1048 re-

123 1072 321 1128 medio
350 1088 664 1126 consensus
688 1068 1089 1124 multitudinis
1113 1080 1477 1130 extenuatur.
1537 1072 1578 1094 ‘

294 1153 539 1214 XLVII.
594 1151 867 1210 Ceterum
899 1173 1113 1209 verane
1147 1155 1454 1229 pauperie,
1506 1175 1583 1211 an
1620 1156 1710 1214 uti
1741 1159 1975 1217 videre-

125 1254 253 1310 tur,
296 1252 490 1297 actum
516 1241 582 1295 in
605 1250 840 1307 senatu,
880 1250 948 1295 ut
975 1239 1290 1294 sexcenties
1314 1241 1642 1297 sestertium
1670 1263 1702 1298 a
1728 1246 1973 1318 privatis

124 1336 398 1383 mutuum
422 1326 795 1399 acciperetur.
879 1324 1440 1399 praepositusque'ei
1467 1346 1641 1392 curae,
1668 1325 1975 1404 P'oppaeus

127 1410 419 1468 Sil'vanuS.
503 1430 612 1465 nec
642 1410 829 1465 multo
866 1420 998 1482 post
1031 1410 1342 1464 necessitas
1374 1411 1545 1480 abiit,
1599 1407 1723 1468 six're
1761 1414 1973 1472 omissa

126 1497 441 1554 simulatio,
526 1492 815 1566 Abrogati
841 1493 980 1550 inde
1003 1494 1188 1566 legem
1212 1495 1433 1550 ferente
1459 1493 1802 1555 Domitiano
1822 1521 1972 1570 con..

127 1582 375 1650 sulatUS‚
441 1599 588 1655 quos
633 1577 912 1635 Vitellius
965 1580 1229 1635 dederat:
1296 1579 1592 1656 funusque
1641 1585 1975 1642 censorium
2003 1616 2005 1618 ·

126 1664 332 1722 Flavio
360 1664 581 1722 Sabino
613 1666 880 1720 ductum:
925 1683 1140 1737 magna
1164 1665 1511 1722 documenta
1538 1667 1829 1725 instabilis
1854 1671 1975 1727 for-

128 1764 305 1808 tunae
328 1770 670 1826 summaque
700 1760 756 1804 et
783 1749 898 1804 ima
921 1749 1236 1807 miscentiS.

293 1833 571 1893 XLVIII.
616 1833 741 1891 Sub
767 1834 926 1889 idem
950 1846 1180 1909 tempus
1203 1831 1272 1890 L.
1285 1831 1422 1890 Piso
1449 1837 1770 1910 proconsul
1791 1839 1976 1898 inter-

127 1920 338 1981 ficitur.
414 1939 478 1976 ea
512 1921 582 1976 de
614 1921 786 1976 caede
815 1940 991 1995 quam
1022 1918 1319 1975 verissime
1348 1921 1676 1995 expediam,
1719 1924 1770 1979 si
1792 1946 1980 2000 pauca

1143 2085 1269 2127 abiit.
1325 2083 1424 2128 MS.
1450 2082 1600 2126 Guelf.
1630 2087 1738 2131 abii.

1146 2141 1379 2194 abrogati.
1440 2142 1577 2185 MSS.
1600 2143 1715 2189 Bud.
1737 2144 1893 2191 Guelf.
1910 2148 1980 2193 ed.

1088 2198 1209 2258 Spir.
1242 2200 1506 2253 abroganti.

1146 2258 1423 2299 censorium.
1482 2257 1564 2300 Ed.
1579 2256 1699 2316 Spir.
1721 2275 1980 2308 censorum.

1143 2329 1423 2369 summaque
1480 2323 1524 2356 et
1579 2318 1675 2358 ima
1728 2319 1980 2366 miscentis.

1088 2370 1164 2414 Sic
1200 2371 1299 2413 MS.
1338 2374 1446 2428 Agr.
1481 2372 1583 2415 edd.
1623 2374 1843 2433 Bernegg,
1879 2393 1900 2420 s
1933 2393 1982 2446 (ι,

1087 2428 1375 2471 suadentibus
1416 2429 1616 2480 Faenio,
1666 2431 1875 2485 Ursino‚-
1902 2393 1982 2479 (Ln-
2043 2423 2050 2434 ⁴

1091 2486 1201 2543 psio‚
1223 2485 1432 2528 Pichena.
1457 2511 1507 2519 —
1537 2503 1816 2544 summaque
1836 2491 1983 2536 etiarn

1091 2543 1223 2585 ceteri
1247 2542 1377 2584 codd.
1392 2543 1529 2586 MSS.
1552 2553 1596 2586 et
1619 2554 1727 2590 vett.
1751 2548 1980 2599 editiones,

126 2084 207 2127 Ed.
238 2084 356 2142 Spir.
391 2086 522 2139 pari,
574 2085 739 2127 omisso
778 2086 841 2128 in.
913 2083 1014 2127 MS.

126 2142 252 2184 Flor.
282 2151 380 2185 test.
406 2142 523 2185 Viet.
543 2145 693 2197 pour-i
711 2157 794 2199 pro
823 2142 873 2183 in
889 2143 1016 2195 pori.

127 2199 333 2242 Coniicio
358 2200 618 2256 legendum:
653 2201 768 2254 pari
785 2200 834 2240 in
856 2214 1015 2241 causa.

127 2256 238 2299 Item
272 2256 341 2300 ed.
376 2255 494 2314 Spir.
534 2273 634 2299 mox
667 2257 766 2299 eius
806 2257 1019 2311 impero-

128 2314 245 2356 toris
285 2329 366 2371 pro
402 2317 606 2356 eiusdem
637 2316 745 2368 imp.
781 2321 824 2356 et
855 2315 1016 2368 hisque

128 2386 211 2429 pro
236 2371 382 2426 isque.

185 2431 365 2471 oblatos
411 2444 565 2483 agros.
654 2429 756 2471 MS.
803 2427 932 2470 Bud.
974 2435 1017 2470 et

127 2483 232 2527 inde
255 2485 353 2528 edd.
367 2485 567 2530 Rhenan.
586 2486 687 2528 Ald.
704 2500 799 2542 sqq.
821 2485 873 2526 ad
892 2483 1016 2526 Pich.

127 2543 306 2586 oblatos
326 2545 410 2585 sibi
426 2558 587 2597 agros.
649 2543 840 2586 Pichena
865 2550 1016 2584 aucto-

127 2600 257 2643 ritate
291 2601 392 2644 cod.
423 2601 549 2644 Flor.
582 2600 760 2644 sustulit
799 2599 1018 2641 intrusam

126 2673 303 2703 vocem.

182 2722 229 2756 et
261 2716 505 2770 stipendia.
574 2715 657 2759 Ed.
686 2713 805 2772 Spir.
843 2729 899 2756 ac
930 2714 1020 2756 sti-

123 2773 312 2825 pendia.
381 2773 545 2816 Eadem
575 2790 676 2816 mox
701 2778 1020 2833 pre-cesserant

129 2845 212 2885 pro
250 2845 412 2883 preces
451 2838 611 2882 erant,
661 2839 703 2872 et
739 2832 903 2871 deinde
935 2844 1018 2886 pro

129 2888 255 2930 dein.
314 2888 432 2930 Ante
465 2889 589 2932 iusta
621 2888 718 2930 MS.
749 2887 905 2929 Guelf.
940 2901 1017 2929 ne-

129 2943 256 3002 gligit
283 2944 507 3002 copulam.

187 3016 455 3045 consensus.
517 3001 599 3044 Ed.
624 3001 740 3059 Spir.
762 3015 1020 3044 consessus.

189 3058 301 3102 CAP.
325 3059 396 3102 47.
453 3074 629 3102 verane
653 3060 890 3113 pauperie.
949 3058 1021 3100 Ab

131 3115 231 3159 MS.
265 3116 369 3172 Reg.
409 3125 450 3159 et
484 3117 552 3159 ed.
584 3117 701 3174 Spir.
738 3118 860 3160 abest
895 3129 1022 3163 vera,

131 3174 271 3230 spatio
295 3173 355 3215 ibi
377 3173 537 3216 relicto
561 3189 713 3217 vacuo.

189 3231 234 3272 ei
263 3245 411 3272 curae.
482 3230 765 3274 Vocabulum
800 3245 941 3273 curae
974 3230 1021 3272 in

130 3287 234 3330 MS.
260 3287 370 3344 Agr.
393 3296 434 3329 et
459 3288 527 3332 ed.
553 3289 670 3345 Spir.
697 3288 988 3331 desideratur.

189 3345 430 3398 Poppaeus
456 3347 713 3389 Silvanus..
754 3346 814 3389 cf.
843 3355 937 3388 not.
965 3344 1020 3387 ad

130 3400 242 3444 Hist.
265 3402 400 3460 2,,86.
467 3402 551 3444 llic
575 3402 844 3461 Msoglteg.
869 3401 1021 3445 Guelf.

130 3459 255 3503 Harl.
276 3459 405 3501 Bodl.
431 3458 511 3502 les.
543 3468 586 3502 et
617 3459 717 3505 edd.
751 3469 858 3503 vett,
877 3460 1023 3502 Pom-

127 3518 259 3571 peius
298 3516 538 3559 Silvanus.
617 3516 731 3561 Edd.
767 3516 887 3575 Lips.
924 3531 1022 3575 sqq.

133 3573 372 3630 Poppaeus
397 3573 638 3618 Siluanus.

1091 2598 1215 2656 quod
1243 2599 1402 2642 vitium
1425 2602 1572 2658 potuit
1595 2602 1703 2645 oriri
1725 2619 1747 2646 e
1769 2620 1982 2664 compen-

1092 2658 1166 2699 dio
1194 2664 1238 2699 et
1258 2659 1322 2698 ΐᾶ.
1975 2706 1977 2708 ,
2047 2683 2051 2687 ·

1151 2715 1264 2757 CAP.
1287 2714 1359 2756 48.
1414 2719 1682 2768 proconsul.
1744 2718 1820 2763 Sic
1844 2720 1980 2767 MSS.

1091 2773 1224 2815 Bodl.
1243 2772 1321 2816 les.
1335 2769 1490 2814 Guelf.
1513 2772 1605 2826 (ubi
1624 2780 1899 2830 proconsul,
1933 2789 1981 2823 ut

1093 2829 1187 2872 fere
1234 2830 1426 2885 semper)
1472 2829 1573 2872 edd.
1611 2841 1780 2876 veteres
1800 2860 1803 2871 ι
1821 2844 1864 2878 et
1905 2853 1980 2880 re-

1092 2888 1326 2930 centiores.
1340 2901 1494 2940 —pro
1509 2891 1700 2932 consule
1719 2890 1843 2936 MSS.
1858 2892 1979 2938 Flor.

1093 2951 1211 2995 (test.
1242 2944 1357 2986 Vict.
1397 2959 1499 2986 cum
1524 2944 1716 3003 Ryekio)
1748 2946 1873 2993 Harl.
1910 2952 1982 2996 ed.

1093 3003 1182 3044 lae.
1215 3000 1458 3045 Gronovii.
1529 3001 1578 3043 ln
1613 3003 1712 3047 MS.
1736 3004 1885 3051 Guelf.
1916 3025 1982 3051 se-

1095 3059 1241 3101 cunda
1267 3074 1425 3101 manus
1449 3058 1583 3102 erasit
1605 3058 1798 3106 litteram
1823 3080 1862 3108 e.
1910 3065 1982 3110 De

1094 3116 1259 3158 Pisone
1283 3115 1344 3158 cs.
1367 3118 1456 3160 An.
1481 3114 1546 3164 13,
1567 3115 1636 3160 31.

1151 3173 1446 3230 interficitur.
1536 3173 1616 3219 Ed.
1660 3173 1782 3233 Spir.
1834 3179 1984 3221 inter-

1080 3231 1286 3329 ficetgbcile
1306 3289 1458 3330 caede.
1519 3287 1621 3336 MS.
1637 3287 1791 3332 Guelf.
1818 3295 1983 3338 eadem

1090 3348 1245 3387 coede.
1325 3343 1428 3388 MS.
1458 3346 1578 3404 Agr.
1626 3361 1734 3389 eam
1779 3353 1983 3393 caedem.

1095 3402 1164 3444 De
1191 3418 1238 3444 re
1262 3400 1322 3444 cf.
1348 3401 1467 3445 l’lin.
1491 3419 1562 3462 ep.
1589 3404 1630 3454 3,
1649 3404 1691 3446 7.

1153 3474 1294 3515 quam
1312 3460 1562 3505 verissime.
1584 3461 1659 3504 Sic
1669 3459 1802 3504 MSS.
1816 3469 1857 3505 et
1869 3470 1984 3506 vete-

1096 3532 1166 3559 res
1188 3514 1420 3562 editiones.
1449 3517 1681 3561 Acidalius
1704 3517 1854 3562 nesciu
1903 3536 1985 3565 cur

1097 3573 1171 3617 hic
1193 3573 1386 3632 scriptor
1405 3574 1600 3619 veritatis
1631 3573 1830 3619 studium
1857 3620 1859 3622 ,
1901 3585 1984 3625 ste-
