2138 4030
32 2742 36 2746 ¹
90 2746 308 2792 vocabula
334 2745 474 2786 multi
495 2749 534 2787 el
560 2747 702 2787 inulti
717 2746 787 2789 vix
817 2745 980 2788 discer-

647 319 820 382 ΜΒ.
858 319 966 380 111.v
1045 318 1239 382 cAP.
1285 321 1384 393 77,
1819 326 1944 386 349
2024 279 2028 283 ⁸

94 452 292 515 hortes
342 451 638 528 expeditas
689 448 936 506 summis
984 450 1280 507 montium
1334 449 1493 524 'iugis
1547 472 1721 529 super
1773 466 1947 531 caput

87 537 352 596 >hostium
390 536 559 593 sistit.
663 534 802 590 inde
842 534 1013 590 miles
1047 537 1122 590 ad
1160 536 1396 592 caedem
1433 538 1617 609 magis
1656 560 1833 615 quam
1869 543 1944 597 ad

92 643 351 700 pugnam
384 619 660 678 decurrit.
757 631 1029 676 sternunt
1070 621 1330 676 inermos
1367 633 1481 703 aut¹
1508 642 1668 678 arma
1708 625 1947 700 capien-

95 722 180 767 tes
217 720 276 766 et
308 707 594 784 quosdam
624 724 833 760 somno
868 705 1111 773 excitoS‚
1179 726 1312 762 cum
1359 707 1645 775 tenebriS,
1710 729 1944 784 pavore,

92 794 291 850 sonitu
343 793 649 859 tubarum,
705 789 959 844 clamore
1013 784 1219 846 hostili
1271 791 1668 848 turbarentur.
1772 796 1944 868 pauci

94 879 484 953 gladiatorum
508 874 838 931 resistentes
864 894 1055 950 neque
1083 875 1261 931 inulti
1295 875 1569 936 cecidere.
1656 880 1831 934 ceteri
1869 882 1942 935 ad

93 983 270 1020 naves
307 963 587 1028 ruebant,
640 959 747 1015 ubi
784 970 992 1015 cuncta
1031 960 1161 1034 pari
1194 958 1513 1016 foimidine
1556 961 1947 1036 implicaban—

93 1061 191 1106 tur
228 1047 533 1123 permixtis
575 1044 816 1119 paganis
856 1063 1003 1120 quos
1055 1045 1221 1100 nullo
1266 1046 1603 1102 discrimine
1638 1045 1946 1105 Vitelliani

91 1133 485 1190 trucidabant.
517 1168 520 1171 -
593 1129 707 1186 Sex.
747 1130 1074 1185 liburnicae
1122 1129 1278 1186 inter
1317 1130 1576 1204 primum
1624 1133 1946 1190 tumultum

93 1238 353 1287 evasere,
397 1217 463 1272 in
505 1215 638 1290 quis
663 1216 988 1288 praefectus
1027 1215 1223 1270 classis
1244 1210 1641 1290 Apollinaris:
1684 1218 1946 1294 reliquae

95 1305 158 1359 in
182 1304 354 1359 litore
376 1313 574 1376 captae
610 1312 710 1356 aut
750 1300 935 1355 nimio
973 1300 1274 1355 ruentium
1310 1321 1488 1357 onere
1524 1321 1749 1376 pressas
1781 1324 1945 1360 mare

93 1386 303 1444 hausit.
388 1384 655 1443 Iulianus
692 1386 767 1439 ad
802 1382 870 1440 L.
896 1383 1204 1440 Vitellium
1243 1388 1559 1460 perductus
1599 1398 1658 1443 et
1682 1389 1946 1453 verberi-

94 1475 204 1530 bus
226 1473 491 1528 foedatus
526 1471 590 1524 in
625 1489 726 1525 ore
767 1470 890 1524 eius
930 1469 1245 1542 iugulatur.
1333 1468 1523 1527 Fuere
1564 1472 1668 1548 qui
1702 1494 1947 1529 uxorem

91 1558 161 1619 L.
199 1556 430 1614 Vitellii
470 1555 766 1613 Triariam
809 1555 1185 1625 incesserint,
1239 1565 1520 1632 tanquam
1558 1557 1751 1630 gladio
1783 1559 1947 1615 mili-

178 318 230 359 A.
249 316 411 355 Hem.

179 363 228 399 A.
254 362 315 399 C.'
347 362 408 397 π).

1055 1814 1112 1862 V.
1149 1816 1282 1860 MSS.
1310 1816 1556 1860 Covaffuv.
1583 1813 1735 1859 Guetf.
1769 1823 1813 1858 et
1833 1823 1941 1860 teste

1053 1874 1263 1917 Broterio
1292 1872 1502 1915 omnibus
1530 1872 1672 1915 ferme
1708 1873 1942 1917 codicibus

1051 1931 1212 1980 MSS.‚
1243 1946 1430 1988 eamque
1455 1929 1725 1986 scripturam
1747 1929 1942 1974 Pichena

1052 1989 1159 2033 dicit
1198 1986 1455 2031 confirmari
1499 2004 1522 2029 a
1569 1987 1801 2036 Floreat„
1898 1989 1941 2031 ui

1051 2047 1160 2088 serat
1183 2054 1370 2099 captae.
1430 2044 1571 2102 Igitur
1597 2044 1737 2087 codex
1762 2042 1837 2087 ille
1899 2062 1942 2087 a·

1050 2104 1174 2147 bebit
1215 2104 1421 2158 reliquas
1455 2131 1469 2145 .
1494 2133 1507 2145 .
1528 2133 1539 2144 .
1576 2109 1768 2155 captae,
1821 2103 1941 2146 unde

1050 2170 1306 2205 ceterorum
1339 2158 1559 2202 librorum
1594 2157 1777 2202 varietas
1807 2160 1943 2217 origi-

1052 2234 1158 2260 nem
1191 2217 1337 2260 traxit.

93 1818 296 1876 nequivit
334 1815 508 1860 tradere
546 1832 742 1868 arcem„
767 1816 843 1859 sed
877 1823 982 1858 tan-

94 1887 188 1921 tum
215 1874 413 1933 polliceri
437 1873 536 1917 fore
558 1883 605 1915 ut
632 1874 894 1917 traderetur.

151 1936 302 1975 multa
346 1939 492 1974 nocte.
586 1930 668 1974 Ed.
713 1930 832 1987 Spir.
872 1938 980 1974 orta

94 1999 248 2041 nocte,
281 2006 327 2033 ex
350 1988 614 2032 emendandi
642 1989 806 2032 studim

148 2049 372 2090 inermos.
461 2046 537 2088 Sic
570 2044 673 2088 MS.
707 2045 831 2088 Flor.
877 2053 977 2092 test.

93 2104 298 2148 Victorio
334 2118 438 2146 cum
477 2103 566 2147 lac.
603 2101 857 2146 Gronovio.
918 2102 979 2147 cf.

92 2171 186 2205 not.
211 2163 265 2206 ad
296 2162 379 2204 An.
407 2163 444 2210 1,
468 2161 508 2203 6.
543 2183 600 2193 —
658 2162 859 2203 mermes
877 2158 980 2204 MS.

93 2219 242 2262 Guetf.
267 2228 308 2262 et
334 2217 548 2259 editiones
570 2232 743 2260 omneS.

655 2273 738 2318 Ed.
773 2274 894 2333 Spir.
933 2281 979 2318 et

147 2277 303 2319 sonitu
346 2276 578 2318 tubarum.

92 2336 247 2377 sonitu
268 2334 507 2375 tubarum.
549 2342 557 2347 “

147 2419 293 2458 neque
322 2403 477 2446 inulti.
527 2401 630 2446 ·Sic
659 2400 795 2446 MSS.
825 2400 978 2446 Guetf.

91 2461 204 2504 Bud.
240 2460 344 2502 edd.
364 2458 570 2502 Rhenan.
591 2474 692 2516 sqq.
715 2482 772 2493 --
830 2475 979 2516 neque

91 2519 229 2559 multi
257 2517 358 2560 edd.
394 2524 496 2560 aute
519 2515 662 2561 Rhen.
685 2517 807 2571 (eum
830 2517 976 2560 silent.

93 2574 398 2631 Vict.)„quae
432 2571 626 2629 vulgaris
660 2582 723 2616 est
755 2573 979 2618 confusio.

94 2631 152 2679 ef.
179 2639 272 2674 not.
297 2630 350 2673 ad
376 2630 463 2674 An.
491 2630 556 2678 16,
578 2630 649 2673 23.
718 2630 837 2686 Quia
866 2646 977 2686 pun-

92 2698 160 2735 cta
185 2690 445 2747 plerumque
460 2686 748 2745 negliguntur
770 2690 815 2731 in
829 2687 979 2741 MSS„

1101 2303 1372 2357 perductus,
1424 2298 1513 2344 Ed.
1533 2299 1651 2357 Spir.
1669 2302 1942 2355 productus.

1048 2357 1215 2403 Eadem
1238 2375 1340 2400 mox
1350 2357 1556 2414 suerunt
1578 2358 1826 2415 profuere.

1088 2442 1238 2498 ‚suere
1272 2443 1352 2495 qui
1384 2474 1393 2484 .
1419 2474 1431 2486 .
1454 2473 1468 2486 .
1500 2440 1783 2486 incesserint.
1865 2440 1942 2485 Sic

1049 2507 1222 2544 veteres
1280 2499 1381 2541 libri
1431 2500 1583 2558 scripti
1637 2506 1679 2541 et
1732 2498 1942 2556 impressi

1049 2555 1270 2615 plerique.
1360 2557 1498 2600 MSS,
1530 2555 1647 2600 Bud.
1682 2555 1820 2599 Corh.
1862 2554 1935 2600 ed.

1050 2614 1167 2670 Spir.
1222 2615 1520 2658 incesserant.
1626 2612 1690 2654 Ex
1744 2611 1939 2671 Ernestii

1049 2670 1362 2713 emendatione
1398 2670 1530 2714 hodie
1573 2671 1712 2714 edunt
1745 2670 1939 2712 incesse-

1051 2735 1169 2770 rent.
1241 2727 1497 2772 Provocant
1531 2728 1586 2772 ad
1618 2727 1767 2771 locum
1803 2742 1843 2770 c.
1865 2726 1937 2770 78.

1049 2801 1130 2827 nec
1169 2786 1360 2839 defuere
1405 2787 1487 2841 qui
1519 2816 1531 2828 .
1566 2817 1576 2827 .
1610 2815 1622 2827 .

1050 2842 1186 2886 Addo
1215 2843 1390 2886 Sallust.
1422 2841 1518 2886 Cat.
1545 2857 1584 2886 e.
1609 2841 1678 2884 17.
1695 2843 1843 2898 suere
1860 2843 1944 2897 qui

1051 2903 1303 2942 crederent.
1382 2898 1496 2943 lbid.
1528 2915 1568 2943 c.
1601 2898 1673 2941 22.
1687 2899 1827 2956 fuere
1860 2899 1942 2954 qut

1051 2959 1274 3000 dicerent.
1353 2957 1438 2999 Sed
1476 2957 1522 2999 in
1554 2955 1698 2998 forma
1737 2957 1936 2999 incessa-

1047 3017 1144 3057 rint
1168 3029 1259 3056 non
1284 3022 1345 3056 est
1403 3012 1495 3055 uod
1520 3013 1768 3072 vituperes,
1796 3027 1935 3070 quan·

1048 3088 1180 3129 quam
1214 3070 1347 3113 alium
1372 3030 1486 3113 (ioco
1513 3071 1683 3114 inducit
1716 3069 1936 3114 colorem.

1043 3128 1262 3185 Exprimit
1303 3128 1422 3170 euim
1464 3128 1508 3171 id
1543 3127 1664 3186 quod
1702 3144 1784 3171 nos
1818 3127 1933 3170 dici-

1044 3199 1170 3230 mus:
1203 3200 1251 3227 es
1276 3187 1364 3240 gab
1382 3183 1546 3237 Lente,
1576 3186 1749 3228 welche
1768 3185 1836 3228 sie
1858 3185 1933 3226 be-

1042 3245 1305 3295 sclmldtgen
1332 3244 1547 3292 walnen,
1579 3250 1627 3285 ut
1653 3242 1712 3288 ita
1739 3242 1934 3298 scriptor

90 2803 136 2847 ni
167 2810 366 2861 possunt.
427 2800 655 2846 Guelferb.
689 2810 839 2845 tamen
873 2803 980 2846 scri-

90 2860 153 2903 bit
173 2857 294 2904 tutti.
364 2857 467 2902 MS.
498 2859 580 2903 les.
616 2875 699 2917 pro
734 2868 879 2917 neque
907 2861 980 2904 ha-

90 2917 166 2961 bet
187 2925 341 2972 atque.

144 3003 233 3031 sex
255 2987 523 3030 liburnicae.
586 2986 686 3031 MS.
712 2986 868 3031 Guelf.
894 2990 978 3031 sed

88 3045 379 3088 Liburnicae.
770 3046 773 3050 ’

143 3117 416 3158 tumultum.
474 3111 558 3157 Ed.
580 3112 698 3172 Spir.
727 3117 974 3158 tumulum.

143 3186 289 3228 litore.
369 3183 453 3227 Ed.
495 3183 612 3241 Spir.
654 3185 829 3227 lictore.
911 3185 973 3230 cf.

87 3250 184 3287 not.
207 3241 259 3283 ad
284 3257 323 3284 c.
345 3240 416 3285 63.
446 3269 504 3278 --
555 3240 719 3284 Eadem
743 3257 847 3284 cum
870 3241 971 3286 MS.

1666 2791 1935 2838 arguerent.
2011 2816 2014 2818 Α
2036 2805 2039 2807 >

86 3299 201 3343 Bud.
229 3305 281 3339 ut
300 3299 444 3341 nimio
465 3313 546 3356 pro
571 3306 653 3339 aut
673 3299 831 3341 nimio.
891 3297 972 3342 Ce-

84 3364 229 3399 terum
283 3370 334 3398 ro
354 3357 561 3410 reliquae
582 3386 613 3398 ..
629 3387 640 3397 .
663 3362 825 3410 captae
840 3354 971 3399 MSS.

54 3442 56 3444 v
86 3413 222 3456 Corb.
288 3407 360 3454 u'd.
394 3411 495 3454 edd.
517 3411 727 3455 Beroald.
755 3414 878 3466 (cum
902 3414 971 3456 sil.

87 3467 229 3523 vict.)
256 3469 352 3512 Alc.
378 3467 521 3511 Rhen.
542 3484 641 3526 sqq.
675 3468 836 3511 habent
859 3472 970 3512 reli-

87 3540 202 3579 quet-c
305 3535 484 3579 captas.
543 3525 734 3569 Pichena
759 3526 970 3569 suadente

87 3581 230 3638 Lipsio
255 3582 454 3640 reposuit
476 3584 684 3637 reliquae
706 3612 717 3623 .
736 3615 771 3626 ..
795 3591 972 3637 captae,

84 3654 194 3695 quae
224 3649 325 3683 suut
359 3638 405 3682 in
436 3639 539 3683 edd.
562 3639 683 3696 Spir.
709 3640 808 3682 Put.
836 3641 902 3684 M.
926 3649 968 3684 et

1046 3301 1245 3344 enuntiet
1280 3300 1536 3358 opinionem
1568 3298 1688 3342 fama
1719 3298 1929 3342 coalitam

1046 3359 1099 3399 de
1121 3355 1318 3404 Triaria,
1350 3366 1559 3414 tanquam
1591 3365 1676 3400 etc.
1750 3354 1810 3399 cf.
1835 3354 1930 3399 cic.
1986 3368 1999 3372 ’

1046 3414 1186 3457 Aead.
1222 3415 1259 3461 1,
1294 3416 1358 3456 10.
1398 3415 1530 3456 Zeno
1559 3417 1685 3456 nullo
1717 3417 1854 3455 modo
1890 3413 1933 3453 is

1045 3479 1167 3520 erat,
1226 3473 1305 3526 qui
1332 3483 1498 3514 nervos
1541 3473 1728 3513 virtutis
1770 3470 1930 3511 inci-

1042 3529 1227 3577 derit,
1281 3533 1363 3570 sed
1396 3537 1588 3576 contra,
1639 3527 1723 3582 qui
1755 3527 1932 3577 omnia,

1042 3599 1160 3640 quae
1181 3588 1244 3627 nd
1265 3588 1452 3628 beatam
1475 3589 1615 3627 vitam
1631 3586 1931 3639 pertinerent,

1042 3643 1092 3684 in
1116 3657 1208 3684 una
1230 3643 1400 3685 virtute
1418 3649 1632 3696 poneret.
1851 3643 1854 3647 ’
