2138 4030
156 228 277 288 134
698 223 1426 287 'HISTORIARUM
1705 221 1827 302 ᾖξ’
1862 225 1924 304 732

322 382 371 444 Ι.
414 349 714 443 Struebat
745 386 864 442 iam
885 385 1125 455 fortuna
1156 382 1222 438 in
1246 382 1477 440 diversa
1514 394 1680 458 parte
1717 395 2026 446 terrarum

157 469 328 526 initia
367 489 683 546 causasque
723 470 1006 545 imperio,
1072 468 1234 543 quod
1269 467 1433 524 varia
1474 479 1628 524 sorte
1667 469 1884 528 laetum
1922 471 2025 532 re?

157 555 432 631 publicae
465 568 565 613 aut
592 567 788 623 atrox,
831 553 973 628 ipsis
995 552 1363 628 principibus
1388 572 1737 628 prosperum
1765 569 1865 615 aut
1887 552 2012 615 ‘exi-

159 642 243 698 tio
283 641 416 703 fuit.
511 639 686 698 Titus
717 637 1114 714 Vespasianus
1159 657 1190 694 e
1228 634 1446 694 Iudaea
1491 637 1779 696 incolumi
1806 635 2030 702 adhuc·

161 725 356 783 Galba
393 725 604 783 missus
641 745 674 780 a
707 735 871 798 patre
905 741 1140 779 causam
1175 722 1558 798 profectionis
1594 709 1852 782 officium
1882 740 2029 804 erga?

161 810 494 890 principem
518 821 576 867 et
602 820 894 865 matura-m
926 808 1195 887 petendis
1227 803 1557 864 honoribus
1592 808 1892 869 iuventam
1929 815 2018 871 fe-

163 897 350 956 rebat.
438 897 539 951 sed
563 895 776 967 vulgus
807 893 1071 967 fingendi
1108 892 1348 949 avidum
1382 891 1731 967 disperserat
1768 898 2027 956 accitum·

164 982 232 1038 in
268 981 664 1058 adoptionem.
753 979 995 1035 materia
1035 977 1406 1034 sermonibus
1439 978 1670 1035 seniutn
1702 992 1759 1038 et
1797 976 2019 1041 orbitas

165 1067 453 1145 principis
481 1076 536 1122 et
559 1063 1014 1138 intemperantia
1039 1062 1319 1130 civitatiS‚
1363 1063 1728 1122 donec-unus
1756 1067 2021 1142 eligatur,

165 1154 384 1211 multos
409 1148 765 1208 destinandi.
830 1144 1102 1223 Augebat
1123 1148 1342 1203 famam
1367 1146 1551 1222 ipsius
1568 1146 1696 1206 Titi
1718 1150 2021 1225 ingenium

169 1250 656 1313 quantaecunque
679 1235 952 1290 fortunae
978 1254 1187 1308 caan‚
1228 1234 1404 1288 decor
1440 1232 1560 1288 oris
1597 1253 1730 1290 cum
1767 1240 2023 1313 quadam

168 1324 498 1388 maiestate.
542 1339 855 1394 prosperae
883 1316 1230 1394 Vespasiani
1265 1337 1391 1387 τετε,
1433 1337 1709 1393 praesaga
1746 1341 2026 1398 responsa

173 1420 227 1466 et
296 1405 595 1464 inclinatis
669 1405 744 1461 ad
817 1405 1178 1461 credendum
1252 1402 1464 1458 animis
1546 1403 1694 1469 loco·
1755 1409 2024 1467 ominum

681 1575 1529 1627 COMMENTARIUS.

229 1705 346 1749 CAP..
369 1705 411 1747 l.
469 1703 518 1746 ln
541 1702 646 1746 MS.
670 1700 821 1746 Guelf.
852 1700 1068 1744 edd.Put.

174 1763 277 1817 libri
303 1760 601 1806 Historiarum
632 1760 802 1818 primus
835 1767 877 1802 et
901 1774 1066 1802 secun-

175 1823 259 1866 dus
294 1818 483 1863 nomine
516 1817 681 1861 decimi
715 1815 892 1874 septimi
927 1816 1068 1860 histo-

174 1879 267 1922 riae
291 1878 518 1935 Augustae
548 1874 735 1919 confusi
762 1873 1066 1932 reperiuntur.

172 1936 252 1982 Est
270 1943 423 1979 tamen
442 1934 489 1977 in
514 1932 617 1976 edd.
644 1933 745 1975 Put.
773 1932 963 1990 spatium
985 1931 1066 1974 ali-

1138 1705 1370 1800 ffpalqent.
1429 1697 1595 1799 Agidilta
1616 1709 1731 1753 ¹sunt
1758 1703 1807 1746 in
1836 1671 2037 1776 margine

1135 1764 1623 1870 prffip'erss‘pmffssa'ga
1642 1758 1893 1873 &5332
1920 1767 2034 1880 {323

1143 1870 1322 1928 legendi
1381 1871 1497 1914 ratio
1549 1871 1750 1930 placebat
1797 1875 2034 1928 Rhenano.

1141 1928 1379 1985 Vulgatam
1415 1927 1683 1987 scripturam
1723 1940 1905 1979 tuentur
1936 1939 2041 1992 edd,¹

175 1993 297 2052 quod
320 1992 438 2035 inter
464 1990 595 2049 primi
620 1990 724 2034 libri
749 1989 884 2032 finem
915 1998 955 2032 et
991 1989 1070 2032 ini-

176 2053 289 2096 tium
314 2048 514 2093 secundi.
681 2082 687 2098 ,

234 2107 374 2150 varia
398 2114 546 2149 sorte.
605 2105 643 2148 E
669 2103 913 2149 certissima
936 2103 1071 2161 Lipsii

177 2163 519 2214 emendatione,
564 2178 697 2220 quam
730 2164 778 2205 in
812 2170 1070 2206 contextum

177 2238 279 2267 rece
314 2236 388 2264 ere
419 2218 603 2262 Pichen.
636 2220 853 2277 Bernegg.
886 2235 984 2278 sqq.
1014 2247 1073 2255 --

177 2280 262 2324 MS
302 2311 313 2322 .
338 2278 438 2320 Vat.
463 2276 574 2334 Reg.
610 2278 719 2319 vari
750 2281 931 2322 abor-te.
990 2277 1072 2319 Ed.

179 2338 212 2382 S
243 2339 298 2382 ir.
336 2350 454 2378 vane
494 2342 652 2377 ortum
686 2336 822 2378 abore
851 2364 865 2377 .
933 2333 1069 2377 MSS.

178 2354 301 2440 Heu-l.
326 2391 458 2437 Bodl.
485 2391 567 2435 les.
593 2392 708 2436 Bud.
734 2401 776 2436 et
843 2391 947 2435 uelf.
967 2391 1068 2436 edd.

180 2453 285 2496 Put.
300 2468 397 2510 sqq.
411 2450 464 2493 ad
481 2448 725 2497 Pichenam
752 2451 881 2494 varie
900 2458 1071 2492 ortum.

180 2510 375 2554 Colerus
418 2506 563 2552 facete
619 2507 889 2558 coniiciebat
945 2508 1073 2550 vario

180 2571 360 2611 abortu.
419 2564 623 2623 Lipsiana
655 2565 874 2624 scriptura
902 2564 1074 2608 confir-

180 2634 330 2671 matur
354 2621 562 2683 exemplis
584 2621 691 2666 infr.
716 2625 853 2668 c.·96.
888 2623 926 2674 3,
949 2623 1017 2665 80.

237 2687 414 2725 laetum
444 2680 520 2729 rezT
540 2681 764 2736 publicae.
825 2681 925 2726 MS.
958 2679 1072 2724 Bud.

178 2754 344 2784 semen
363 2753 405 2781 r.
424 2754 475 2792 p.

239 2804 323 2840 aut
345 2796 502 2838 exitio.
561 2793 647 2838 Ed.
674 2793 791 2852 Spir.
820 2796 895 2837 vel
911 2795 1070 2836 exitio.

241 2855 442 2897 Iudaea.
501 2852 744 2912 Edd.Sp·ir.
759 2851 941 2896 Put.M.
964 2860 1006 2896 et
1021 2850 1072 2895 V.

180 2913 358 2959 ludeo,
386 2910 450 2952 uti
473 2910 636 2954 solent.

239 2973 378 3011 decor
402 2968 512 3011 oris.
570 2967 634 3009 Ex
660 2967 847 3026 eleganti
869 2964 1074 3010 Rhenani

185 3024 525 3073 emendatione,
583 3040 718 3082 quam
753 3024 846 3084 ipse
881 3024 927 3067 in
964 3039 1077 3067 con-

181 3090 349 3130 textum
385 3081 552 3138 recepit
576 3090 618 3124 et
639 3082 909 3139 posteriores
931 3079 1070 3125 edito·

182 3159 254 3186 res
297 3148 542 3183 servarunt.
620 3139 756 3183 MSS.
800 3139 911 3196 Reg.
955 3138 1073 3181 Bud.

183 3199 283 3244 edd.
318 3197 349 3241 S
383 3196 437 3238 ir.
483 3195 695 3239 Beroald.
738 3197 835 3240 Alc.
878 3198 1074 3239 decoris.

182 3255 318 3300 MSS.
370 3252 470 3296 Iarl.
502 3253 632 3295 Bodl.
669 3253 748 3296 les.
784 3253 936 3298 Guelf.
974 3252 1076 3296 edd.

154 3315 290 3358 ¹Put.
325 3313 394 3356 Μ.
430 3318 471 3353 et
504 3310 556 3352 V.
589 3311 758 3354 decori.
829 3311 932 3355 MS.
969 3311 1075 3366 Agr.

184 3376 398 3415 decorus.

240 3439 494 3485 prosperae
515 3425 804 3478 Vespasiani
824 3439 912 3467 res.
972 3423 1077 3466 Duo

187 3484 403 3530 vocabula
440 3483 721 3537 Vespasiani
750 3495 823 3523 res
860 3481 903 3524 in
941 3481 1075 3524 MSS.

184 3543 300 3588 Bud.
335 3540 462 3587 Harl.
501 3539 632 3583 Bodl.
671 3538 753 3583 les.
788 3537 936 3592 Guelf.
984 3554 1077 3581 non

1142 1986 1262 2044 Spir.
1286 1985 1391 2052 Pup.
1413 2002 1537 2044 sqq.,
1568 1987 1654 2031 nisi
1674 1991 1798 2047 quod
1816 1986 2037 2048 Puteola-

1142 2060 1228 2086 nus
1263 2043 1383 2085 dedit
1409 2059 1635 2098 prospere
1668 2062 1752 2104 pro
1776 2063 2036 2106 prosperae

1144 2109 1186 2144 et
1248 2100 1299 2141 V
1295 2102 1525 2154 espeszhni
1593 2118 1677 2160 pro
1726 2105 2037 2162 Vespasium:

1145 2155 1402 2214 Vespasiani
1427 2159 1561 2215 patris
1583 2175 1652 2202 res
1674 2159 1784 2206 binc
1805 2179 1900 2209 esse
1925 2169 2039 2214 alie-

1143 2230 1221 2258 nas
1254 2229 1358 2257 cuin
1387 2213 1600 2259 Ernestio,
1629 2216 1815 2270 minime
1843 2232 2033 2282 putave-

1144 2272 1250 2314 rim.
1320 2271 1459 2314 Erant
1488 2273 1634 2330 potius
1663 2278 1895 2339 praecipui
1929 2299 2034 2328 mo-

1145 2328 1286 2372 menti
1311 2329 1357 2371 in
1383 2329 1466 2373 bac
1487 2346 1548 2374 re.
1664 2336 1665 2339 ’

1195 2401 1434 2442 praesaga
1455 2402 1696 2442 responsa.
1756 2393 1790 2439 1.
1818 2395 1896 2442 Fr.
1921 2398 2037 2446 Gro-

1144 2443 1302 2487 novius
1326 2443 1563 2501 plaudente
1592 2446 1797 2496 Ernestio
1833 2457 2034 2517 corrige-

1144 2503 1245 2545 bat:
1276 2508 1280 2515 ·
1292 2505 1575 2556 praesagia,
1627 2520 1880 2563 responsa,
1932 2517 2036 2574 quia

1145 2574 1248 2601 mox
1270 2567 1334 2601 est
1358 2562 1570 2604 ominum
1591 2565 1784 2618 mentio,
1816 2587 1929 2628 quae
1950 2574 2039 2619 sint

1143 2618 1411 2672 praesagia.
1485 2618 1653 2664 Verum
1687 2624 1724 2666 si
1767 2625 1880 2677 sint,
1930 2631 2039 2689 quid

1145 2683 1241 2741 tum
1290 2672 1518 2718 lucramur
1557 2676 1778 2725 Gronovii
1827 2687 2044 2732 emenda-'

1146 2731 1302 2774 tione?
1370 2731 1557 2789 Vulgata
1591 2737 1813 2796 scriptura
1847 2745 1958 2788 bene
1992 2747 2043 2791 se

1145 2789 1292 2832 habet.
1350 2788 1539 2848 Respice
1563 2794 1619 2836 ad
1641 2795 1763 2840 Suet.
1785 2799 1871 2843 Tit.
1893 2800 1933 2845 (Ξ.
1953 2802 2014 2846 2.-

1202 2849 1302 2887 lnco
1335 2849 1559 2892 ominum.
1616 2850 1692 2896 Sic
1722 2854 1858 2905 MSS.
1879 2858 2038 2906 ,Guelfi
2084 2883 2091 2888 “

1146 2902 1279 2946 Bodl.
1303 2903 1414 2959 Agr.
1442 2905 1583 2960 (Harl.
1609 2916 1653 2953 et
1676 2909 1757 2955 les.
1787 2931 1812 2958 a
1842 2918 2039 2963 secunda

1144 2963 1297 3016 manu)
1328 2961 1427 3005 edd.
1454 2965 1555 3008 Put.
1587 2966 1655 3009 Μ.
1674 2964 1896 3033 Bern'egg.⁴
1914 2974 2039 3019 Gro-

1145 3033 1253 3062 nov.
1285 3033 1382 3075 sqq.
1424 3047 1481 3060 —-
1539 3025 1638 3066 loco
1661 3029 1875 3074 omnium
1907 3029 2042 3077 MSS.

1145 3074 1263 3143 βαιὰ.
1290 3076 1428 3130 (Harl.
1447 3079 1526 3123 les.
1549 3095 1572 3122 a
1594 3082 1737 3140 prima
1762 3092 1916 3146 manu)
1940 3090 2040 3133 edd.

1149 3135 1267 3188 Spir.
1294 3132 1396 3177 Put.
1421 3138 1472 3180 V.
1497 3138 1600 3181 Ber.
1624 3141 1725 3184 Alc.
1755 3144 1899 3190 Rhen.
1931 3145 2041 3192 ΑΜ.

1149 3206 1245 3256 sqq.
1271 3195 1325 3234 ad
1349 3190 1569 3260 Bernegg.
1584 3227 1598 3244 ‚
1621 3198 1698 3255 qui
1719 3206 1931 3246 ominum
1951 3204 2040 3247 edi·

1151 3249 1215 3307 (lut
1260 3249 1548 3296 suadentibus
1592 3254 1785 3311 Ursino,
1842 3262 2039 3309 Murem,

1154 3305 1343 3355 Grofio,
1383 3317 1425 3352 et
1456 3309 1520 3354 sic
1550 3310 1779 3360 Victorius
1812 3316 1897 3360 iam
1933 3334 2038 3363 σοι’-

1152 3364 1262 3429 rexit
1304 3363 1350 3406 in
1394 3382 1477 3408 suo
1529 3369 1781 3427 exemplari.
1873 3375 2037 3419 Eadem

1151 3430 1385 3478 utriusque
1434 3427 1640 3468 vocabuli
1692 3430 1901 3475 confusio
1952 3435 2040 3478 fre·

1151 3494 1292 3535 quens
1313 3488 1377 3522 est
1398 3481 1443 3524 in
1466 3492 1572 3527 vett.
1593 3477 1730 3531 libris,
1789 3488 1848 3533 cs.
1875 3499 1966 3536 not.
1987 3491 2041 3536 ad

1153 3541 1240 3579 An.
1269 3538 1336 3586 15,
1356 3539 1399 3581 8.
