2138 4030
202 138 208 160 t

138 247 361 332 2:85⁸&

596 244 770 311 Lm.
807 246 883 310 11.
949 216 1148 311 CAPJ
1171 246 1281 318 μω.-
1307 247 1420 311 41.
1791 249 1909 312 179

223 382 350 443 XI..
392 379 530 438 Non
559 390 626 436 ut
650 378 726 436 ad
755 397 1015 454 pugnam
1039 379 1140 434 sed
1169 377 1244 434 ad
1279 377 1623 436 bellandum
1656 384 1903 456 profecti

51 469 414 528 confluentes
439 464 590 522 Padi
614 475 670 522 et
693 459 944 521 Adduae
969 463 1287 520 fluminum
1312 463 1563 520 sedecim
1586 465 1726 523 inde
1759 469 1900 525 mil-

47 556 201 613 lium
242 552 429 629 spatio
467 550 746 608 distantes
787 549 1086 624 petebant.
1184 546 1355 606 Celso
1393 559 1449 604 et
1483 547 1760 610 Paullino
1796 555 1902 611 ah-

48 639 372 698 nuentibus
393 635 644 692 militem
666 634 876 691 itinere
903 636 1118 689 fessum
1136 678 1152 703 ,
1203 632 1446 708 sarcinis
1472 652 1714 706 ,gravem
1748 639 1901 695 obii-

49 746 181 784 cere
216 719 375 779 hosti
411 740 537 778 non
574 720 936 794 admissuro,
994 739 1110 794 quo
1142 717 1342 774 minus
1380 720 1680 794 expeditus
1714 734 1771 778 et
1803 724 1902 780 vix

50 820 330 888 quattuor
351 806 541 862 millia
567 825 847 881 passuum
866 820 1218 880 vprogressus
1249 814 1350 859 aut
1384 802 1804 880 incompositos
1838 809 1902 865 in

51 895 284 968 agmine
309 903 410 950 aut
438 892 731 965 dispersos
765 901 821 947 et
856 889 1082 945 vallum
1118 888 1430 945 molientes
1468 890 1904 963 adgrederetur,

49 980 327 1037 Titianus
353 988 409 1034 et
434 975 753 1046 Proculus,
804 975 912 1031 ubi
945 973 1208 1031 consiliis
1238 973 1645 1044 vincerentur,
1697 979 1773 1033 ad
1810 978 1903 1034 ius

48 1063 287 1140 imperii
307 1062 657 1120 transibant.
743 1057 967 1120 Aderat
988 1079 1127 1114 sane
1150 1058 1298 1115 citus
1324 1079 1474 1136 equo
1488 1058 1746 1118 Numida
1770 1082 1905 1118 cum

48 1149 344 1208 atrocibus
368 1147 690 1215 mandatiS,
734 1147 949 1223 quibus
959 1140 1130 1202 Otho
1159 1143 1444 1219 increpita
1469 1146 1688 1202 ducum
1712 1147 1906 1220 segni-

51 1236 134 1293 tia
178 1250 307 1290 rem
342 1233 406 1289 in
444 1232 763 1289 discrimen
801 1231 959 1287 mitti
994 1229 1234 1286 iubebat
1273 1249 1442 1304 aeger
1476 1250 1644 1288 mora
1686 1244 1742 1290 et
1781 1233 1905 1310 spei

50 1320 378 1396 impatiens·

219 1401 379 1462 XLI.
420 1397 647 1457 Eadem
685 1399 780 1456 die
817 1400 893 1455 ad
928 1397 1243 1455 Caecinam
1276 1400 1442 1474 operi
1475 1400 1673 1475 pontis
1710 1402 1908 1459 inten-

49 1500 180 1548 tum
230 1489 350 1544 duo
404 1484 831 1562 praetoriarum
876 1479 1213 1541 cohortium
1260 1484 1491 1542 tribuni
1543 1487 1908 1565 colloquium

854 1610 886 1648 α

107 1679 221 1724 CAP.
251 1679 324 1721 40.
402 1677 511 1719 Non
547 1683 599 1718 ut
631 1678 696 1718 ad
732 1648 943 1730 pugnam

1019 1678 1329 1720 occasionem.
1390 1674 1474 1719 Vix
1499 1677 1708 1735 cuiquam
1734 1694 1911 1737 persua·

50 1741 135 1781 sed
163 1741 228 1783 ad
259 1737 543 1779 bellandum.
619 1732 808 1777 Grotius
842 1749 943 1775 cor-

1018 1734 1155 1777 debit.
1226 1733 1330 1776 MS,
1363 1733 1502 1778 corb.
1536 1750 1631 1779 non
1665 1740 1912 1783 anm'xuri.

51 1795 223 1851 rigebat
247 1797 312 1836 ad
329 1793 675 1834 debellandum.
735 1789 942 1832 Ernestio

52 1855 228 1896 bellare
259 1867 341 1909 pro
376 1850 610 1891 debellare
633 1847 812 1894 videtur
837 1846 943 1890 dici.

51 1910 281 1954 Provocat
306 1906 363 1950 ad
385 1906 476 1949 Liv.
499 1905 626 1958 6‚31.
686 1903 946 1963 Explicant:

52 1967 220 2018 „ibant
242 1981 336 2008 non
358 1963 485 2020 quasi
508 1964 561 2007 ad
588 1961 810 2006 incertum
845 1976 946 2003 cer-

51 2035 228 2077 tamen,
280 2021 356 2065 sed
409 2028 460 2063 ut
512 2021 648 2063 finem
695 2018 949 2076 imposituri

53 2080 175 2126 bello
222 2095 312 2122 una
356 2077 563 2123 victoria.
580 2078 607 2094 ”
705 2077 768 2118 At
815 2074 947 2132 plane

53 2137 177 2182 aliud
213 2136 299 2180 sibi
324 2136 423 2178 vult
453 2143 634 2185 auctor,
673 2132 796 2192 quod
830 2133 946 2175 bene

51 2195 165 2242 vidit
189 2192 425 2241 Heinsius,
457 2191 533 2250 qui
562 2192 616 2235 ad
641 2190 685 2234 h.
710 2190 738 2233 l.
764 2189 946 2233 scribit:

53 2249 182 2311 „qus
207 2251 261 2296 ad
287 2249 404 2293 bella
438 2248 811 2307 proficiscuntur,
849 2263 944 2290 sar-

54 2311 177 2356 cinas
199 2323 351 2352 secum
370 2307 545 2349 ferunt:
567 2305 644 2364 qui
663 2305 717 2347 ad
733 2320 948 2362 pugnam,

418 2363 589 2407 roximo
633 2362 908 2418 relinquunt.
924 2362 951 2381 ‘’

401 2438 465 2465 ac.
484 2420 642 2463 Germ.
666 2435 706 2463 c.
731 2419 801 2462 30.
818 2421 950 2462 Alios

51 2383 124 2411 eas
157 2367 204 2409 in
245 2367 347 2409 loco

52 2426 208 2468 Recte.
270 2422 332 2466 cf.

55 2485 120 2525 ad
139 2482 378 2534 proelium
401 2481 470 2521 ire
493 2479 671 2528 videas,
705 2476 866 2519 Cattos
885 2479 949 2519 ad

52 2541 244 2582 bellum.
313 2536 494 2580 Etenim
519 2535 636 2580 Catti
657 2532 847 2577 militem
870 2550 950 2577 su-

54 2613 136 2656 per
188 2611 312 2639 arma
357 2594 642 2638 ferramentis
682 2607 865 2650 quoque
905 2599 948 2633 et

56 2653 200 2712 copiis
231 2659 435 2695 onerant.
511 2649 833 2708 Vituperantur
862 2647 875 2690 i
909 2647 952 2690 i·-

58 2716 134 2755 tur
167 2709 441 2759 Othoniani,
479 2707 602 2766 quod
635 2723 729 2750 non
760 2665 948 2762 expetisti

17 2801 36 2824 s
59 2775 112 2813 ut
138 2769 194 2812 ad
224 2781 444 2825 pugnam,
473 2765 550 2808 sed
582 2764 764 2809 sarcinis
786 2778 952 2820 graves,

57 2825 126 2871 uti
157 2824 305 2868 solent
335 2839 427 2865 esse
457 2823 504 2864 in
534 2821 695 2865 itinere
729 2828 770 2863 et
792 2822 952 2880 procul

59 2883 115 2927 ab
153 2883 279 2925 hoste
311 2887 557 2928 versantes,
601 2876 792 2935 profecti
833 2887 954 2921 sunt.

59 2936 495 2986 Meliustitellianh
527 2937 602 2994 qui
628 2952 666 2979 c.
685 2935 756 2977 45.
787 2935 951 2980 dicun-

8 3015 19 3049 ξ
60 3006 138 3040 tur
178 2995 387 3050 expediti
418 3001 463 3037 et
497 3001 686 3036 tantum
722 2994 786 3035 ad
811 3008 954 3047 proe-

62 3056 180 3098 lium
203 3053 394 3106 egressi.

122 3113 332 3155 adduae.
392 3109 626 3168 Ed.=·Spir.
664 3110 796 3173 agdf.
854 3105 956 3148 MS.

62 3167 216 3212 Guelf.
241 3169 390 3232 Adaf.
451 3168 577 3210 Idem
602 3166 716 3210 liber
739 3180 842 3207 mox
861 3164 963 3206 XV

60 3243 144 3287 pro
169 3226 385 3268 sedecim.

117 3298 212 3326 non
245 3282 523 3323 admissuro.
591 3280 667 3324 Sic
702 3278 804 3322 MS.
838 3278 956 3322 Eud.

65 3347 108 3384 et
141 3340 244 3383 inde
278 3338 378 3380 edd.
407 3335 743 3381 Rhenan..Ald.
769 3351 867 3394 sqq.
901 3361 957 3371 —-

65 3411 162 3440 non
186 3396 421 3439 amissum
445 3395 522 3439 vul
557 3411 584 3436 o
607 3387 740 3437 MSS,
775 3402 819 3436 et
851 3393 957 3437 edd.

67 3454 99 3496 S
132 3453 186 3497 ir.
201 3452 303 3495 Put.
323 3453 389 3496 M.
411 3460 455 3495 et
467 3451 521 3494 V.
573 3467 637 3494 er.
662 3454 788 3507 (cum
813 3450 960 3494 silent.

113 3513 208 3565 iet.)
238 3509 366 3560 Alc„
405 3525 540 3568 quam
575 3508 840 3566 scripturam
867 3507 956 3549 Er-

68 3565 234 3610 nestius
284 3566 344 3609 ita
402 3566 600 3611 defendit
653 3572 702 3608 ut
745 3563 960 3622 intelligat

1018 1792 1120 1835 MS.
1135 1790 1268 1834 Bodl.
1280 1808 1303 1835 a
1317 1807 1407 1834 sec.
1422 1807 1480 1833 m.
1493 1808 1587 1835 non
1603 1797 1914 1839 commissura

1019 1848 1263 1905 Rupertius
1294 1849 1398 1891 satis
1425 1857 1522 1904 apte
1550 1852 1781 1895 emendat:
1819 1869 1913 1895 non

1019 1907 1268 1949 omissuro.
1338 1905 1399 1948 cf.
1434 1905 1526 1950 An.
1563 1907 1604 1955 3,
1639 1908 1710 1951 27.
1752 1925 1809 1951 ao
1850 1925 1913 1953 ne

1019 1965 1140 2005 bello
1168 1965 1356 2019 quidem
1387 1994 1398 2005 .
1419 1992 1431 2004 .
1456 1993 1470 2006 .
1501 1965 1763 2014 omissum,
1801 1970 1914 2024 quin

1022 2023 1174 2062 multa
1196 2028 1243 2062 et
1265 2021 1458 2062 diversa
1476 2022 1792 2067 scz'scerencur.
1850 2024 1915 2068 Ea

1020 2086 1167 2120 tamen
1201 2093 1294 2119 non
1326 2086 1389 2119 est
1422 2077 1780 2138 uniuSKRupertii
1806 2097 1915 2126 con·

1018 2133 1213 2177 iectura:
1255 2134 1485 2180 invenitur
1512 2136 1604 2180 iam
1630 2136 1678 2180 in
1713 2137 1916 2197 margine

1019 2192 1090 2234 ed.
1127 2191 1309 2249 Micyll.
1343 2192 1469 2235 1557.
1539 2193 1628 2237 Sed
1668 2198 1917 2245 amissum,

1019 2249 1141 2305 quod
1177 2259 1242 2292 est
1273 2249 1319 2290 in
1354 2249 1534 2294 vetustis
1575 2252 1921 2310 exemplaribus,

1020 2307 1199 2350 videtur
1239 2305 1460 2363 originem
1501 2308 1680 2351 traxisse
1723 2327 1773 2353 ex
1808 2327 1917 2354 am-

1020 2364 1222 2406 missum
1244 2363 1289 2407 h.
1313 2380 1350 2406 e.
1376 2366 1664 2408 admissuro.

1078 2423 1338 2478 molientes.
1399 2421 1502 2465 MS.
1526 2421 1678 2467 Guelf.
1706 2425 1917 2468 mollien-

1024 2487 1114 2529 tes,
1146 2478 1322 2535 vulgari
1349 2478 1475 2524 vitio.

1078 2552 1440 2603 adgrederetur,
1469 2549 1684 2593 Titianus
1705 2558 1790 2595 etc.
1842 2550 1919 2596 Sic

1023 2608 1349 2664 interpungunt
1384 2605 1485 2649 edd.
1515 2607 1617 2651 Ale.
1644 2607 1785 2652 Rhen.
1809 2608 1914 2653 Ald.

1021 2664 1142 2708 Dein
1172 2662 1361 2721 inrepsit
1391 2672 1612 2719 punctum
1638 2673 1741 2708 ante
1767 2666 1920 2709 Titia-

1021 2737 1133 2776 nus,
1178 2721 1299 2778 quod
1331 2720 1526 2776 primum
1558 2721 1742 2767 invenio
1773 2723 1821 2766 in
1849 2724 1919 2773 e'd.

1023 2777 1202 2836 Micyll.
1243 2776 1367 2820 1557.
1440 2776 1519 2820 Est
1558 2794 1661 2821 vero
1701 2779 1832 2823 etiam
1870 2781 1916 2823 in

1023 2836 1124 2880 MS.
1162 2834 1316 2878 Guelf.
1376 2833 1650 2877 Tolerarunt
1682 2846 1920 2895 sequentes

1024 2895 1216 2937 editores
1253 2907 1395 2949 usque
1430 2892 1487 2933 ad
1518 2891 1798 2947 Bekkerum,
1844 2895 1921 2953 qui

1025 2966 1204 2995 como-a
1238 2949 1452 3007 reposuit.
1511 2948 1627 2993 Sunt
1659 2958 1811 2995 tamen
1843 2952 1923 3010 qui

1026 3017 1128 3066 post
1147 3005 1402 3050 Bekkerum
1422 3004 1581 3050 malint
1602 3017 1837 3065 punctum.

1085 3078 1308 3121 Numida.
1407 3075 1632 3120 Nimirum
1706 3078 1927 3122 Numidas

1028 3135 1200 3193 equites
1225 3134 1280 3176 de
1302 3148 1428 3176 more
1451 3133 1656 3178 virorum
1678 3136 1923 3180 lautiorum

1031 3192 1155 3237 Otho
1175 3190 1362 3235 habebat
1383 3206 1711 3248 praecursores.
1770 3194 1824 3237 cf.
1851 3195 1925 3236 Se·

1030 3267 1126 3294 nec.
1162 3266 1235 3307 ep.
1262 3247 1331 3290 88.
1364 3257 1405 3291 et
1438 3249 1537 3291 124.
1597 3249 1785 3294 Sueton.
1820 3251 1924 3295 Ner.

1031 3325 1070 3353 c.
1097 3308 1166 3350 30.
1191 3314 1302 3348 extr.

1088 3375 1302 3432 segnitia.
1365 3376 1465 3420 MS.
1488 3377 1630 3420 Corb.
1660 3378 1868 3430 segnitie.

1090 3446 1201 3490 CAP.
1229 3445 1300 3488 41.
1361 3446 1542 3488 Eadem
1571 3449 1661 3489 die.
1719 3446 1794 3489 Sic
1820 3447 1920 3490 edd.

1031 3506 1148 3562 Lips.
1183 3517 1280 3560 sqq.
1340 3507 1504 3546 eodem
1541 3507 1614 3546 die
1641 3504 1742 3546 MS.
1775 3502 1923 3546 Guelf.

1032 3571 1075 3605 et
1090 3560 1188 3605 edd.
1203 3568 1304 3602 ante
1315 3561 1510 3618 Lipsium
1521 3593 1531 3604 .
1564 3562 1652 3605 Sed
1670 3563 1831 3603 eodem
1850 3563 1928 3604 die

1227 3621 1379 3679 Ma
