2138 4030
206 275 334 336 278

786 266 1529 379 HISTORIARUM'

1760 247 1990 352 &32:333-

210 406 450 463 fortuna
489 413 692 463 contra
727 403 870 472 fuit,
921 419 1048 456 non
1080 398 1277 455 laxare
1313 398 1585 468 ordineS‚
1646 415 1772 457 no'n
1807 398 2064 478 recipere

214 489 510 558 turbatos,
551 507 676 545 non
713 488 950 545 obviam
983 483 1069 540 ire
1102 483 1376 560 ultroque
1413 484 1655 558 adgredi
1680 480 1909 542 hostem
1925 498 2066 545 tan-

214 587 342 631 tum
364 593 470 649 per
493 573 745 648 spatium
772 591 946 628 cursu
972 581 1029 626 et
1061 569 1382 644 pugnando
1415 569 1652 628 fessum.
1737 571 1890 628 forte
1926 572 2068 631 victi

218 656 378 716 haud
402 659 648 734 perinde
671 659 847 715 rebus
876 654 1172 730 prosperis
1211 655 1420 710 ducem
1459 654 1939 714 desideraverant
1975 668 2066 715 at-

218 764 334 821 que
373 743 436 799 in
474 743 733 800 adversis
770 743 966 797 deesse
1013 739 1436 812 intelligebant.

1530 737 1868 796 Nutantem'
1888 741 2072 798 aciem

215 829 404 886 victor
440 829 732 905 equitatus
765 827 1054 882 incursat:
1113 836 1170 882 et
1202 822 1524 898 Vipstanus
1558 821 1837 882 Messalla
1877 827 2072 884 tribu-

218 933 331 971 nus
357 934 488 970 cum
512 911 793 971 Moesicis
821 908 1204 966 auxiliaribus
1227 909 1597 984 adsequitur,
1640 931 1788 987 quos
1821 911 2071 969 militiae
2110 928 2111 931 ’

216 997 553 1075 legionariis
582 1015 920 1075 quanquam
947 995 1160 1070 raptim
1183 994 1390 1051 ductos
1414 995 1761 1071 aequabant.
1814 996 1898 1053 ita
1917 998 2071 1053 mix-

218 1187 351 1244 vict.)
369 1192 614 1244 provectos
637 1194 725 1230 set.
765 1185 848 1229 Ed.
863 1183 983 1242 Spir.
1001 1198 1110 1239 pro-

215 1253 387 1289 vectas.
417 1244 493 1287 Et.
558 1243 681 1286 Idem
710 1243 802 1287 vitii
837 1258 975 1302 genus
1011 1257 1110 1286 sae-

217 1302 398 1362 pissime
422 1299 538 1344 redit
562 1299 609 1343 in
632 1309 744 1346 vett.
768 1300 908 1344 libris.

274 1360 484 1414 adgredi.
564 1358 640 1402 Sic
683 1359 784 1402 MS.
825 1357 956 1401 Flo'r.
1003 1363 1113 1399 teste

220 1417 440 1460 Victoria.
469 1439 526 1448 —-
568 1417 768 1472 aggredi
782 1413 1055 1463 MS.Gue1f.
1072 1420 1115 1455 et

219 1474 321 1518 edd.
345 1482 449 1517 vett.

263 1530 400 1586 forte
442 1531 564 1574 victi.
656 1530 732 1575 Sic
775 1538 884 1575 vett.
927 1528 1028 1572 edd.
1073 1536 1116 1571 et

219 1588 354 1632 MSS.
387 1588 564 1633 codices
604 1605 761 1632 omnes
792 1595 967 1646 praeter
1010 1585 1114 1629 cod.

221 1647 353 1704 Agr„
394 1647 470 1704 qui
497 1646 630 1690 babet
651 1648 907 1701 pugnando
927 1645 1115 1700 sessum

206 1705 342 1760 sorte
390 1705 558 1747 victuri
607 1721 655 1747 ex
707 1701 974 1746 emendandi
1022 1708 1118 1742 stu-

223 1761 316 1805 dio.
380 1760 670 1820 Adplaudunt
699 1768 851 1804 tamen
877 1757 1120 1806 Acidalius,

220 1817 443 1878 Rydcius,
470 1818 654 1862 Dureau
681 1819 735 1861 de
759 1816 977 1867 Lamalle,
1008 1815 1120 1857 Bro-

221 1876 374 1919 terius.
426 1875 513 1919 Alii
540 1874 832 1930 (Lallemand.
851 1907 864 1925 ,
893 1871 1122 1924 Rickless„

221 1933 488 1990 Gutmann.)
520 1932 783 1992 praeferunt
811 1931 1119 1976 coniecturam

222 1991 450 2042 Freinsh.,
479 1992 553 2049 qui
578 1991 809 2033 emendat:
841 1989 987 2032 Forte
1014 1988 1122 2030 acti.

223 2048 616 2106 Interpretantur:
679 2063 789 2089 vom
843 2044 1122 2100 Olmgefiz'hr

223 2096 368 2147 daln'n
404 2106 596 2162 gefilhrt
634 2114 793 2150 contra
824 2102 1118 2147 Freinshemii

223 2170 440 2207 mentem.
501 2164 541 2207 ls
571 2163 690 2205 enim
725 2163 910 2204 verbum
949 2160 1127 2212 agendi

222 2220 468 2279 accipiebat
494 2220 548 2263 de
569 2220 696 2263 ducis
718 2218 909 2276 imperio
934 2232 1016 2274 pro
1042 2231 1119 2258 re-

221 2275 373 2333 gere(
412 2272 582 2320 Verum
612 2292 706 2319 non
732 2291 846 2334 opus
870 2281 934 2330 est
961 2289 1119 2314 elnen-

224 2334 419 2378 datione.
483 2335 610 2378 Victi
637 2333 740 2377 satis
764 2340 884 2376 recte
908 2331 1121 2374 dicuntur

223 2391 290 2435 illi
317 2391 572 2450 legionarii,
604 2390 708 2450 quia
731 2388 946 2436 victoriae
964 2403 1041 2446 spe
1062 2387 1121 2452 ita

225 2449 504 2499 exciderant,
563 2458 613 2493 ut
661 2447 867 2493 abiecto.
891 2445 1120 2504 pugnandi

225 2507 378 2553 animo
415 2524 512 2551 rem
546 2522 673 2550 suam
707 2504 927 2563 perditam
962 2501 1118 2545 crede-

227 2573 355 2608 rent:
408 2574 450 2607 et
487 2565 670 2623 quidem
693 2563 828 2620 sorte
859 2559 962 2603 vieti
998 2560 1041 2602 h.
1078 2574 1120 2602 e.

228 2630 332 2666 non'
348 2621 430 2680 ipsi
453 2623 578 2666 clade
602 2619 791 2668 adfecti,
831 2617 908 2660 sed
941 2617 1120 2659 fortuna

225 2695 414 2723 suornm
435 2679 582 2723 tracti.
644 2677 800 2734 Quare
820 2674 1128 2732 intelligebant

228 2737 311 2780 sibi
336 2737 496 2781 ducem
523 2745 700 2780 tautum
733 2734 910 2784 deesse,
951 2741 1000 2774 ut
1036 2730 1127 2774 for·

227 2803 382 2837 tunam
424 2793 659 2842 meliorem
697 2797 982 2850 repararent:
1039 2786 1126 2829 iam

229 2867 339 2898 vero
365 2849 599 2895 deficiente
626 2851 739 2893 duce
766 2848 877 2891 nihil
905 2846 1125 2903 reliquum

230 2924 326 2951 esse
359 2909 632 2961 sentiebant,
671 2922 808 2966 quam
834 2912 882 2947 ut
907 2904 1048 2947 victos
1079 2917 1126 2944 se

228 2974 502 3023 paterentur.

182 3063 188 3068 .
284 3023 620 3076 intelligebant.
707 3019 810 3064 MS.
848 3018 974 3062 Flor.
1013 3022 1122 3060 teste

230 3079 437 3124 victorio
461 3079 811 3134 intellegebant.
859 3075 921 3120 cf.
948 3081 1044 3118 not.
1069 3072 1123 3116 ad

235 3136 322 3181 An.
351 3140 478 3188 1,11.
511 3137 554 3186 2,
575 3138 648 3184 42,
684 3135 727 3187 3,
750 3134 816 3178 15.

288 3201 334 3237 et
349 3195 620 3250 Vipstanus.
666 3192 749 3236 Ed.
763 3191 879 3250 Spir.
897 3195 948 3234 ut
959 3188 1009 3231 V
1003 3190 1125 3243 ipsa·

230 3265 335 3295 nus,
404 3251 554 3294 Ceteri
586 3250 688 3294 libri
727 3257 837 3295 vett.
872 3254 918 3290 et
954 3247 1126 3302 Vipsa-

231 3322 334 3353 nus.
362 3308 421 3352 cs.
445 3316 537 3351 not.
563 3307 618 3351 ad
644 3324 684 3351 c.
704 3307 748 3349 9.
786 3351 792 3356 x

288 3367 573 3422 adsequitur.
632 3364 710 3408 Sic
728 3362 828 3406 MS.
852 3361 977 3406 Flor.
1005 3361 1123 3415 (test.

233 3423 354 3468 Vici.
399 3421 604 3480 ed.Spir‚
630 3445 687 3453 —
745 3422 1008 3476 assequitur
1026 3416 1125 3461 MS.

233 3479 350 3525 Guel
376 3512 388 3525 .
413 3478 513 3529 edd.
534 3477 639 3522 Put.
663 3478 767 3521 Ber.
794 3494 894 3535 sqq.

291 3552 407 3595 quos
443 3536 638 3580 militiae
671 3535 940 3588 legionariis
974 3546 1125 3590 quan-

230 3611 374 3653 quam
419 3594 596 3650 raptim
636 3596 798 3636 ductos
841 3593 1124 3646 aequabant.

1182 1182 1331 1226 Locus
1357 1181 1547 1225 multum
1572 1189 1768 1226 vexatus.
1830 1183 1958 1242 Spira
1985 1183 2074 1227 edi·

1185 1241 1333 1284 derat:
1387 1254 1500 1296 quos
1526 1241 1677 1293 gloria
1705 1240 1902 1283 militiae
1933 1243 2078 1296 legio-

1183 1297 1312 1340 narii
1329 1312 1596 1354 quanquam
1616 1299 1794 1352 raptim
1813 1301 1975 1342 ductos
1995 1314 2076 1342 ae-

1185 1357 1407 1411 quabant.
1482 1353 1751 1411 Conspirant
1771 1355 1930 1406 ,MSS.
1963 1355 2077 1414 Reg.

1187 1411 1323 1456 Corb.
1351 1412 1465 1468 Agr.
1505 1435 1554 1444 -
1611 1426 1726 1467 quos·
1756 1414 1951 1456 militiae
1971 1416 2077 1467 glo-

1185 1471 1259 1513 ria
1299 1471 1559 1524 legionariis
1600 1484 1866 1526 quanquam
1906 1472 2080 1526 raptim

1187 1531 1350 1570 ductos
1370 1529 1606 1582 aequabat
1631 1527 1763 1571 MSS.
1783 1527 1933 1571 Guelf.
1956 1528 2079 1574 Harl.

1188 1585 1322 1627 Bodl.
1337 1584 1419 1627 les.
1443 1583 1656 1627 edd.Put.
1669 1584 1772 1629 Ber.
1796 1588 1917 1639 (cum
1932 1585 2080 1631 silent.

1190 1643 1334 1695 Vict.)
1368 1640 1471 1686 Alc.
1492 1640 1634 1683 Rhen.
1660 1641 1762 1685 Ald.
1786 1640 1903 1702 Lips.
1928 1642 2081 1696 Grut.‚

1191 1698 1278 1742 nisi
1303 1698 1427 1758 quod
1452 1697 1551 1740 edd.
1576 1699 1695 1757 Lips.
1720 1699 1849 1744 1607.
1883 1707 1927 1742 et
1944 1699 2083 1745 Grut.

1191 1772 1284 1799 non
1321 1755 1423 1799 satis
1457 1763 1579 1798 recte
1611 1756 1763 1799 ferunt
1795 1757 1963 1812 gloria.
2022 1758 2087 1803 At

1192 1813 1328 1857 MSS.
1362 1813 1485 1856 Flor.
1520 1814 1635 1867 (test.
1669 1813 1794 1857 Pich.
1816 1813 1961 1874 Ryck.
1993 1815 2083 1860 lac.

1194 1869 1367 1926 Gran.)
1390 1869 1505 1913 Bud.
1531 1871 1645 1925 (test.
1665 1869 1828 1928 Rhe-n.)
1854 1887 1970 1928 quos
1989 1875 2084 1916 mi-

1192 1931 1318 1972 litiae
1367 1929 1636 1983 legionariis
1680 1943 1953 1986 quanquam
1999 1944 2086 1975 ra-

1189 1988 1306 2040 ptim
1339 1989 1496 2027 ductos
1519 1988 1798 2039 aequabant.
1856 1986 2102 2033 Probabat-

1191 2043 1434 2086 Rhenanus
1495 2043 1828 2101 accipiebatque
1888 2046 2089 2090 militiae

1195 2117 1275 2158 pro
1302 2103 1348 2142 in
1373 2101 1556 2142 militia.
1618 2100 1813 2143 Pichena
1847 2102 2085 2151 immutato

1195 2174 1247 2200 eo
1276 2157 1497 2200 vocabulo
1522 2157 1687 2211 edidit:
1720 2172 1838 2214 quos
1862 2161 2087 2204 militibus

1193 2214 1473 2269 legionariis
1505 2229 1546 2270 q.
1569 2228 1610 2257 r.
1632 2217 1677 2257 d.
1711 2218 1962 2271 aequabat.
2022 2218 2086 2261 Ita

1193 2282 1237 2315 et
1268 2272 1369 2314 edd.
1395 2271 1615 2329 Bernegg.
1647 2280 1689 2315 et
1714 2271 1812 2330 Bip.
1841 2301 1899 2309 —
1958 2273 2087 2318 Gro-

1194 2329 1352 2372 novius
1375 2329 1567 2384 (1672),
1598 2328 1825 2374 Broterius
1846 2328 2088 2376 etDureau

1194 2387 1247 2429 de
1270 2384 1466 2428 Lamalle
1487 2385 1626 2429 secuti
1649 2394 1754 2437 sunt
1773 2385 2093 2443 Puteolanum,

1193 2443 1239 2486 in
1273 2442 1399 2487 euius
1430 2442 1516 2486 scri
1557 2452 1650 2486 tura
1673 2442 1872 2503 Ryckius
1903 2444 1948 2490 id
1980 2464 2087 2491 mu-

1193 2500 1329 2550 tavit,
1359 2508 1408 2542 ut
1431 2459 1646 2543 scrilieret
1666 2504 1950 2557 aequabant.
2000 2505 2087 2550 Sed

1194 2558 1282 2600 lac.
1299 2557 1573 2609 Gronovius,
1603 2556 1795 2609 Ernest.¹
1820 2557 2091 2622 Oberl.sqq.

1193 2616 1392 2658 maluere
1449 2616 1717 2672 scripturam
1768 2615 2091 2673 Florentinam,

1198 2689 1454 2730 quanquam
1478 2687 1612 2714 nemo
1634 2672 1738 2715 satis
1757 2681 1877 2719 recte
1897 2689 1995 2718 eam
2021 2692 2090 2722 exe

1197 2730 1372 2787 plicuit.
1433 2728 1718 2772 Vocabulum
1743 2731 1941 2774 militiae
1960 2734 2089 2792 poni-

1195 2797 1269 2830 tur
1291 2786 1337 2828 in
1362 2786 1644 2830 nominativo
1668 2786 1782 2845 plur.
1799 2818 1812 2836 ‚
1848 2796 1897 2831 ut
1920 2784 2089 2846 signiti-

1197 2852 1265 2886 cet
1298 2843 1442 2889 varias
1478 2843 1660 2886 militiae
1695 2845 1878 2903 species.
1923 2837 1985 2893 ef.
2015 2847 2089 2893 Ti-

1196 2899 1311 2943 bull.
1336 2903 1374 2953 1,
1395 2897 1435 2952 8,
1456 2902 1525 2943 82.
1587 2900 1945 2948 Sueton.Claud.
1970 2905 2091 2952 025.

1195 2958 1262 3001 Id.
1305 2957 1351 3001 in
1391 2958 1480 3002 vita
1517 2957 1675 3005 iuven.
1720 2966 1764 3001 et
1793 2953 1914 3005 Plsn.
1986 2962 2090 3009 vid.

1196 3022 1292 3058 not.
1347 3015 1452 3058 infr.
1501 3016 1556 3059 ad
1611 3018 1654 3067 4,
1691 3015 1764 3060 31.
1852 3017 1947 3062 Iam
1999 3022 2089 3064 mi-

1198 3073 1328 3115 litiae
1359 3073 1579 3116 Moesicos
1612 3074 1876 3118 auxiliares
1910 3091 2089 3134 aequa-

1197 3132 1310 3172 bant
1327 3130 1597 3185 legionariis
1617 3129 1662 3175 h.
1690 3147 1728 3175 e.
1755 3129 1948 3177 Moesici
1971 3134 2090 3178 auxi·

1198 3187 1327 3230 liares
1352 3185 1522 3231 militiis
1546 3188 1794 3246 aequabant
1820 3188 2088 3247 legionarios

1197 3245 1312 3299 (Die
1334 3245 1529 3288 Dienste
1542 3278 1554 3300 ,
1587 3247 1754 3288 welche
1772 3245 1840 3293 sie
1861 3246 1928 3289 im
1943 3248 2092 3293 Felde

1197 3302 1424 3356 leisteten,
1451 3304 1636 3344 stellten
1660 3303 1889 3346 dieselben
1901 3305 2090 3348 denLe-

1195 3362 1515 3414 gionsoldaten
1546 3360 1727 3416 gleich).
1793 3355 1961 3404 Eadem
1993 3363 2089 3407 sere

1197 3417 1413 3460 sententia
1438 3416 1553 3460 inest
1577 3415 1824 3474 scripturae
1840 3417 2089 3465 Puteolani.

1201 3474 1367 3517 Gloria
1384 3474 1577 3516 nn'litiae
1597 3473 1656 3516 ibi
1680 3481 1745 3517 est
1764 3477 1851 3517 der
1871 3481 1979 3530 gule
1990 3477 2104 3534 Rus

1195 3532 1319 3573 iteres
1341 3531 1581 3574 Dienstes.
1639 3530 1753 3574 Sunt
1775 3540 1925 3575 tamen
1945 3534 2023 3591 qui
2049 3544 2091 3579 et

1198 3587 1332 3630 hodie
1368 3587 1415 3631 in
1447 3587 1548 3633 loco
1570 3587 1781 3633 haereant
1800 3589 2088 3650 confugiant-

2096 3641 2138 3668 a*
