2138 4030
1733 255 1788 292 Α.
1799 252 1861 292 u:
1873 255 1959 292 ωε.

1735 299 1786 337 Α,
1803 297 1853 335 c.
1866 302 1885 349 ᾗ*
1898 297 1959 336 70.

192 263 317 323 392
768 201 1470 320 Hls'r'omanum

194 388 372 466 opera
395 385 556 448 haud
578 390 784 467 procul
811 382 1013 447 castris
1036 388 1101 444 in
1124 386 1370 446 modum
1397 387 1712 466 municipii
1739 368 2045 461 exsti-ueta,

195 495 271 532 ne
308 470 578 532 hostibus
607 475 745 532 usui
782 475 996 533 forent.
1089 473 1190 530 sed
1225 494 1435 550 parum
1472 473 1806 550 provisum,
1844 487 1914 535 ut
1946 468 2051 534 co·-'
2108 474 2138 550 5}

195 560 329 637 piae
355 559 420 615 in
446 570 629 617 castra
663 554 1159 618 conveherentur:
1207 559 1335 634 rapi
1369 559 1703 635 permisere.
1775 561 1868 620 ita
1899 566 2051 637 pau-
2107 594 2123 621 ιτ.

198 645 279 703 cis
317 645 524 702 diebus
561 665 665 720 per
701 643 1002 715 licentiam
1037 642 1343 719 absumpta
1377 656 1546 715 sunt,
1587 664 1738 722 quae
1773 647 2053 703 adversus
2118 663 2129 686 ³*

201 730 570 788 necessitates
615 730 680 784 in
730 729 974 801 longum
1031 728 1410 788 suffecissent.
1537 727 1746 787 Civilis
1792 731 2055 788 medium
2115 760 2118 765 ·

202 834 413 889 agmen
436 835 571 872 cum
596 815 810 871 robore
833 811 1194 870 Batavorum
1223 813 1497 876 obtinens
1518 825 1829 892 utramque
1850 811 2056 874 Rheni

200 901 394 976 ripam
411 945 428 970 ‚
471 921 587 976 quo
616 899 1006 955 truculentior
1025 898 1157 956 visu
1182 899 1364 967 foret,
1407 897 1844 958 Germanorum
1872 912 2059 958 cater-

201 985 293 1043 vis
319 986 599 1060 complet,
642 983 973 1041 adsultante
993 1002 1100 1061 per
1123 1004 1357 1059 campos
1379 985 1589 1060 equite.
1677 985 1852 1042 simul
1878 1004 2058 1042 naves

205 1071 272 1127 in
306 1071 617 1128 adversum
654 1088 887 1124 amnem
921 1059 1260 1142 agebantur.
1346 1064 1486 1125 hinc
1511 1081 1924 1128 veteranarum
1960 1090 2061 1127 co-
2126 1097 2131 1117 ·

203 1152 468 1214 hortium
493 1153 687 1228 signa,
725 1154 863 1210 inde
903 1155 1282 1231 depromptae
1316 1154 1772 1232 silvisllucisque
1803 1155 2061 1213 ferarum

266 1418 392 1458 haud
409 1417 574 1471 procul
596 1416 775 1459 castris.
819 1416 938 1460 -MS.
959 1416 1102 1460 Vatie.

211 1474 341 1518 1863.
375 1475 505 1516 haud
522 1475 689 1525 procul
708 1490 739 1515 α
766 1474 948 1516 castris.
1015 1473 1103 1516 Sed

213 1532 273 1576 cf.
299 1533 389 1579 An.
421 1532 488 1579 12,
512 1531 583 1574 56.
614 1533 742 1574 haud
768 1533 936 1583 procul
956 1532 1106 1588 fabu-

213 1591 293 1641 lis·,
331 1589 374 1639 4,
397 1589 468 1637 62.
490 1591 655 1640 procul
682 1591 995 1639 voluptatibus
1015 1592 1104 1631 laa-

214 1648 304 1691 biti.
339 1652 394 1681 -“-
453 1646 538 1689 Ed.
573 1646 691 1704 Spir.
722 1649 854 1689 haud
883 1649 1050 1699 procul
1078 1663 1108 1687 a

215 1706 385 1748 muris.
461 1703 564 1748 Vid‘.
598 1713 695 1752 not.
721 1704 774 1746 ad
810 1720 851 1748 c.
877 1705 947 1747 27.
973 1713 1014 1746 et
1037 1703 1106 1753 36,

215 1762 360 1819 Supra
397 1777 438 1806 c.
462 1761 529 1805 16.
563 1761 753 1820 legimus
782 1763 914 1808 haud
941 1763 1109 1816 procul

218 1835 250 1862 a
260 1820 480 1877 flumine.

277 1943 326 1978 υι
349 1936 522 1990 copiae.
583 1935 659 1979 Sic
682 1937 932 1979 emendavit
957 1936 1114 1981 edidit-

222 2008 310 2052 que
339 1992 510 2052 LiPsius
542 2008 646 2036 ann.
678 1994 797 2035 1574.
827 2010 925 2052 sqq.
955 2022 1014 2031 -
1067 1996 1119 2037 ηί

223 2051 384 2105 §opine
438 2050 571 2094 MSS.
620 2051 728 2108 Reg.
776 2051 925 2096 Guelf.
986 2051 1114 2099 Harl.

226 2106 359 2157 Bodl.
398 2109 478 2152 les.
507 2107 616 2164 Agr.
650 2109 752 2151 edd.
774 2110 876 2152 Put.
906 2109 974 2154 M.
996 2110 1038 2154 et
1060 2108 1118 2151 V.

223 2165 430 2214 Beroald.
460 2167 580 2219 (cum
607 2165 753 2213 silent.
775 2166 916 2224 vict.)
940 2183 1035 2228 sqq,
1064 2167 1118 2209 ad

223 2223 453 2280 Lipsium,
487 2237 621 2279 quam
653 2223 919 2281 scripturam
959 2225 1118 2268 'zlefen-

229 2278 293 2323 dit
315 2279 535 2338 Ryckius,
569 2288 615 2322 ut
639 2281 854 2324 sententia
882 2283 961 2329 sit:
992 2279 1122 2332 „Sed

229 2353 389 2396 parum
431 2344 719 2395 prospectum
765 2339 991 2383 securitati
1033 2338 1122 2381 ho·-

232 2411 334 2438 rum
369 2404 623 2439 castrorum
657 2394 893 2439 destructis
926 2396 1123 2454 compla-

233 2452 439 2510 natisque
471 2451 754 2511 procerastis,
793 2454 874 2496 nisi
900 2454 1125 2497 frumenta

233 2518 277 2553 et
311 2510 393 2554 alia
430 2508 562 2555 victui
599 2510 875 2560 necessaria,
929 2528 1042 2570 quae
1078 2510 1125 2552 in

234 2566 323 2610 illis
364 2567 686 2617 occurrebant,
739 2570 896 2612 ordine
938 2567 1126 2613 collecta

234 2624 356 2668 intus
379 2632 707 2683 seponerentur
731 2626 1128 2683 dividerenturque

238 2682 418 2739 publica
449 2681 719 2739 diligentia.''
778 2683 867 2727 Sed
905 2685 1130 2726 convehe-

239 2748 402 2785 rentur
432 2739 579 2796 potius
611 2750 779 2798 spectat
811 2741 863 2783 ad
896 2742 1048 2800 copias
1083 2739 1132 2781 in

243 2797 535 2844 circumiecto
567 2813 675 2856 agro
710 2797 984 2855 colligendas
1015 2807 1056 2842 et
1085 2798 1130 2840 in

243 2864 384 2906 castra
413 2855 778 2912 comportandas.
840 2857 1004 2900 Forma
1032 2870 1132 2899 con·

244 2915 555 2964 veherentur,
583 2913 617 2956 si
644 2914 760 2972 legas
780 2915 851 2966 ni,
882 2931 978 2958 eam
1004 2914 1135 2958 habet

246 2970 366 3020 vim,
403 2978 452 3012 ut
487 2969 605 3013 dicat
635 2971 693 3014 ita
727 2987 821 3018 esse
848 2971 992 3017 visum
1020 2971 1060 3014 le
1094 2987 1134 3014 a·

245 3025 301 3070 tis
315 3059 327 3077 ‚
357 3042 518 3083 nempe
536 3043 713 3081 parum
730 3031 974 3084 provisum
1003 3029 1071 3085 (va
1093 3029 1136 3070 lo

249 3085 477 3140 murisque
508 3084 695 3129 firmatis
727 3090 857 3144 etc.),
902 3088 958 3129 m'
982 3088 1138 3141 copiae

251 3141 302 3186 in
335 3149 494 3188 castra
528 3147 908 3189 conveherentur.
973 3143 1139 3188 Conse·

250 3212 391 3256 quens
414 3207 522 3251 erat,
553 3208 601 3243 ut
626 3202 777 3260 copias
803 3203 1143 3261 conquirerent,

252 3254 389 3321 idque
414 3252 620 3302 fecerunt
650 3258 733 3309 ita,
769 3267 818 3304 ut
853 3262 949 3328 rapi
979 3257 1141 3321 permi-

255 3313 419 3360 3erint,
451 3327 590 3370 quum
627 3316 881 3364 debuissent
914 3325 1030 3362 iusto
1065 3331 1142 3361 or·

255 3369 359 3414 dine
384 3377 426 3413 et
443 3370 622 3428 publica
647 3375 908 3419 auctoritate
934 3391 1004 3423 eas
1021 3388 1143 3417 com·

258 3443 429 3486 parare.
495 3427 582 3473 Sed
617 3440 793 3474 maneat
820 3434 952 3490 Lipsii
987 3445 1143 3475 emen·

259 3487 395 3542 datio.
431 3508 485 3519 «-
547 3487 646 3531 MS.
682 3488 795 3531 Bud.
838 3499 879 3533 et
921 3490 990 3534 cd.
1026 3486 1146 3546 Spir-

259 3543 308 3584 υἱ
332 3544 504 3602 copiae.
583 3545 848 3612 Saepissime
887 3548 942 3589 ita
976 3548 1049 3596 m',
1091 3546 1148 3592 vi,

259 3608 311 3650 ue
341 3609 651 3667 permutantur
680 3619 727 3651 m
754 3604 972 3653 veteribus
1005 3602 1148 3650 libris.

2072 1296 2098 1316 N

1233 1418 1616 1458 conveherentur.
1687 1413 1772 1458 Ed.
1805 1414 1929 1474 Spir.
1957 1427 2068 1458 cum

1177 1477 1459 1517 veherentur.
1519 1472 1683 1516 Eadem
1709 1486 1811 1516 mox
1833 1473 2067 1527 ορίίηεηε,

1235 1552 1484 1600 utramque
1524 1543 1682 1586 Rheni
1710 1544 1881 1598 ripam,
1969 1539 2067 1583 Vox

1178 1611 1427 1657 utramque
1446 1617 1546 1644 non
1569 1600 1729 1658 legitur
1751 1600 1799 1643 in
1814 1598 2071 1653 MS.Bud.;

1181 1662 1316 1704 ceteri
1371 1658 1473 1701 libri
1522 1675 1617 1702 eam
1659 1657 1824 1701 babent
1865 1657 1979 1699 inter
2016 1670 2071 1697 ue

1179 1734 1255 1761 eos
1274 1716 1579 1761 Florentinus.
1613 1740 1668 1747 -—-
1718 1713 1868 1772 Lipsio
1891 1672 2072 1757 videtin-

1181 1784 1255 1819 tur
1275 1783 1520 1829 utramque
1543 1767 1842 1817 omittendum
1867 1777 1946 1814 aut
1967 1768 2074 1813 scri·

1184 1833 1383 1877 bendum
1432 1833 1681 1887 utrimque.
1767 1828 1866 1873 Hoc
1917 1827 2076 1886 probat
2132 1831 2135 1853 ³

1186 1889 1430 1935 Acidalius.
1491 1887 1690 1932 Pichena
1715 1886 1942 1944 vulgatam
1969 1883 2077 1928 scri·
2130 1861 2138 1929 i,

1186 1959 1361 2009 pturarn
1395 1935 1610 1990 defendil.
1670 1944 1791 1988 Nihil
1815 1959 1919 1987 sane
1946 1942 2077 1990 inest,
2134 1931 2138 2002 ξ

1188 2005 1310 2063 quod
1338 2004 1698 2052 emendationem
1722 2002 1933 2059 requirat.
1990 1998 2080 2046 Ex·
2136 2003 2138 2014 ³

1192 2064 1265 2109 citi
1300 2062 1469 2105 nuntiis
1503 2059 1724 2111 Germani
1760 2059 1957 2116 undique
1996 2056 2073 2099 ad-

1192 2121 1371 2167 volant:
1403 2118 1476 2161 alii
1503 2118 1668 2163 catervi
1692 2124 1899 2174 superato
1923 2113 2081 2157 Rheno

1194 2186 1418 2232 occupant
1461 2175 1605 2238 ripam
1658 2176 1858 2224 laevam,
1919 2173 1991 2219 alii
2033 2171 2080 2214 in

1195 2236 1346 2278 dextra
1410 2241 1646 2280 remanent
1702 2231 1804 2275 illos
1864 2229 2082 2273 secuturi.

1195 2292 1396 2337 Ferletus
1431 2290 1486 2332 de
1520 2288 1632 2336 vitio
1660 2288 1866 2346 vulgatae
1896 2285 2085 2344 scriptu-

1194 2366 1269 2393 rae
1314 2357 1461 2392 certus
1506 2346 1797 2390 commendat
1843 2345 2086 2388 sinistram

1194 2408 1368 2462 ripam.
1449 2403 1619 2453 Contra
1669 2403 1800 2451 illum
1849 2401 2088 2460 disputavit

1199 2461 1554 2509 Strombeckius.

1259 2534 1627 2578 Germanorum.
1688 2529 1775 2574 Ed.
1807 2530 1926 2589 Spir.
1965 2530 2086 2573 Ger·

1202 2595 1491 2637 martiorum.
1574 2589 1683 2631 Mox
1718 2588 1765 2630 iu
1800 2589 1901 2631 cod.
1937 2585 2090 2636 Guelf.

1202 2666 1295 2694 nou
1331 2648 1493 2706 legitur
1528 2648 1574 2690 in
1609 2653 1709 2688 ante
1739 2648 2016 2693 adversum,
2048 2653 2092 2686 et

1202 2722 1394 2750 amnem
1417 2705 1477 2747 ibi
1504 2711 1567 2747 est
1600 2719 1622 2746 a
1649 2702 1843 2747 secunda
1877 2718 2011 2747 mauu
2044 2701 2092 2743 in

1206 2764 1351 2813 litura.
1382 2785 1439 2801 -.·
1499 2760 1669 2804 Ibidem
1694 2760 1878 2805 invenio
1909 2767 2094 2802 vetera-

1203 2837 1375 2867 norum
1405 2835 1488 2877 pro
1518 2827 1869 2866 veteranarum:

1260 2897 1583 2949 depromptae.
1658 2889 1741 2935 Ed.
1772 2889 1890 2948 Spir.
1928 2902 2098 2944 promq

1202 2960 1349 3009 ptae.

1265 3022 1395 3071 silvis-
1416 3021 1626 3075 luct‘sque.
1688 3017 1765 3060 Sic
1797 3024 1962 3071 veteres
1994 3014 2096 3058 libri

1210 3098 1233 3124 a
1254 3079 1405 3138 Lipsio
1437 3078 1504 3120 ins
1541 3076 1624 3120 ceti
1655 3084 1698 3122 et
1717 3075 1818 3118 MS.
1842 3072 1977 3117 Corb.
1998 3072 2100 3121 edd.

1212 3137 1332 3196 Lips.
1373 3134 1516 3190 (1574.
1572 3150 1591 3176 s
1627 3150 1670 3190 q.
1714 3132 1768 3176 ad
1810 3130 2098 3176 Oberlinum.

1211 3196 1295 3240 Hic
1319 3211 1341 3238 e
1363 3191 1583 3241 sententia
1595 3149 1788 3239 (bruteri
1812 3187 1952 3232 edidit
1971 3187 2101 3230 silvis

1214 3254 1405 3298 lucisve,
1447 3249 1570 3308 quod
1607 3255 1743 3291 exstat
1773 3247 1820 3289 in
1854 3245 1954 3288 MS.
1988 3243 2099 3300 Reg-

1214 3321 1254 3354 et
1279 3310 1347 3353 ed.
1374 3309 1492 3364 Spir.
1525 3334 1582 3343 --
1640 3306 1758 3348 Ante
1781 3302 1982 3362 Lipsium
2007 3301 2101 3343 vul·

1215 3369 1400 3426 gabatur
1430 3365 1558 3408 silonis
1586 3364 1821 3419 iugisque,
1866 3358 1928 3403 uti
1951 3358 2103 3401 ferunt

1218 3424 1350 3467 MSS.
1382 3418 1534 3466 Guelf.
1564 3421 1688 3464 Harl.
1723 3417 1850 3462 Bodl.
1877 3416 1959 3459 les.
1988 3415 2102 3462 Bud.

1219 3483 1319 3526 edd.
1354 3481 1528 3524 Puteol.
1557 3476 1764 3521 Beroald.
1797 3479 1923 3530 (cum
1957 3473 2102 3517 silem.

1222 3538 1360 3593 Vict.)
1396 3554 1496 3596 sqq.
1530 3560 1579 3570 —
1647 3533 1815 3576 Verum
1859 3547 1952 3575 esse
1989 3529 2138 3573 [αεὶ-ς’

1219 3596 1350 3644 hodie
1393 3595 1525 3644 nemo
1560 3592 1745 3640 dubitat.
1807 3589 1866 3639 At
1897 3587 2106 3638 suffixum
