2138 4030
1706 263 1760 300 A.
1774 263 1923 301 130'823.

1707 306 1760 344 A.
1780 306 1826 344 C.
1861 311 1922 346 70.

149 266 275 326 220
723 221 1432 326 HISTORIARUM

145 443 179 468 ‚‚
192 415 328 453 rum
361 412 562 470 rerum
595 393 841 450 consilia
881 394 1238 470 suscipiunt,
1288 395 1594 454 aestimare
1632 398 1879 470 dehent,
1930 406 2008 456 'an

144 480 353 558 „quod
378 471 693 536 inchoatur
726 480 816 536 rei
842 480 1114 556 publicae
1143 481 1318 552 utile,
1363 481 1506 557 ipsis
1541 483 1864 556 gloriosum
1907 497 2010 543 aut

143 567 532 642 „promptum
579 565 788 622 effectu
835 577 936 632 aut
979 572 1134 622 certe
1169 585 1294 623 non
1339 568 1594 625 arduum
1632 568 1726 629 sit.

146 653 347 726 ‚‚ipse,
403 650 508 727 qui
547 651 780 720 suadet,
840 650 1303 708 considerandus
1341 664 1456 720 est,
1509 654 1827 712 adiiciame
1864 675 2008 713 con.-

145 784 179 809 ‚‚
195 737 327 794 silio
379 735 711 812 periculum
753 755 954 792 suum:
1025 747 1084 794 et
1120 736 1171 793 si
1205 736 1444 795 fortuna
1480 739 1702 815 coeptis
1736 740 2010 811 adfuerit,

143 821 292 893 „cui
325 841 626 879 summum
674 822 867 879 decus
896 821 1262 898 adquiratur.
1361 842 1465 897 ego
1501 835 1589 895 te,
1629 822 2008 901 Vespasiane‚

141 910 263 979 „ad
292 907 609 982 imperium
638 925 786 963 voco
820 918 941 964 tam
977 908 1232 964 salutare
1259 909 1348 965 rei
1371 909 1646 984 publicae
1680 932 1860 988 quam
1896 903 2009 969 tibi

140 993 584 1067 „magnificum.
696 991 858 1048 iuxta
916 994 1057 1049 deos
1109 993 1177 1049 in
1229 1004 1333 1051 tua
1377 1014 1562 1052 manu
1600 996 1860 1070 positum
1905 1008 2008 1058 est.

140 1078 307 1150 „Nec
346 1078 598 1153 speciem
633 1077 931 1133 adulantis
967 1078 1287 1152 expaveris,
1374 1099 1408 1136 a
1433 1082 1793 1139 contumelia
1827 1102 2005 1158 quam

142 1186 224 1236 „a
262 1164 437 1221 laude
471 1161 716 1238 propius
754 1162 935 1219 fuerit
968 1176 1103 1239 post
1137 1162 1450 1221 Vitellium
1487 1165 1641 1239 eligi.
1741 1187 1868 1225 non
1900 1169 2007 1225 ad-

139 1268 388 1322 „versus
424 1248 550 1305 divi
580 1245 836 1322 Augusti
871 1241 1216 1306 acerrimam
1255 1261 1542 1320 mentem,
1584 1270 1693 1307 nec
1727 1253 2007 1310 adversus

138 1457 276 1502 blico.
366 1452 426 1498 cf.
469 1452 564 1499 A‘n.
604 1453 646 1505 6,
677 1454 722 1498 8.
764 1461 1036 1510 spectamus
1138 1457 1286 1500 unctis
1331 1458 1571 1515 suppositis
1605 1464 1810 1502 notatur.
1897 1457 2002 1503 MS.

135 1529 282 1572 porro
297 1546 310 1566 ‚
378 1526 498 1567 quae
558 1526 722 1554 coram
783 1514 1034 1556 habentur.
1105 1472 1240 1558 ssodl.
1268 1516 1546 1571 adiiciatque
1563 1517 1826 1568 periculum
1851 1519 2002 1560 consi-

137 1574 327 1617 Sueton.
355 1566 465 1613 Oet.
499 1584 539 1613 c.
557 1569 632 1612 69.
646 1568 884 1625 fhmz'nam
920 1584 1034 1612 con·
1106 1573 1168 1614 1ιό
1195 1587 1302 1620 suo,
1337 1580 1448 1615 teste
1471 1572 1728 1618 Gronovio.

134 1633 348 1674 sularem
385 1642 410 1670 e
443 1627 648 1669 triclinio
681 1628 772 1670 viri
798 1642 959 1669 coram
985 1628 1034 1670 in
1174 1630 1493 1687 magnificum.
1561 1631 1701 1673 iuxta
1749 1633 1865 1673 deos
1913 1638 2001 1674 etc.

135 1688 398 1731 cubiculum
418 1686 687 1727 abductam.
750 1683 1034 1728 Vid.Baum-
1105 1686 1184 1731 Sic
1213 1687 1314 1730 MS.
1339 1686 1496 1730 Guelf.
1534 1687 1636 1731 edd.
1671 1686 1778 1732 Put.
1811 1703 1912 1747 sqq.
1943 1713 2003 1723 —

135 1753 319 1802 garten·
334 1743 465 1787 crus.
486 1742 534 1785 in
555 1741 670 1789 clav.
688 1742 923 1786 Sueton.s.
938 1741 1032 1785 ha.
1104 1744 1406 1800 magnificum
1428 1745 1569 1787 iuxta
1586 1747 1725 1789 deos:
1756 1745 1806 1788 in
1824 1753 1911 1790 etc.
1932 1746 2000 1790 ed.

1831 570 2025 628 simui
2072 580 2077 585 '

133 1804 189 1847 ln
233 1800 521 1869 sequentibus
563 1807 860 1858 opponuntur
894 1796 1033 1843 abditi

133 1866 960 1974 ΡἿᾟΞΞΓἙΞ,θέζῗιῗῖρη-ηοῑρῐα.

191 1975 473 2020 aestimare.
524 1972 627 2016 ..Sic
669 1972 772 2016 edd.
818 1968 1031 2015 Beroald.

134 2037 258 2090 (cum
281 2032 350 2076 sil.
377 2031 519 2087 Vict.)
550 2029 655 2074 Ale.
675 2045 774 2088 sqq.
801 2053 861 2063 —-
920 2030 1033 2072 esti-

132 2105 266 2137 mare
301 2089 402 2134 edd.
427 2088 529 2133 Put.
561 2087 629 2131 M.
667 2095 711 2130 et
736 2085 820 2136 V.‚
857 2085 922 2131 uti
952 2102 1032 2130 so-

131 2151 241 2196 lent·-
296 2174 356 2185 —-
441 2146 682 2189 extimare
734 2145 871 2188 MSS.
913 2144 1029 2193 Bud.

133 2203 290 2252 Guelf.
311 2205 381 2248 ed.
400 2202 520 2262 Spir.
544 2226 603 2235 —
631 2203 912 2245 existimare
928 2200 1032 2246 MS.

128 2262 353 2324 Reg.,svul
388 2263 451 2306 ari
469 2260 751 2314 confusione.
813 2259 915 2303 vid.
932 2267 1030 2303 not.

132 2324 187 2368 ad
210 2323 297 2366 Au.
325 2321 345 2363 1
380 2351 394 2369 ‚
418 2319 490 2363 17.

187 2381 312 2438 quod
340 2379 605 2422 inchoatur.
673 2375 750 2420 Sic
777 2375 878 2420 edd.
908 2374 1029 2430 Spir.

107 2438 275 2487 'Rhem-
300 2450 399 2494 sqq.
423 2462 483 2473 --
523 2435 776 2487 incohatur
799 2433 905 2476 edd.
924 2434 1029 2476 Put.

128 2491 200 2544 M.
222 2503 266 2538 et
285 2491 344 2542 V.
375 2490 587 2544 Beroald.
610 2489 717 2535 Alc.
747 2515 807 2523 ·-
866 2492 1027 2534 incoa-

127 2563 213 2598 tur
231 2549 511 2595 MS.'Guelf.
533 2573 590 2581 —-
643 2548 911 2592 incohatum·
926 2547 1028 2592 MS.

129 2612 166 2655 F
168 2611 256 2654 lor.
278 2610 396 2665 (test.
410 2607 537 2665 Viet.
555 2622 661 2650 cum
682 2605 771 2650 Iac.
790 2605 1030 2664 Gronom).

128 2670 256 2712 Idem
302 2665 448 2709 inesse
491 2664 638 2708 codici
675 2664 786 2722 Agr.
824 2663 1031 2706 adfirmat

129 2725 356 2784 Ryckius:
389 2723 467 2767 sed
489 2721 680 2766 fortasse
706 2722 851 2765 voluit
879 2722 1029 2765 dicere

132 2784 189 2827 de
216 2781 316 2825 MS.
341 2780 470 2824 Flor.
495 2822 497 2825 ,
552 2779 767 2825 Ceterum
797 2779 870 2825 vix
903 2777 1030 2821 dubi-

130 2840 245 2886 tabis
266 2839 532 2889 incohaturi
553 2835 628 2886 vel
659 2836 924 2880 inchoaturi
947 2852 1030 2882 ve-

132 2914 236 2942 rum
269 2913 379 2940 esse.

191 2975 276 3012 out
299 2975 419 3010 certe
444 2980 540 3008 non
572 2970 782 3008 arduum
814 2967 887 3009 sit.
957 2963 1033 3008 Sic

134 3025 239 3072 ed‘d.
273 3033 315 3069 et
338 3023 475 3068 codd.
499 3022 637 3067 MSS.
672 3039 830 3067 omnes
858 3030 1032 3081 praeter

131 3086 284 3135 Flon,
313 3082 363 3126 in
387 3097 478 3140 quo
494 3081 725 3125 Victorius
746 3089 788 3124 et
812 3081 899 3124 Iac.
915 3079 1031 3122 Gro-

128 3141 294 3187 novius
315 3140 550 3182 iuvenerez
579 3147 774 3182 autnon
792 3145 1030 3183 certorum

132 3202 341 3243 arduum
366 3198 442 3240 sit.
504 3196 594 3239 Iac.
625 3195 896 3242 Gronovius
928 3210 1033 3254 pro·

133 3259 237 3309 bat,
254 3264 316 3300 «ut
342 3255 486 3313 legas:
522 3261 607 3296 aut
633 3268 754 3306 non,
787 3262 910 3297 certe
937 3267 1033 3296 non

135 3331 184 3360 α.
205 3329 248 3358 s-
309 3312 580 3359 Coniectura
602 3327 696 3355 non
719 3311 823 3355 satis
848 3310 966 3354 felix.

135 3384 659 3499 Βέἔῖῖρεῗῖἶὲεἱῖἶέῗὲ.
680 3380 1031 3484 ..Ϋῑῗῗόχῖᾟῗζί

133 3498 241 3546 iibri
277 3499 671 3543 considerandum
701 3513 784 3555 pro
818 3498 1032 3540 conside-

131 3561 345 3610 ¹raudus,
373 3564 417 3600 et
439 3553 599 3599 deinde
616 3553 717 3599 MS.
730 3553 882 3598 Guelf.
900 3553 1034 3609 peri-

137 3619 240 3663 cu’lo
260 3629 347 3661 suo
368 3613 614 3659 consilium
635 3625 773 3656 suum
788 3627 802 3654 .·
845 3604 923 3657 sed
951 3623 1035 3657 suo

1103 1801 1293 1860 Spir.——
1332 1801 1648 1859 Berneggerus
1669 1810 1773 1847 ante
1792 1803 1934 1846 iuxta
1959 1812 2002 1847 et

1104 1868 1207 1919 post
1245 1863 1357 1904 deos
1393 1868 1622 1918 commata.
1658 1858 1833 1918 posuit,
1889 1877 2000 1919 quae

1103 1919 1273 1963 fluxere
1306 1917 1354 1960 in
1389 1917 1490 1960 edd.
1525 1915 1737 1964 Gronov.
1758 1915 1922 1975 (1672.)
1954 1924 1999 1962 et

1103 1976 1194 2020 Iac.
1210 1974 1414 2018 Gronov.
1431 1999 1490 2007 -
1525 1974 1592 2032 Ry
1600 1973 1727 2018 ckius
1742 1983 1844 2020 ante
1861 1976 2003 2019 iuxta

1104 2033 1285 2091 scripsit
1323 2031 1461 2076 colon
1485 2033 1561 2089 (ς),
1612 2032 1849 2076 Ernestius
1879 2050 2000 2092 pun-

1104 2099 1229 2136 ctum
1251 2089 1459 2134 restituit.
1516 2090 1667 2132 quta
1693 2088 1898 2148 exprimit
1922 2107 2002 2136 no-

1103 2156 1248 2192 strum
1290 2149 1489 2196 nc‘z‘chst,
1540 2163 1729 2206 eamque
1759 2146 2001 2201 rationem,

1103 2222 1190 2263 qua
1212 2205 1303 2248 duo
1325 2213 1420 2248 arte
1443 2212 1547 2247 sunt
1578 2205 1823 2248 coniuncta
1844 2205 1912 2248 vel
1935 2206 2000 2249 in-

1102 2263 1253 2309 vicem
1291 2261 1536 2305 simillima.
1606 2261 1698 2306 An.
1730 2262 1772 2313 6,
1800 2260 1871 2306 42.
1906 2265 1996 2318 po*-

1096 2320 1204 2376 puli
1227 2321 1474 2373 imperium
1499 2320 1643 2362 iuxta
1663 2320 1952 2365 libertatem.
1965 2353 2000 2365 ..

1101 2386 1187 2424 est.
1247 2378 1341 2421 Liv.
1364 2378 1406 2426 9,
1425 2377 1468 2420 9.
1478 2377 1686 2433 foedera
1704 2385 1872 2425 sancta
1890 2386 2002 2420 sunt

1099 2438 1230 2490 apud
1252 2449 1330 2478 eos
1346 2436 1566 2486 homines,
1587 2437 1718 2488 apud
1731 2449 1848 2491 quos
1861 2435 2001 2484 iuxta

1099 2494 1291 2536 divinas
1336 2493 1575 2548 religiones
1607 2491 1736 2548 fides
1785 2494 2001 2536 humana

1101 2552 1284 2594 colitur.
1321 2572 1374 2586 -·
1434 2548 1537 2594 MS.
1573 2548 1691 2594 Bud.
1729 2564 1815 2608 pro
1858 2550 2002 2594 iuxta

1104 2609 1179 2652 dat
1203 2609 1337 2652 vixit.

1135 2693 1241 2749 ‘nec
1266 2681 1476 2735 speciem.
1536 2677 1620 2721 Ed.
1647 2677 1766 2736 Spir.
1799 2691 1861 2722 ne
1889 2692 1997 2734 spe-

1098 2751 1234 2780 ciem.

1159 2822 1193 2849 a
1237 2808 1540 2851 contumelia.
1628 2804 1708 2850 Sic
1728 2805 1849 2854 xedd.
1893 2804 1998 2852 Put.

1102 2863 1314 2913 Beroald.
1346 2864 1467 2918 (cum
1491 2864 1637 2909 silent.
1661 2861 1803 2963 vich?
1828 2879 1926 2922 sqq.
1957 2871 2000 2908 et

1104 2922 1239 2968 MSS.
1260 2921 1386 2965 Harl.
1413 2922 1546 2965 Bodl.
1572 2922 1655 2965 les.
1682 2919 1784 2963 Gue
1805 2919 1837 2965 f.
1860 2923 1902 2973 (a
1957 2937 1999 2965 r.

1103 2980 1277 3041 manu).
1294 3001 1353 3011 —-
1385 2987 1486 3021 tam
1511 2996 1542 3021 a
1566 2937 2000 3023 contumelioeMgs.

1103 3038 1213 3094 Reg.
1227 3035 1366 3080 Corb.
1379 3037 1493 3079 Bud.
1507 3035 1657 3079 Guelf.
1675 3037 1716 3091 (a
1738 3052 1825 3080 sec.
1841 3037 1999 3093 manu)

1104 3095 1176 3139 ed.
1199 3094 1320 3152 Spir.
1384 3093 1523 3150 Quod
1548 3094 1904 3150 additsmentum
1924 3092 1997 3136 de-

1102 3155 1235 3197 betur
1257 3152 1460 3195 inscitiae
1486 3166 1660 3200 eorum,
1689 3149 1768 3210 qui
1787 3158 2000 3218 putarent

1102 3225 1295 3310 sequ-{ns
1312 3224 1453 3310 qucfflv
1466 3223 1654 3309 pogcere
1669 3216 1771 3251 tam
1785 3223 1833 3252 ln
1847 3206 1998 3266 priore

1100 3276 1409 3368 {nugax-rane
1441 3268 1766 3368 lsdcutigileag.
1776 3272 1999 3373 afflixisti,

1105 3385 1174 3427 10.
1209 3382 1465 3426 Mucianus
1501 3412 1514 3425 .
1541 3413 1551 3424 .
1577 3411 1590 3425 .
1624 3387 1728 3423 tam
1753 3393 1911 3435 propes
1934 3381 1996 3424 ab

1100 3442 1266 3483 exsule
1287 3440 1413 3495 fuit,
1453 3451 1595 3497 quam
1614 3445 1782 3494 postea
1801 3452 1837 3480 a
1856 3437 1996 3493 prin-

1104 3498 1217 3553 cipe.
1244 3516 1303 3532 -—
1363 3497 1475 3541 Mox
1505 3495 1607 3541 MS.
1646 3493 1873 3550 Guelf..(a
1902 3510 1995 3539 nec.

1105 3556 1264 3613 manu)
1297 3556 1345 3600 et
1366 3555 1438 3603 ed.
1459 3554 1582 3615 spir.
1593 3553 1752 3611 [ωσι-ὼ
1773 3566 1864 3612 pro
1878 3551 1999 3609 sue-

1110 3613 1192 3657 rit«
1856 3636 1858 3642 '
