2184 4048
210 237 257 272 Α.
279 237 332 272 U.
347 232 436 269 8³81.

209 276 351 318 Alce
373 278 437 314 oo.
710 230 969 295 LIB.;I.
1042 228 1157 288 CA
1174 231 1238 290 P.
1272 234 1335 299 6.χ
1365 233 1421 290 7.
1904 227 1981 287 15

125 370 392 429 insolito:
448 365 624 422 multi
646 359 731 420 -ad
770 359 881 417 hoc
916 361 1147 437 numeri
1181 381 1211 414 e
1237 358 1559 416 Germania
1586 383 1649 419 ac
1674 360 1989 419 Britannia

122 467 193 516 et*
214 448 486 532 I·llyric0,
553 464 701 526 quos
749 448 907 503 idem
946 444 1104 501 Nero
1156 446 1367 501 electos
1405 447 1871 524 praemissosque
1888 465 1890 467 ’
1908 446 1983 502 ad

123 535 371 598 claustra
395 535 741 611 Caspiarum
769 543 826 588 et
849 530 1102 611 bellum,
1150 531 1311 606 quod
1338 531 1403 585 in
1431 526 1699 586 Albanos
1724 533 1984 606 parabat,

122 622 527 701 opprimendis
551 618 825 675 Vindicis
857 615 1079 690 coeptis
1115 626 1516 672 revocaverat:
1571 615 1778 688 ingens
1812 616 1984 673 novis

121 712 296 766 rebus
317 705 560 764 materia
576 750 591 773 ,
634 715 700 761 ut
725 723 847 759 non
870 702 934 757 in
956 721 1145 757 unum
1172 701 1427 776 aliquem
1456 699 1647 774 prono
1674 700 1875 757 favore
1901 702 1982 770 ita

121 794 362 851 audenti
391 803 613 867 parata.
1020 808 1022 811 ·
1312 788 1319 801 ⁸
1468 812 1472 815 ’
1957 789 1960 794 ’

247 896 250 901 ’
286 875 423 936 Vll.
466 874 646 932 Forte
677 881 1075 943 congruerat‚'
1111 880 1176 926 ut
1203 867 1409 927 Clodii>
1431 867 1624 926 Macri
1660 880 1716 925 et
1747 866 1980 926 Fonteii

119 956 425 1039 Capitonis
451 960 658 1017 caedes
676 955 1114 1014 nuntiarentur.
1202 952 1482 1011 Macrum
1503 955 1567 1010 in
1593 953 1794 1011 Africa
1820 950 1981 1012 haud

117 1049 304 1106 dubie
325 1047 662 1104 turbantem
688 1041 1026 1098 Trebonius
1045 1037 1418 1102 Garuciamm
1437 1051 1790 1120 procurator
1811 1040 1978 1097 iussu

117 1132 371 1200 Galbae,
414 1129 763 1205 Capitonem
788 1126 852 1182 in
869 1123 1218 1193 Germania,
1265 1145 1399 1183 cum
1424 1124 1641 1182 similia
1669 1136 1979 1200 coeptare&

113 1218 428 1276 Cornelius
452 1213 730 1291 Aquinus
758 1223 815 1267 et
835 1207 1056 1267 Fabius
1081 1208 1301 1266 Valens
1340 1211 1515 1283 legati
1550 1210 1849 1284 legionum
1884 1211 1980 1266 in—

115 1305 495 1369 terfecerant,
538 1309 852 1373 antequam
882 1294 1246 1355 iuberentur.
1334 1296 1498 1351 suere
1533 1296 1636 1373 qui
1674 1298 1979 1360 crederent

111 1386 459 1463 Capitonem
494 1395 560 1441 ut
595 1379 840 1439 avaritia
877 1393 931 1438 et
967 1379 1220 1436 libidine
1247 1380 1490 1437 foedum
1517 1401 1582 1438 ac
1611 1381 1978 1439 maculosum
2027 1458 2039 1465 ³

167 1554 307 1611 multi
324 1554 389 1594 nd
411 1553 495 1593 hoc
515 1551 716 1593 numeri.
778 1546 855 1590 Sic
874 1546 1006 1590 MSS.

110 1612 231 1653 Flor.
265 1614 383 1663 (test,
419 1608 534 1652 Vict.
565 1623 602 1652 c.
639 1604 787 1655 Pieh.)
822 1604 1005 1647 Fames.

110 1671 228 1723 (test.
278 1667 419 1723 Lips.)
463 1665 566 1708 edd.
612 1665 731 1721 Spir.
772 1662 889 1719 Lips.
937 1662 1004 1718 (in

109 1725 327 1782 margine)
382 1722 506 1767 Pich.
551 1721 733 1764 Gruter.
781 1733 880 1776 sqq.
946 1742 1004 1757 ...-

107 1783 246 1825 multi
262 1786 326 1824 ad
343 1782 428 1824 hoc
448 1787 492 1822 et
515 1780 757 1822 innumeri
768 1777 870 1820 MS.
889 1776 1002 1819 Bud.

107 1849 149 1884 et
193 1839 297 1882 inde
340 1838 440 1881 edd.
473 1836 618 1879 Rhea.
659 1835 765 1878 Ald.
799 1848 899 1890 sqq.
945 1857 1005 1867 —-

107 1899 245 1939 multi
311 1898 377 1938 nd
439 1896 529 1936 hoo
594 1892 838 1934 innumeri
898 1890 997 1935 MS.

109 1952 263 1996 Guelf.
309 1974 369 1986 ·-
426 1951 571 1994 multi
597 1954 662 1992 od
689 1951 776 1992 hoc
804 1963 1005 1991 numero

103 2007 238 2054 MSS.
251 2008 359 2068 Agr.
374 2006 513 2052 corb.
542 2034 602 2042 -
648 2007 791 2048 malti
805 2007 871 2047 ad
890 2006 1003 2047 haec

102 2067 343 2110 innumeri
374 2064 477 2107 edd.
514 2063 616 2106 Put.
647 2062 718 2106 M.
744 2070 786 2104 et
815 2061 867 2104 V.
894 2062 998 2105 Ber.

102 2125 199 2168 Alc.
225 2131 266 2166 et
289 2122 349 2167 ita
371 2121 459 2164 fuit
492 2121 539 2164 in
561 2121 664 2164 MS.
686 2117 837 2164 Guelf.
870 2135 894 2162 a
930 2136 998 2177 pr.

102 2197 264 2225 mauu.
334 2179 424 2222 Sed
467 2179 601 2222 unice
633 2193 741 2223 vera
785 2186 849 2220 est
890 2176 998 2220 scri-

101 2248 232 2298 ptura
270 2245 467 2295 recepta.
546 2236 785 2278 Numerus
824 2234 995 2293 signifi-

102 2305 173 2339 eat
223 2311 406 2338 manum
463 2291 656 2336 rnilitum
717 2291 994 2335 indefinitam

103 2353 312 2409 (Haase).
368 2350 430 2394 cf.
454 2351 558 2394 infr.
586 2351 627 2398 4,
651 2350 721 2393 15.
765 2375 820 2384 -
879 2349 992 2407 Agr.

101 2427 142 2453 c.
169 2410 240 2453 18.
270 2409 472 2452 Numeri
490 2409 683 2461 legionis
704 2416 808 2450 sunt
834 2405 994 2448 eohor-

99 2476 163 2510 tes
204 2477 248 2510 et
293 2464 529 2521 manipuli.
586 2465 644 2507 cf.
686 2464 790 2508 infr.
834 2479 875 2508 e.
921 2464 992 2506 87.

98 2524 345 2567 sozomen.
370 2523 484 2565 Hist.
510 2521 635 2566 Eccl.
662 2524 699 2572 1,
723 2522 764 2565 8.
797 2518 853 2564 τὰ
880 2518 996 2566 ‘Pm-

98 2585 254 2639 μαίων
291 2577 532 2638 τάγματα,
584 2577 614 2621 c‘i
647 2582 732 2624 νῦν
766 2578 996 2638 ἀριθμοὺς

99 2641 303 2682 καλοῦσι.
367 2638 484 2681 plin.
518 2653 616 2694 epp.
654 2640 720 2688 10,
755 2637 825 2681 58.
867 2641 995 2693 quod

98 2704 395 2739 sacramento
438 2696 637 2736 militari
661 2698 871 2737 nondum
902 2698 990 2738 dis-

100 2755 262 2797 tributi
292 2755 340 2796 in
378 2767 604 2794 numeros
626 2759 774 2794 erant.
837 2752 900 2795 ld.
921 2752 984 2796 ib.

100 2828 168 2870 ep.
199 2810 271 2854 39.
302 2813 428 2866 quod
459 2812 669 2851 nondum
702 2824 790 2863 per
822 2826 990 2852 nume-

97 2883 178 2911 ros
199 2868 439 2910 distributi
456 2874 584 2909 sunt.
643 2867 826 2910 Sueten.
853 2865 988 2925 Vesp-

96 2942 138 2970 ε.
160 2926 205 2968 6.
240 2925 470 2967 revocatis
494 2927 558 2965 ad
586 2924 788 2980 officium
821 2940 991 2967 nume-

98 2984 179 3025 ris.
245 2981 321 3025 Sic
352 2980 416 3023 illi
451 2982 640 3023 numeri
671 2996 694 3023 e
730 2981 991 3025 Germania

97 3055 151 3082 ac
185 3039 276 3082 Br.
306 3046 350 3080 ct
380 3038 422 3080 I.
460 3047 564 3080 sunt
603 3054 761 3081 manus
793 3055 875 3096 per
910 3055 992 3083 co-

98 3097 251 3139 hortes
274 3095 344 3140 vel
371 3103 536 3138 turmas
561 3093 630 3140 vel
655 3094 792 3138 alium
829 3113 988 3140 nume-

96 3170 198 3196 rum
222 3152 512 3208 compositae.
539 3177 596 3184 —
635 3152 718 3195 Ed.
734 3150 852 3210 Spir.
879 3153 987 3196 Illi-

94 3227 223 3278 riw,
268 3222 332 3264 uti
365 3220 493 3265 solet.
553 3221 721 3264 Eadem
754 3226 988 3275 ,prm’ssos-

93 3295 182 3336 que
210 3279 273 3334 (h.
293 3295 331 3323 e.
354 3281 718 3334 promissasque)
745 3297 827 3338 pro
848 3295 985 3334 prae·

95 3339 351 3391 missosque
361 3351 376 3384 ,·
446 3339 584 3389 ceptis
645 3353 728 3392 pro
796 3344 984 3391 coeptis.

93 3394 190 3438 MS.
222 3392 377 3437 Guelf.
411 3395 598 3435 euectos
624 3397 982 3451 premissosque,

96 3467 198 3494 mox
223 3450 380 3504 ceptis.

146 3510 348 3550 audenti.
428 3505 505 3548 Sic
550 3504 644 3548 MS.
682 3507 833 3551 Guelf.
879 3511 978 3553 edd.

91 3565 192 3608 Pul.
224 3579 323 3621 sqq.
368 3588 423 3598 -
483 3564 693 3607 audienti
717 3566 817 3610 MS.
848 3566 882 3609 F
885 3566 973 3611 lor.

1081 1550 1198 1603 (test.
1217 1547 1352 1602 Vict.)
1377 1546 1445 1590 ed.
1471 1547 1615 1606 Spin,
1655 1547 1822 1604 vulgari
1838 1546 1972 1590 vitio.

1082 1604 1139 1648 cs.
1166 1615 1262 1648 not.
1284 1607 1337 1647 ad
1369 1622 1409 1648 e.
1433 1605 1475 1648 3.
1502 1616 1544 1648 et
1571 1608 1658 1648 An.
1692 1605 1755 1656 14,
1781 1605 1849 1649 58.
1880 1629 1883 1631 ·

1136 1676 1243 1718 CAP.
1295 1675 1336 1719 7.
1423 1678 1583 1720 Clodii.
1665 1676 1762 1721 MS.
1820 1673 1972 1719 Guelf.

1081 1732 1227 1776 Clodi.

1142 1791 1335 1832 Fonteii.
1422 1790 1498 1834 Sic
1553 1791 1652 1834 edd.
1703 1789 1819 1855 Ljps‘
1874 1805 1972 1847 sqq.

1076 1846 1246 1889 Fontei
1270 1846 1371 1890 MS.
1398 1847 1549 1892 Guessf.
1579 1848 1680 1891 edd.
1714 1846 1832 1906 Spir.
1867 1847 1971 1899 Pm.

1076 1920 1173 1962 sqq.
1200 1919 1303 1947 cum
1330 1905 1462 1962 Lipsii
1489 1908 1647 1963 prima.

1131 1965 1480 2005 nuntiarentur.
1540 1963 1675 2006 MSS.
1688 1963 1802 2008 Bud.
1817 1963 1970 2008 Guelf.

1074 2019 1380 2061 nuntiaretur
1404 2021 1719 2074 (nunciaretur
1739 2021 1913 2078 Guels.)

1130 2078 1258 2117 haud
1321 2078 1453 2120 dubie
1515 2080 1799 2124 turbantem.
1891 2078 1971 2124 Sic

1075 2133 1208 2177 MSS.
1222 2134 1344 2178 Flor.
1366 2135 1482 2189 (test.
1502 2135 1638 2192 vict.)
1662 2136 1843 2181 Fames.
1858 2138 1967 2195 Agr.

1069 2189 1178 2248 Reg.
1206 2190 1344 2234 Corb.
1375 2192 1474 2236 edd.
1495 2193 1527 2236 S
1562 2193 1614 2235 ir.
1640 2193 1759 2252 Lips.
1782 2214 1802 2240 s
1836 2211 1881 2254 q.
1911 2219 1968 2228 -—

1067 2262 1146 2290 res
1181 2250 1314 2290 haud
1348 2252 1394 2294 d.
1427 2258 1460 2292 t.
1551 2250 1632 2295 SS.
1663 2251 1780 2296 Bud.
1837 2251 1967 2298 'uem

1068 2305 1190 2348 Harl.
1224 2305 1357 2350 Bodl.
1391 2308 1473 2350 les.
1510 2307 1611 2350 edd.
1648 2309 1751 2352 Put.
1777 2327 1876 2369 sqq.
1909 2311 1965 2353 ad

1066 2362 1280 2420 Lipsium.
1343 2365 1542 2408 Frustra.
1610 2367 1724 2410 Nam
1761 2366 1990 2412 absolute*

1068 2420 1112 2462 id
1135 2421 1324 2464 verbum
1348 2422 1477 2465 etiam
1503 2426 1689 2480 ponitur
1711 2425 1801 2468 An.
1828 2429 1869 2475 1,
1889 2426 1964 2469 90.

1067 2478 1357 2579 Rist.11,6485.
1401 2490 1444 2523 et
1489 2479 1610 2525 alibi.
1681 2481 1740 2524 cf.
1774 2490 1872 2526 not.
1905 2482 1964 2534 ad

1114 2551 1160 2578 n·
1214 2567 1226 2585 ῃ
1307 2566 1319 2580 ο

1126 2593 1387 2638 Trebonius
1401 2596 1714 2640 Garuoianus.
1772 2594 1852 2648 «Sic
1863 2599 1962 2650 MS.

1067 2648 1218 2694 Guelf.
1255 2652 1355 2695 edd.
1383 2652 1484 2696 Put.
1517 2669 1615 2711 sqq.
1653 2654 1791 2708 (cuun‘
1811 2657 1960 2701 silent.

1067 2706 1220 2763 Viet.).
1316 2710 1609 2754 Harebom'us
1672 2711 1965 2761 Gunitianus

1064 2764 1138 2807 ed.
1161 2766 1278 2823 Spir.
1338 2767 1504 2811 Eadem
1530 2782 1634 2812 mox
1670 2785 1756 2828 pro
1789 2773 1964 2815 similia

1064 2821 1138 2864 dat
1147 2824 1361 2878 familie-t.

1126 2881 1350 2936 Aquinus.
1410 2881 1492 2926 Ed.
1506 2881 1716 2927 Beroald.
1733 2886 1962 2942 Aquinus,

1066 2936 1171 2980 vitio
1205 2953 1470 2996 operarum,
1511 2949 1560 2982 ut
1593 2941 1785 2986 videtur.
1845 2944 1960 2987 Nam

1065 2995 1291 3052 vulgatum
1330 2995 1484 3039 ferunt
1519 2997 1618 3042 MS.
1656 2995 1808 3043 Guelf.
1854 3001 1958 3044 edd.

1064 3051 1180 3108 Spin
1212 3052 1312 3096 Pus.
1335 3054 1434 3098 Alc.
1460 3054 1663 3100 Rhenan.
1687 3072 1785 3115 sqq.
1849 3060 1960 3103 Cor·

1064 3109 1174 3152 rexit
1197 3109 1325 3152 etiam
1342 3109 1571 3155 Victorius
1593 3129 1616 3155 e
1639 3115 1738 3157 MS.
1754 3114 1878 3160 Flor.
1901 3143 1961 3154 -

1061 3166 1170 3208 Mox
1193 3166 1260 3208 ed.
1283 3167 1400 3224 Spir.
1423 3171 1704 3213 haberentur
1725 3188 1809 3229 pro
1830 3173 1958 3216 iube-

1060 3231 1248 3273 rentur;
1289 3225 1394 3268 dein
1427 3236 1512 3269 out
1579 3242 1640 3270 ro
1665 3236 1745 3280 αἱς
1772 3230 1960 3286 fedum,

1061 3280 1123 3322 uii
1148 3280 1259 3322 solet
1281 3297 1386 3325 cum
1414 3284 1517 3327 MS.
1565 3285 1699 3328 mels.
1717 3320 1729 3338 ,
1759 3304 1840 3346 pro
1852 3284 1959 3342 soe-

1059 3341 1198 3387 clum;
1242 3341 1501 3392 cognitione
1531 3357 1616 3398 pro
1646 3345 1960 3397 cogitatione,-

1057 3397 1298 3450 ne'quirent
1341 3413 1424 3454 pro
1467 3402 1775 3454 nequiverint.
1851 3403 1955 3448 MS.

1058 3450 1210 3495 Guelf.
1235 3454 1513 3508 nequierint.

1099 3508 1300 3564 foedum
1334 3527 1390 3554 ac
1427 3516 1745 3559 maculosum.
1800 3519 1952 3574 Syno-

1056 3581 1205 3622 nyma.
1264 3567 1324 3611 ef.
1349 3568 1484 3614 Roth.
1513 3586 1556 3627 p.
1584 3573 1650 3614 15.
