<?xml version="1.0" encoding="UTF-8"?>
<!DOCTYPE html PUBLIC "-//W3C//DTD XHTML 1.0 Transitional//EN"
    "http://www.w3.org/TR/xhtml1/DTD/xhtml1-transitional.dtd">
<html xmlns="http://www.w3.org/1999/xhtml" xml:lang="en" lang="en">
 <head>
  <title>
</title>
<meta http-equiv="Content-Type" content="text/html;charset=utf-8" />
  <meta name='ocr-system' content='tesseract 3.04.00' />
  <meta name='ocr-capabilities' content='ocr_page ocr_carea ocr_par ocr_line ocrx_word'/>
</head>
<body>
  <div class='ocr_page' id='page_1' title='image "./operarecensuitet03taciuoft/operarecensuitet03taciuoft_0343.png"; bbox 0 0 2138 4030; ppageno 0'>
   <div class='ocr_carea' id='block_1_1' title="bbox 192 261 414 327">
    <p class='ocr_par' dir='ltr' id='par_1_1' title="bbox 192 261 414 327">
     <span class='ocr_line' id='line_1_1' title="bbox 192 261 414 327; baseline -0.005 -5"><span class='ocrx_word' id='word_1_1' title='bbox 192 286 245 327; x_wconf 70' lang='lat' dir='ltr'>A.</span> <span class='ocrx_word' id='word_1_2' title='bbox 258 261 314 325; x_wconf 79' lang='lat' dir='ltr'>u.</span> <span class='ocrx_word' id='word_1_3' title='bbox 330 286 414 322; x_wconf 73' lang='lat'>32³.</span> 
     </span>
    </p>
   </div>
   <div class='ocr_carea' id='block_1_2' title="bbox 194 283 1959 368">
    <p class='ocr_par' dir='ltr' id='par_1_2' title="bbox 194 245 1959 368">
     <span class='ocr_line' id='line_1_2' title="bbox 194 283 1959 368; baseline 0 -17"><span class='ocrx_word' id='word_1_4' title='bbox 194 330 315 368; x_wconf 31' lang='grc' dir='ltr'>ὣς.</span> <span class='ocrx_word' id='word_1_5' title='bbox 355 332 416 366; x_wconf 79' lang='lat' dir='ltr'>w.</span> <span class='ocrx_word' id='word_1_6' title='bbox 609 285 784 348; x_wconf 91' lang='lat' dir='ltr'>LIB.</span> <span class='ocrx_word' id='word_1_7' title='bbox 817 285 925 348; x_wconf 87' lang='grc' dir='ltr'><strong>ΙΙΙ.</strong></span> <span class='ocrx_word' id='word_1_8' title='bbox 1005 283 1201 349; x_wconf 89' lang='lat' dir='ltr'><strong>CAP.</strong></span> <span class='ocrx_word' id='word_1_9' title='bbox 1237 284 1337 348; x_wconf 85' lang='lat'>65.</span> <span class='ocrx_word' id='word_1_10' title='bbox 1365 289 1468 350; x_wconf 87' lang='lat'>66.</span> <span class='ocrx_word' id='word_1_11' title='bbox 1829 285 1959 352; x_wconf 67' lang='lat'>383</span> 
     </span>
    </p>
   </div>
   <div class='ocr_carea' id='block_1_3' title="bbox 96 417 1963 665">
    <p class='ocr_par' dir='ltr' id='par_1_3' title="bbox 96 417 1963 665">
     <span class='ocr_line' id='line_1_3' title="bbox 109 417 1963 498; baseline 0 -19"><span class='ocrx_word' id='word_1_12' title='bbox 109 426 449 498; x_wconf 69' lang='lat' dir='ltr'>quanquam</span> <span class='ocrx_word' id='word_1_13' title='bbox 495 427 773 475; x_wconf 87' lang='lat' dir='ltr'>manente</span> <span class='ocrx_word' id='word_1_14' title='bbox 819 417 886 472; x_wconf 88' lang='lat' dir='ltr'>in</span> <span class='ocrx_word' id='word_1_15' title='bbox 935 418 1190 492; x_wconf 83' lang='lat' dir='ltr'>speciem</span> <span class='ocrx_word' id='word_1_16' title='bbox 1238 418 1553 475; x_wconf 88' lang='lat' dir='ltr'>concordia</span> <span class='ocrx_word' id='word_1_17' title='bbox 1605 419 1963 483; x_wconf 81' lang='lat' dir='ltr'>offensarum</span> 
     </span>
     <span class='ocr_line' id='line_1_4' title="bbox 96 500 1959 582; baseline 0.001 -19"><span class='ocrx_word' id='word_1_18' title='bbox 96 518 317 582; x_wconf 49' lang='lat' dir='ltr'>&lt;operta</span> <span class='ocrx_word' id='word_1_19' title='bbox 359 504 791 563; x_wconf 78' lang='lat' dir='ltr'><strong>metuebantur.</strong></span> <span class='ocrx_word' id='word_1_20' title='bbox 831 551 835 553; x_wconf 93' lang='lat'><strong>.</strong></span> <span class='ocrx_word' id='word_1_21' title='bbox 878 500 1101 559; x_wconf 82' lang='lat' dir='ltr'>Melior</span> <span class='ocrx_word' id='word_1_22' title='bbox 1134 503 1571 578; x_wconf 80' lang='lat' dir='ltr'>interpretatio:</span> <span class='ocrx_word' id='word_1_23' title='bbox 1625 503 1831 563; x_wconf 83' lang='lat' dir='ltr'>mitem</span> <span class='ocrx_word' id='word_1_24' title='bbox 1864 507 1959 564; x_wconf 85' lang='lat' dir='ltr'>vi·-</span> 
     </span>
     <span class='ocr_line' id='line_1_5' title="bbox 105 587 1959 665; baseline 0.001 -17"><span class='ocrx_word' id='word_1_25' title='bbox 105 612 243 648; x_wconf 90' lang='lat' dir='ltr'>rum</span> <span class='ocrx_word' id='word_1_26' title='bbox 285 587 607 648; x_wconf 85' lang='lat' dir='ltr'>abhorrere</span> <span class='ocrx_word' id='word_1_27' title='bbox 643 608 678 645; x_wconf 87' lang='lat' dir='ltr'>a</span> <span class='ocrx_word' id='word_1_28' title='bbox 717 587 1003 661; x_wconf 84' lang='lat' dir='ltr'>sanguine</span> <span class='ocrx_word' id='word_1_29' title='bbox 1044 600 1101 646; x_wconf 92' lang='lat' dir='ltr'>et</span> <span class='ocrx_word' id='word_1_30' title='bbox 1141 589 1450 659; x_wconf 77' lang='lat' dir='ltr'>caedibuS,</span> <span class='ocrx_word' id='word_1_31' title='bbox 1512 608 1699 665; x_wconf 88' lang='lat' dir='ltr'>eoque</span> <span class='ocrx_word' id='word_1_32' title='bbox 1739 592 1959 649; x_wconf 84' lang='lat' dir='ltr'><strong>crebris</strong></span> 
     </span>
    </p>
   </div>
   <div class='ocr_carea' id='block_1_4' title="bbox 0 672 1960 750">
    <p class='ocr_par' dir='ltr' id='par_1_4' title="bbox 0 672 1960 750">
     <span class='ocr_line' id='line_1_6' title="bbox 0 672 1960 750; baseline 0.001 -18"><span class='ocrx_word' id='word_1_33' title='bbox 0 672 23 712; x_wconf 56' lang='grc' dir='ltr'><em>Γ</em></span> <span class='ocrx_word' id='word_1_34' title='bbox 107 697 243 733; x_wconf 89' lang='lat' dir='ltr'>cum</span> <span class='ocrx_word' id='word_1_35' title='bbox 266 675 511 732; x_wconf 83' lang='lat' dir='ltr'>Vitellio</span> <span class='ocrx_word' id='word_1_36' title='bbox 536 673 906 730; x_wconf 82' lang='lat' dir='ltr'>sermonibus</span> <span class='ocrx_word' id='word_1_37' title='bbox 931 673 1005 729; x_wconf 91' lang='lat' dir='ltr'>de</span> <span class='ocrx_word' id='word_1_38' title='bbox 1025 694 1166 748; x_wconf 91' lang='lat' dir='ltr'>pace</span> <span class='ocrx_word' id='word_1_39' title='bbox 1189 674 1597 750; x_wconf 86' lang='lat' dir='ltr'>ponendisque</span> <span class='ocrx_word' id='word_1_40' title='bbox 1623 695 1729 750; x_wconf 89' lang='lat' dir='ltr'>per</span> <span class='ocrx_word' id='word_1_41' title='bbox 1749 677 1960 734; x_wconf 85' lang='lat' dir='ltr'>condi-</span> 
     </span>
    </p>
   </div>
   <div class='ocr_carea' id='block_1_5' title="bbox 52 757 1960 1797">
    <p class='ocr_par' dir='ltr' id='par_1_5' title="bbox 52 757 1960 1273">
     <span class='ocr_line' id='line_1_7' title="bbox 52 757 1960 834; baseline 0 -15"><span class='ocrx_word' id='word_1_42' title='bbox 52 818 57 819; x_wconf 18' lang='lat'><strong>.</strong></span> <span class='ocrx_word' id='word_1_43' title='bbox 104 761 330 818; x_wconf 86' lang='lat' dir='ltr'>tionem</span> <span class='ocrx_word' id='word_1_44' title='bbox 353 760 535 818; x_wconf 89' lang='lat' dir='ltr'>armis</span> <span class='ocrx_word' id='word_1_45' title='bbox 557 759 796 832; x_wconf 81' lang='lat' dir='ltr'>agitare.</span> <span class='ocrx_word' id='word_1_46' title='bbox 883 757 1068 833; x_wconf 85' lang='lat' dir='ltr'>Saepe</span> <span class='ocrx_word' id='word_1_47' title='bbox 1096 760 1262 815; x_wconf 87' lang='lat' dir='ltr'>domi</span> <span class='ocrx_word' id='word_1_48' title='bbox 1289 759 1612 833; x_wconf 78' lang='lat' dir='ltr'><strong>congressi,</strong></span> <span class='ocrx_word' id='word_1_49' title='bbox 1662 772 1960 834; x_wconf 63' lang='lat' dir='ltr'>postremo&gt;</span> 
     </span>
     <span class='ocr_line' id='line_1_8' title="bbox 105 842 1958 922; baseline 0.001 -20"><span class='ocrx_word' id='word_1_50' title='bbox 105 847 171 902; x_wconf 92' lang='lat' dir='ltr'>in</span> <span class='ocrx_word' id='word_1_51' title='bbox 194 847 336 903; x_wconf 82' lang='lat' dir='ltr'>aede</span> <span class='ocrx_word' id='word_1_52' title='bbox 361 842 695 922; x_wconf 85' lang='lat' dir='ltr'>Apollinis,</span> <span class='ocrx_word' id='word_1_53' title='bbox 737 855 805 900; x_wconf 88' lang='lat' dir='ltr'>ut</span> <span class='ocrx_word' id='word_1_54' title='bbox 828 844 986 899; x_wconf 86' lang='lat' dir='ltr'>fama</span> <span class='ocrx_word' id='word_1_55' title='bbox 1011 844 1154 914; x_wconf 87' lang='lat' dir='ltr'>fuit,</span> <span class='ocrx_word' id='word_1_56' title='bbox 1195 845 1483 920; x_wconf 81' lang='lat' dir='ltr'>pepigere.</span> <span class='ocrx_word' id='word_1_57' title='bbox 1550 845 1732 902; x_wconf 84' lang='lat' dir='ltr'>verba</span> <span class='ocrx_word' id='word_1_58' title='bbox 1754 867 1958 904; x_wconf 84' lang='lat' dir='ltr'>voces-</span> 
     </span>
     <span class='ocr_line' id='line_1_9' title="bbox 103 926 1956 1007; baseline 0 -19"><span class='ocrx_word' id='word_1_59' title='bbox 103 951 218 1007; x_wconf 87' lang='lat' dir='ltr'>que</span> <span class='ocrx_word' id='word_1_60' title='bbox 255 932 408 988; x_wconf 89' lang='lat' dir='ltr'>duos</span> <span class='ocrx_word' id='word_1_61' title='bbox 446 941 616 988; x_wconf 90' lang='lat' dir='ltr'>testes</span> <span class='ocrx_word' id='word_1_62' title='bbox 664 926 994 998; x_wconf 89' lang='lat' dir='ltr'>habebant,</span> <span class='ocrx_word' id='word_1_63' title='bbox 1059 927 1339 987; x_wconf 84' lang='lat' dir='ltr'>Cluvium</span> <span class='ocrx_word' id='word_1_64' title='bbox 1379 928 1609 988; x_wconf 81' lang='lat' dir='ltr'>Rufum</span> <span class='ocrx_word' id='word_1_65' title='bbox 1650 941 1708 987; x_wconf 89' lang='lat' dir='ltr'>et</span> <span class='ocrx_word' id='word_1_66' title='bbox 1740 929 1956 988; x_wconf 85' lang='lat' dir='ltr'>Silium</span> 
     </span>
     <span class='ocr_line' id='line_1_10' title="bbox 102 1014 1959 1090; baseline 0.001 -18"><span class='ocrx_word' id='word_1_67' title='bbox 102 1014 393 1077; x_wconf 86' lang='lat' dir='ltr'>Italicum.</span> <span class='ocrx_word' id='word_1_68' title='bbox 477 1017 677 1073; x_wconf 86' lang='lat' dir='ltr'>vultus</span> <span class='ocrx_word' id='word_1_69' title='bbox 711 1015 920 1090; x_wconf 89' lang='lat' dir='ltr'>procul</span> <span class='ocrx_word' id='word_1_70' title='bbox 943 1014 1272 1071; x_wconf 85' lang='lat' dir='ltr'>visentibus</span> <span class='ocrx_word' id='word_1_71' title='bbox 1293 1017 1685 1086; x_wconf 78' lang='lat' dir='ltr'>notabantur,</span> <span class='ocrx_word' id='word_1_72' title='bbox 1727 1014 1959 1073; x_wconf 87' lang='lat' dir='ltr'>Vitellii</span> 
     </span>
     <span class='ocr_line' id='line_1_11' title="bbox 100 1098 1959 1176; baseline 0.001 -19"><span class='ocrx_word' id='word_1_73' title='bbox 100 1101 395 1176; x_wconf 86' lang='lat' dir='ltr'>proiectus</span> <span class='ocrx_word' id='word_1_74' title='bbox 420 1112 478 1158; x_wconf 88' lang='lat' dir='ltr'>et</span> <span class='ocrx_word' id='word_1_75' title='bbox 502 1101 784 1175; x_wconf 82' lang='lat' dir='ltr'>degener,</span> <span class='ocrx_word' id='word_1_76' title='bbox 827 1098 1086 1159; x_wconf 86' lang='lat' dir='ltr'>Sabinus</span> <span class='ocrx_word' id='word_1_77' title='bbox 1108 1118 1233 1157; x_wconf 90' lang='lat' dir='ltr'>non</span> <span class='ocrx_word' id='word_1_78' title='bbox 1262 1100 1554 1158; x_wconf 86' lang='lat' dir='ltr'>insultans</span> <span class='ocrx_word' id='word_1_79' title='bbox 1578 1113 1635 1159; x_wconf 90' lang='lat' dir='ltr'>et</span> <span class='ocrx_word' id='word_1_80' title='bbox 1651 1101 1959 1163; x_wconf 83' lang='lat' dir='ltr'>miseranti</span> 
     </span>
     <span class='ocr_line' id='line_1_12' title="bbox 98 1186 1646 1273; baseline 0.001 -31"><span class='ocrx_word' id='word_1_81' title='bbox 98 1186 363 1263; x_wconf 85' lang='lat' dir='ltr'>propior.</span> <span class='ocrx_word' id='word_1_82' title='bbox 1644 1271 1646 1273; x_wconf 24' lang='lat'><strong><em>„</em></strong></span> 
     </span>
    </p>

    <p class='ocr_par' dir='ltr' id='par_1_6' title="bbox 94 1291 1958 1797">
     <span class='ocr_line' id='line_1_13' title="bbox 266 1291 1957 1366; baseline 0.003 -13"><span class='ocrx_word' id='word_1_83' title='bbox 266 1291 486 1353; x_wconf 87' lang='lat' dir='ltr'>LXVI.</span> <span class='ocrx_word' id='word_1_84' title='bbox 531 1291 712 1366; x_wconf 84' lang='lat' dir='ltr'>Quod</span> <span class='ocrx_word' id='word_1_85' title='bbox 748 1291 799 1349; x_wconf 89' lang='lat' dir='ltr'>si</span> <span class='ocrx_word' id='word_1_86' title='bbox 830 1303 952 1349; x_wconf 87' lang='lat' dir='ltr'>tam</span> <span class='ocrx_word' id='word_1_87' title='bbox 986 1291 1156 1349; x_wconf 90' lang='lat' dir='ltr'>facile</span> <span class='ocrx_word' id='word_1_88' title='bbox 1189 1312 1430 1351; x_wconf 88' lang='lat' dir='ltr'>suorum</span> <span class='ocrx_word' id='word_1_89' title='bbox 1451 1307 1682 1357; x_wconf 88' lang='lat' dir='ltr'>mentes</span> <span class='ocrx_word' id='word_1_90' title='bbox 1704 1297 1957 1358; x_wconf 85' lang='lat' dir='ltr'>flexisset</span> 
     </span>
     <span class='ocr_line' id='line_1_14' title="bbox 95 1378 1958 1460; baseline 0.004 -26"><span class='ocrx_word' id='word_1_91' title='bbox 95 1378 376 1436; x_wconf 83' lang='lat' dir='ltr'>Vitellius</span> <span class='ocrx_word' id='word_1_92' title='bbox 405 1399 583 1455; x_wconf 87' lang='lat' dir='ltr'>quam</span> <span class='ocrx_word' id='word_1_93' title='bbox 611 1379 733 1456; x_wconf 87' lang='lat' dir='ltr'>ipse</span> <span class='ocrx_word' id='word_1_94' title='bbox 757 1386 1035 1448; x_wconf 83' lang='lat' dir='ltr'>cesserat,</span> <span class='ocrx_word' id='word_1_95' title='bbox 1090 1378 1459 1437; x_wconf 86' lang='lat' dir='ltr'>incruentam</span> <span class='ocrx_word' id='word_1_96' title='bbox 1494 1382 1707 1438; x_wconf 89' lang='lat' dir='ltr'>urbem</span> <span class='ocrx_word' id='word_1_97' title='bbox 1731 1379 1958 1460; x_wconf 88' lang='lat' dir='ltr'>Vespa-</span> 
     </span>
     <span class='ocr_line' id='line_1_15' title="bbox 98 1461 1954 1543; baseline 0.004 -23"><span class='ocrx_word' id='word_1_98' title='bbox 98 1464 252 1521; x_wconf 89' lang='lat' dir='ltr'>siani</span> <span class='ocrx_word' id='word_1_99' title='bbox 288 1465 573 1521; x_wconf 88' lang='lat' dir='ltr'>exercitus</span> <span class='ocrx_word' id='word_1_100' title='bbox 613 1464 905 1523; x_wconf 85' lang='lat' dir='ltr'>intrasset.</span> <span class='ocrx_word' id='word_1_101' title='bbox 1001 1461 1281 1521; x_wconf 89' lang='lat' dir='ltr'>Ceterum</span> <span class='ocrx_word' id='word_1_102' title='bbox 1317 1476 1386 1522; x_wconf 87' lang='lat' dir='ltr'>ut</span> <span class='ocrx_word' id='word_1_103' title='bbox 1419 1467 1667 1543; x_wconf 88' lang='lat' dir='ltr'>quisque</span> <span class='ocrx_word' id='word_1_104' title='bbox 1705 1465 1954 1528; x_wconf 85' lang='lat' dir='ltr'>Vitellio</span> 
     </span>
     <span class='ocr_line' id='line_1_16' title="bbox 95 1548 1955 1624; baseline 0.003 -18"><span class='ocrx_word' id='word_1_105' title='bbox 95 1549 248 1606; x_wconf 89' lang='lat' dir='ltr'>fidus</span> <span class='ocrx_word' id='word_1_106' title='bbox 290 1549 370 1606; x_wconf 89' lang='lat' dir='ltr'>ita</span> <span class='ocrx_word' id='word_1_107' title='bbox 411 1569 614 1624; x_wconf 85' lang='lat' dir='ltr'>pacem</span> <span class='ocrx_word' id='word_1_108' title='bbox 652 1561 710 1606; x_wconf 87' lang='lat' dir='ltr'>et</span> <span class='ocrx_word' id='word_1_109' title='bbox 745 1548 1116 1605; x_wconf 88' lang='lat' dir='ltr'>conditiones</span> <span class='ocrx_word' id='word_1_110' title='bbox 1152 1549 1493 1609; x_wconf 86' lang='lat' dir='ltr'>abnuebant</span> <span class='ocrx_word' id='word_1_111' title='bbox 1530 1552 1849 1610; x_wconf 89' lang='lat' dir='ltr'>discrimen</span> <span class='ocrx_word' id='word_1_112' title='bbox 1886 1575 1955 1612; x_wconf 92' lang='lat' dir='ltr'>ac</span> 
     </span>
     <span class='ocr_line' id='line_1_17' title="bbox 96 1630 1954 1698; baseline 0.003 -7"><span class='ocrx_word' id='word_1_113' title='bbox 96 1635 345 1692; x_wconf 87' lang='lat' dir='ltr'>dedecus</span> <span class='ocrx_word' id='word_1_114' title='bbox 383 1630 740 1691; x_wconf 82' lang='lat' dir='ltr'>ostentantes</span> <span class='ocrx_word' id='word_1_115' title='bbox 775 1645 832 1690; x_wconf 88' lang='lat' dir='ltr'>et</span> <span class='ocrx_word' id='word_1_116' title='bbox 863 1633 1038 1689; x_wconf 90' lang='lat' dir='ltr'>fidem</span> <span class='ocrx_word' id='word_1_117' title='bbox 1087 1635 1151 1690; x_wconf 92' lang='lat' dir='ltr'>in</span> <span class='ocrx_word' id='word_1_118' title='bbox 1200 1635 1455 1693; x_wconf 87' lang='lat' dir='ltr'>libidine</span> <span class='ocrx_word' id='word_1_119' title='bbox 1498 1637 1757 1698; x_wconf 82' lang='lat' dir='ltr'>victoris,</span> <span class='ocrx_word' id='word_1_120' title='bbox 1843 1658 1954 1697; x_wconf 91' lang='lat' dir='ltr'>nec</span> 
     </span>
     <span class='ocr_line' id='line_1_18' title="bbox 94 1717 1954 1797; baseline 0.003 -21"><span class='ocrx_word' id='word_1_121' title='bbox 94 1730 317 1778; x_wconf 89' lang='lat' dir='ltr'>tantam</span> <span class='ocrx_word' id='word_1_122' title='bbox 353 1717 714 1795; x_wconf 89' lang='lat' dir='ltr'>Vespasiano</span> <span class='ocrx_word' id='word_1_123' title='bbox 761 1719 1129 1794; x_wconf 88' lang='lat' dir='ltr'>superbiam,</span> <span class='ocrx_word' id='word_1_124' title='bbox 1193 1731 1260 1777; x_wconf 85' lang='lat' dir='ltr'>ut</span> <span class='ocrx_word' id='word_1_125' title='bbox 1302 1721 1604 1797; x_wconf 89' lang='lat' dir='ltr'>privatum</span> <span class='ocrx_word' id='word_1_126' title='bbox 1640 1721 1954 1783; x_wconf 89' lang='lat' dir='ltr'>Vitellium</span> 
     </span>
    </p>
   </div>
   <div class='ocr_carea' id='block_1_6' title="bbox 1052 1939 1968 2232">
    <p class='ocr_par' dir='ltr' id='par_1_7' title="bbox 1052 1939 1968 2232">
     <span class='ocr_line' id='line_1_19' title="bbox 1055 1939 1952 1997; baseline 0.01 -16"><span class='ocrx_word' id='word_1_127' title='bbox 1055 1939 1140 1982; x_wconf 89' lang='lat' dir='ltr'>Ies.</span> <span class='ocrx_word' id='word_1_128' title='bbox 1175 1942 1272 1982; x_wconf 85' lang='lat' dir='ltr'>duo</span> <span class='ocrx_word' id='word_1_129' title='bbox 1302 1956 1386 1997; x_wconf 84' lang='lat' dir='ltr'>pro</span> <span class='ocrx_word' id='word_1_130' title='bbox 1420 1942 1558 1985; x_wconf 79' lang='lat' dir='ltr'>duos.</span> <span class='ocrx_word' id='word_1_131' title='bbox 1627 1942 1683 1986; x_wconf 78' lang='lat' dir='ltr'>ln</span> <span class='ocrx_word' id='word_1_132' title='bbox 1722 1943 1952 1990; x_wconf 66' lang='lat' dir='ltr'>vocabulis</span> 
     </span>
     <span class='ocr_line' id='line_1_20' title="bbox 1057 1997 1953 2064; baseline 0.008 -25"><span class='ocrx_word' id='word_1_133' title='bbox 1057 1997 1268 2064; x_wconf 54' lang='lat' dir='ltr'>Cfuyium</span> <span class='ocrx_word' id='word_1_134' title='bbox 1298 1999 1481 2056; x_wconf 81' lang='lat' dir='ltr'>Rufum</span> <span class='ocrx_word' id='word_1_135' title='bbox 1511 1997 1615 2042; x_wconf 81' lang='lat' dir='ltr'>libri</span> <span class='ocrx_word' id='word_1_136' title='bbox 1649 1999 1855 2052; x_wconf 74' lang='lat' dir='ltr'>variant,</span> <span class='ocrx_word' id='word_1_137' title='bbox 1899 2011 1953 2046; x_wconf 82' lang='lat' dir='ltr'>ut</span> 
     </span>
     <span class='ocr_line' id='line_1_21' title="bbox 1052 2055 1946 2175; baseline 0.008 -21"><span class='ocrx_word' id='word_1_138' title='bbox 1052 2055 1325 2166; x_wconf 44' lang='lat' dir='ltr'>ange-gener.</span> <span class='ocrx_word' id='word_1_139' title='bbox 1396 2112 1500 2157; x_wconf 91' lang='lat' dir='ltr'>MS.</span> <span class='ocrx_word' id='word_1_140' title='bbox 1538 2112 1694 2159; x_wconf 81' lang='lat' dir='ltr'>Guelf.</span> <span class='ocrx_word' id='word_1_141' title='bbox 1735 2119 1946 2175; x_wconf 75' lang='lat' dir='ltr'>deneger,</span> 
     </span>
     <span class='ocr_line' id='line_1_22' title="bbox 1052 2168 1968 2232; baseline 0.009 -21"><span class='ocrx_word' id='word_1_142' title='bbox 1052 2176 1096 2210; x_wconf 88' lang='lat' dir='ltr'>et</span> <span class='ocrx_word' id='word_1_143' title='bbox 1126 2169 1191 2212; x_wconf 81' lang='lat' dir='ltr'>sic</span> <span class='ocrx_word' id='word_1_144' title='bbox 1220 2170 1340 2213; x_wconf 87' lang='lat' dir='ltr'>idem</span> <span class='ocrx_word' id='word_1_145' title='bbox 1369 2168 1486 2215; x_wconf 88' lang='lat' dir='ltr'>liber</span> <span class='ocrx_word' id='word_1_146' title='bbox 1514 2171 1604 2215; x_wconf 86' lang='lat' dir='ltr'>alio</span> <span class='ocrx_word' id='word_1_147' title='bbox 1628 2171 1734 2218; x_wconf 86' lang='lat' dir='ltr'>loco</span> <span class='ocrx_word' id='word_1_148' title='bbox 1756 2189 1841 2232; x_wconf 79' lang='lat' dir='ltr'>pro</span> <span class='ocrx_word' id='word_1_149' title='bbox 1864 2178 1968 2218; x_wconf 78' lang='lat' dir='ltr'>de·-</span> 
     </span>
    </p>
   </div>
   <div class='ocr_carea' id='block_1_7' title="bbox 87 1937 982 2225">
    <p class='ocr_par' dir='ltr' id='par_1_8' title="bbox 87 1937 982 2225">
     <span class='ocr_line' id='line_1_23' title="bbox 91 1937 982 1993; baseline -0.002 -11"><span class='ocrx_word' id='word_1_150' title='bbox 91 1937 221 1984; x_wconf 66' lang='lat' dir='ltr'>Picta.</span> <span class='ocrx_word' id='word_1_151' title='bbox 272 1953 296 1982; x_wconf 84' lang='lat' dir='ltr'>e</span> <span class='ocrx_word' id='word_1_152' title='bbox 342 1939 565 1993; x_wconf 81' lang='lat' dir='ltr'>praevisa</span> <span class='ocrx_word' id='word_1_153' title='bbox 614 1937 762 1982; x_wconf 82' lang='lat' dir='ltr'>secere</span> <span class='ocrx_word' id='word_1_154' title='bbox 806 1952 982 1992; x_wconf 86' lang='lat' dir='ltr'>parum</span> 
     </span>
     <span class='ocr_line' id='line_1_24' title="bbox 91 1993 981 2055; baseline 0.001 -17"><span class='ocrx_word' id='word_1_155' title='bbox 91 1997 208 2040; x_wconf 76' lang='lat' dir='ltr'>visa.</span> <span class='ocrx_word' id='word_1_156' title='bbox 269 1995 358 2040; x_wconf 86' lang='lat' dir='ltr'>Sed</span> <span class='ocrx_word' id='word_1_157' title='bbox 387 2012 544 2055; x_wconf 88' lang='lat' dir='ltr'>parum</span> <span class='ocrx_word' id='word_1_158' title='bbox 579 2003 718 2039; x_wconf 84' lang='lat' dir='ltr'>recte.</span> <span class='ocrx_word' id='word_1_159' title='bbox 776 1993 884 2040; x_wconf 89' lang='lat' dir='ltr'>Vid.</span> <span class='ocrx_word' id='word_1_160' title='bbox 916 1996 981 2039; x_wconf 92' lang='lat' dir='ltr'>ib.</span> 
     </span>
     <span class='ocr_line' id='line_1_25' title="bbox 91 2052 979 2099; baseline -0.001 -3"><span class='ocrx_word' id='word_1_161' title='bbox 91 2062 188 2099; x_wconf 90' lang='lat' dir='ltr'>not.</span> <span class='ocrx_word' id='word_1_162' title='bbox 243 2052 302 2097; x_wconf 87' lang='lat' dir='ltr'>Et</span> <span class='ocrx_word' id='word_1_163' title='bbox 331 2069 389 2097; x_wconf 89' lang='lat' dir='ltr'>ne</span> <span class='ocrx_word' id='word_1_164' title='bbox 420 2053 629 2097; x_wconf 80' lang='lat' dir='ltr'>convenit</span> <span class='ocrx_word' id='word_1_165' title='bbox 689 2052 839 2095; x_wconf 87' lang='lat' dir='ltr'>uidem</span> <span class='ocrx_word' id='word_1_166' title='bbox 860 2067 979 2099; x_wconf 72' lang='lat' dir='ltr'>vcon·</span> 
     </span>
     <span class='ocr_line' id='line_1_26' title="bbox 88 2069 981 2169; baseline -0.001 -15"><span class='ocrx_word' id='word_1_167' title='bbox 88 2111 223 2159; x_wconf 85' lang='lat' dir='ltr'>textui</span> <span class='ocrx_word' id='word_1_168' title='bbox 240 2110 340 2169; x_wconf 87' lang='lat' dir='ltr'>Bip.</span> <span class='ocrx_word' id='word_1_169' title='bbox 366 2111 608 2168; x_wconf 88' lang='lat' dir='ltr'>scriptura.</span> <span class='ocrx_word' id='word_1_170' title='bbox 656 2069 783 2153; x_wconf 47' lang='lat' dir='ltr'>(llam</span> <span class='ocrx_word' id='word_1_171' title='bbox 798 2109 981 2153; x_wconf 82' lang='lat' dir='ltr'>Tacitus</span> 
     </span>
     <span class='ocr_line' id='line_1_27' title="bbox 87 2165 978 2225; baseline -0.001 -14"><span class='ocrx_word' id='word_1_172' title='bbox 87 2169 134 2211; x_wconf 86' lang='lat' dir='ltr'>in</span> <span class='ocrx_word' id='word_1_173' title='bbox 159 2184 214 2211; x_wconf 90' lang='lat' dir='ltr'>eo</span> <span class='ocrx_word' id='word_1_174' title='bbox 235 2177 323 2220; x_wconf 86' lang='lat' dir='ltr'>est,</span> <span class='ocrx_word' id='word_1_175' title='bbox 352 2177 403 2211; x_wconf 90' lang='lat' dir='ltr'>ut</span> <span class='ocrx_word' id='word_1_176' title='bbox 425 2169 584 2212; x_wconf 85' lang='lat' dir='ltr'>doceat</span> <span class='ocrx_word' id='word_1_177' title='bbox 603 2174 820 2225; x_wconf 84' lang='lat' dir='ltr'>quantum</span> <span class='ocrx_word' id='word_1_178' title='bbox 847 2165 978 2210; x_wconf 83' lang='lat' dir='ltr'>Sabi-</span> 
     </span>
    </p>
   </div>
   <div class='ocr_carea' id='block_1_8' title="bbox 82 2224 983 2623">
    <p class='ocr_par' dir='ltr' id='par_1_9' title="bbox 82 2224 983 2623">
     <span class='ocr_line' id='line_1_28' title="bbox 87 2224 983 2284; baseline -0.001 -16"><span class='ocrx_word' id='word_1_179' title='bbox 87 2240 174 2269; x_wconf 86' lang='lat' dir='ltr'>nus</span> <span class='ocrx_word' id='word_1_180' title='bbox 194 2225 385 2284; x_wconf 86' lang='lat' dir='ltr'>pecunia</span> <span class='ocrx_word' id='word_1_181' title='bbox 409 2224 598 2268; x_wconf 79' lang='lat' dir='ltr'>fratrem</span> <span class='ocrx_word' id='word_1_182' title='bbox 622 2224 881 2275; x_wconf 83' lang='lat' dir='ltr'>anteiverit‚</span> <span class='ocrx_word' id='word_1_183' title='bbox 917 2224 983 2267; x_wconf 89' lang='lat' dir='ltr'>id-</span> 
     </span>
     <span class='ocr_line' id='line_1_29' title="bbox 86 2281 982 2342; baseline -0.001 -16"><span class='ocrx_word' id='word_1_184' title='bbox 86 2297 172 2341; x_wconf 88' lang='lat' dir='ltr'>que</span> <span class='ocrx_word' id='word_1_185' title='bbox 202 2282 490 2342; x_wconf 79' lang='lat' dir='ltr'>cognoscitur</span> <span class='ocrx_word' id='word_1_186' title='bbox 522 2299 546 2325; x_wconf 89' lang='lat' dir='ltr'>e</span> <span class='ocrx_word' id='word_1_187' title='bbox 570 2281 783 2339; x_wconf 83' lang='lat' dir='ltr'>praestito</span> <span class='ocrx_word' id='word_1_188' title='bbox 818 2281 982 2326; x_wconf 88' lang='lat' dir='ltr'>auxilio</span> 
     </span>
     <span class='ocr_line' id='line_1_30' title="bbox 84 2338 982 2407; baseline -0.003 -23"><span class='ocrx_word' id='word_1_189' title='bbox 84 2341 234 2407; x_wconf 78' lang='lat' dir='ltr'>potius</span> <span class='ocrx_word' id='word_1_190' title='bbox 266 2356 402 2398; x_wconf 88' lang='lat' dir='ltr'>quam</span> <span class='ocrx_word' id='word_1_191' title='bbox 438 2340 672 2397; x_wconf 82' lang='lat' dir='ltr'>denegato.</span> <span class='ocrx_word' id='word_1_192' title='bbox 731 2338 885 2396; x_wconf 86' lang='lat' dir='ltr'>Turpe</span> <span class='ocrx_word' id='word_1_193' title='bbox 916 2346 982 2382; x_wconf 86' lang='lat' dir='ltr'>est</span> 
     </span>
     <span class='ocr_line' id='line_1_31' title="bbox 84 2395 979 2456; baseline 0 -16"><span class='ocrx_word' id='word_1_194' title='bbox 84 2413 135 2440; x_wconf 73' lang='lat' dir='ltr'>nn</span> <span class='ocrx_word' id='word_1_195' title='bbox 168 2413 222 2440; x_wconf 89' lang='lat' dir='ltr'>eo</span> <span class='ocrx_word' id='word_1_196' title='bbox 255 2397 378 2456; x_wconf 88' lang='lat' dir='ltr'>quod</span> <span class='ocrx_word' id='word_1_197' title='bbox 414 2397 552 2440; x_wconf 85' lang='lat' dir='ltr'>frater</span> <span class='ocrx_word' id='word_1_198' title='bbox 584 2413 607 2439; x_wconf 90' lang='lat' dir='ltr'>a</span> <span class='ocrx_word' id='word_1_199' title='bbox 644 2396 783 2440; x_wconf 81' lang='lat' dir='ltr'>fratre</span> <span class='ocrx_word' id='word_1_200' title='bbox 816 2395 979 2454; x_wconf 85' lang='lat' dir='ltr'>pignus</span> 
     </span>
     <span class='ocr_line' id='line_1_32' title="bbox 84 2452 978 2513; baseline -0.002 -14"><span class='ocrx_word' id='word_1_201' title='bbox 84 2454 271 2513; x_wconf 81' lang='lat' dir='ltr'>accepit.</span> <span class='ocrx_word' id='word_1_202' title='bbox 360 2454 506 2498; x_wconf 86' lang='lat' dir='ltr'>Habet</span> <span class='ocrx_word' id='word_1_203' title='bbox 563 2452 732 2498; x_wconf 83' lang='lat' dir='ltr'>Noster</span> <span class='ocrx_word' id='word_1_204' title='bbox 793 2453 978 2511; x_wconf 87' lang='lat' dir='ltr'>propria</span> 
     </span>
     <span class='ocr_line' id='line_1_33' title="bbox 83 2509 977 2570; baseline -0.002 -15"><span class='ocrx_word' id='word_1_205' title='bbox 83 2511 329 2570; x_wconf 79' lang='lat' dir='ltr'>quaedam,</span> <span class='ocrx_word' id='word_1_206' title='bbox 355 2520 406 2556; x_wconf 87' lang='lat' dir='ltr'>ut</span> <span class='ocrx_word' id='word_1_207' title='bbox 430 2509 562 2557; x_wconf 81' lang='lat' dir='ltr'>facile</span> <span class='ocrx_word' id='word_1_208' title='bbox 589 2510 732 2555; x_wconf 88' lang='lat' dir='ltr'>eidem</span> <span class='ocrx_word' id='word_1_209' title='bbox 760 2509 977 2555; x_wconf 87' lang='lat' dir='ltr'>conceda·</span> 
     </span>
     <span class='ocr_line' id='line_1_34' title="bbox 82 2566 978 2623; baseline -0.003 -11"><span class='ocrx_word' id='word_1_210' title='bbox 82 2583 183 2612; x_wconf 80' lang='lat' dir='ltr'>mus</span> <span class='ocrx_word' id='word_1_211' title='bbox 209 2569 399 2614; x_wconf 87' lang='lat' dir='ltr'>verbum</span> <span class='ocrx_word' id='word_1_212' title='bbox 418 2570 700 2623; x_wconf 75' lang='lat' dir='ltr'>praeinvare</span> <span class='ocrx_word' id='word_1_213' title='bbox 721 2566 893 2610; x_wconf 84' lang='lat' dir='ltr'>sactum</span> <span class='ocrx_word' id='word_1_214' title='bbox 921 2567 978 2612; x_wconf 88' lang='lat' dir='ltr'>ad</span> 
     </span>
    </p>
   </div>
   <div class='ocr_carea' id='block_1_9' title="bbox 72 2625 977 3332">
    <p class='ocr_par' dir='ltr' id='par_1_10' title="bbox 80 2625 977 2727">
     <span class='ocr_line' id='line_1_35' title="bbox 81 2625 977 2686; baseline 0 -18"><span class='ocrx_word' id='word_1_215' title='bbox 81 2625 422 2670; x_wconf 84' lang='lat' dir='ltr'>similitudinem</span> <span class='ocrx_word' id='word_1_216' title='bbox 442 2625 570 2686; x_wconf 73' lang='lat' dir='ltr'>verbi</span> <span class='ocrx_word' id='word_1_217' title='bbox 596 2625 745 2682; x_wconf 82' lang='lat' dir='ltr'>graeci</span> <span class='ocrx_word' id='word_1_218' title='bbox 772 2629 977 2685; x_wconf 81' lang='grc' dir='ltr'><em>προβοη-</em></span> 
     </span>
     <span class='ocr_line' id='line_1_36' title="bbox 80 2686 203 2727; baseline 0.008 -1"><span class='ocrx_word' id='word_1_219' title='bbox 80 2686 203 2727; x_wconf 80' lang='grc' dir='ltr'><strong>θεῖν.</strong></span> 
     </span>
    </p>

    <p class='ocr_par' dir='ltr' id='par_1_11' title="bbox 76 2737 975 3084">
     <span class='ocr_line' id='line_1_37' title="bbox 139 2737 975 2795; baseline 0 -13"><span class='ocrx_word' id='word_1_220' title='bbox 139 2740 426 2795; x_wconf 83' lang='lat' dir='ltr'>offensarum</span> <span class='ocrx_word' id='word_1_221' title='bbox 465 2748 643 2795; x_wconf 84' lang='lat' dir='ltr'>operta.</span> <span class='ocrx_word' id='word_1_222' title='bbox 722 2739 800 2785; x_wconf 87' lang='lat' dir='ltr'>Sic</span> <span class='ocrx_word' id='word_1_223' title='bbox 836 2737 975 2785; x_wconf 85' lang='lat' dir='ltr'><strong>MSS.</strong></span> 
     </span>
     <span class='ocr_line' id='line_1_38' title="bbox 79 2795 974 2854; baseline 0.001 -14"><span class='ocrx_word' id='word_1_224' title='bbox 79 2797 206 2842; x_wconf 83' lang='lat' dir='ltr'>Flor.</span> <span class='ocrx_word' id='word_1_225' title='bbox 226 2800 340 2852; x_wconf 87' lang='lat' dir='ltr'>(test.</span> <span class='ocrx_word' id='word_1_226' title='bbox 363 2795 502 2854; x_wconf 83' lang='lat' dir='ltr'>vict.)</span> <span class='ocrx_word' id='word_1_227' title='bbox 527 2797 709 2848; x_wconf 73' lang='lat' dir='ltr'>Fax-nes.</span> <span class='ocrx_word' id='word_1_228' title='bbox 732 2797 834 2841; x_wconf 87' lang='lat' dir='ltr'>edd.</span> <span class='ocrx_word' id='word_1_229' title='bbox 854 2796 974 2854; x_wconf 78' lang='lat' dir='ltr'>Spir-</span> 
     </span>
     <span class='ocr_line' id='line_1_39' title="bbox 77 2854 974 2913; baseline -0.004 -13"><span class='ocrx_word' id='word_1_230' title='bbox 77 2855 199 2913; x_wconf 79' lang='lat' dir='ltr'>Lips.</span> <span class='ocrx_word' id='word_1_231' title='bbox 225 2854 384 2909; x_wconf 75' lang='lat'>(1574.)</span> <span class='ocrx_word' id='word_1_232' title='bbox 415 2869 518 2912; x_wconf 89' lang='lat' dir='ltr'>sqq.</span> <span class='ocrx_word' id='word_1_233' title='bbox 560 2878 617 2891; x_wconf 85' lang='lat'>--</span> <span class='ocrx_word' id='word_1_234' title='bbox 676 2855 974 2909; x_wconf 83' lang='lat' dir='ltr'>offensarum</span> 
     </span>
     <span class='ocr_line' id='line_1_40' title="bbox 78 2910 973 2968; baseline 0.001 -15"><span class='ocrx_word' id='word_1_235' title='bbox 78 2926 224 2967; x_wconf 81' lang='lat' dir='ltr'>opera</span> <span class='ocrx_word' id='word_1_236' title='bbox 245 2911 378 2956; x_wconf 88' lang='lat' dir='ltr'>MSS.</span> <span class='ocrx_word' id='word_1_237' title='bbox 402 2910 553 2954; x_wconf 87' lang='lat' dir='ltr'>Guelf.</span> <span class='ocrx_word' id='word_1_238' title='bbox 585 2912 665 2967; x_wconf 84' lang='lat' dir='ltr'>(ibi</span> <span class='ocrx_word' id='word_1_239' title='bbox 698 2914 818 2968; x_wconf 58' lang='lat'><em>0290)</em></span> <span class='ocrx_word' id='word_1_240' title='bbox 841 2912 973 2957; x_wconf 87' lang='lat' dir='ltr'>Bodl.</span> 
     </span>
     <span class='ocr_line' id='line_1_41' title="bbox 76 2967 970 3018; baseline 0 -6"><span class='ocrx_word' id='word_1_241' title='bbox 76 2969 164 3012; x_wconf 86' lang='lat' dir='ltr'>les.</span> <span class='ocrx_word' id='word_1_242' title='bbox 198 2967 315 3018; x_wconf 85' lang='lat' dir='ltr'>Bud.</span> <span class='ocrx_word' id='word_1_243' title='bbox 350 2968 450 3012; x_wconf 89' lang='lat' dir='ltr'>edd.</span> <span class='ocrx_word' id='word_1_244' title='bbox 485 2968 588 3013; x_wconf 88' lang='lat' dir='ltr'>Put.</span> <span class='ocrx_word' id='word_1_245' title='bbox 622 2970 688 3014; x_wconf 90' lang='lat' dir='ltr'>M.</span> <span class='ocrx_word' id='word_1_246' title='bbox 715 2978 758 3013; x_wconf 84' lang='lat' dir='ltr'>et</span> <span class='ocrx_word' id='word_1_247' title='bbox 780 2968 841 3015; x_wconf 79' lang='lat' dir='ltr'>V.</span> <span class='ocrx_word' id='word_1_248' title='bbox 863 2969 970 3013; x_wconf 83' lang='lat' dir='ltr'>Ber.</span> 
     </span>
     <span class='ocr_line' id='line_1_42' title="bbox 80 3023 494 3084; baseline -0.002 -14"><span class='ocrx_word' id='word_1_249' title='bbox 80 3041 178 3084; x_wconf 71' lang='lat' dir='ltr'>sqq.</span> <span class='ocrx_word' id='word_1_250' title='bbox 198 3026 252 3069; x_wconf 90' lang='lat' dir='ltr'>ad</span> <span class='ocrx_word' id='word_1_251' title='bbox 275 3023 494 3082; x_wconf 84' lang='lat' dir='ltr'>Lipsium.</span> 
     </span>
    </p>

    <p class='ocr_par' dir='ltr' id='par_1_12' title="bbox 72 3093 969 3208">
     <span class='ocr_line' id='line_1_43' title="bbox 131 3093 969 3154; baseline 0.002 -16"><span class='ocrx_word' id='word_1_252' title='bbox 131 3111 164 3138; x_wconf 83' lang='lat' dir='ltr'>a</span> <span class='ocrx_word' id='word_1_253' title='bbox 191 3095 440 3149; x_wconf 77' lang='lat' dir='ltr'>sanguine.</span> <span class='ocrx_word' id='word_1_254' title='bbox 497 3094 584 3139; x_wconf 90' lang='lat' dir='ltr'>Ed.</span> <span class='ocrx_word' id='word_1_255' title='bbox 616 3093 740 3154; x_wconf 88' lang='lat' dir='ltr'>Spir.</span> <span class='ocrx_word' id='word_1_256' title='bbox 776 3102 823 3139; x_wconf 81' lang='lat' dir='ltr'>et</span> <span class='ocrx_word' id='word_1_257' title='bbox 852 3109 969 3140; x_wconf 79' lang='lat' dir='ltr'>san-</span> 
     </span>
     <span class='ocr_line' id='line_1_44' title="bbox 72 3154 229 3208; baseline -0.006 -12"><span class='ocrx_word' id='word_1_258' title='bbox 72 3154 229 3208; x_wconf 70' lang='lat' dir='ltr'>gaiae.</span> 
     </span>
    </p>

    <p class='ocr_par' dir='ltr' id='par_1_13' title="bbox 72 3223 970 3332">
     <span class='ocr_line' id='line_1_45' title="bbox 125 3223 970 3284; baseline 0.006 -18"><span class='ocrx_word' id='word_1_259' title='bbox 125 3237 215 3280; x_wconf 86' lang='lat' dir='ltr'>per·</span> <span class='ocrx_word' id='word_1_260' title='bbox 236 3224 566 3267; x_wconf 80' lang='lat' dir='ltr'>conditionem.</span> <span class='ocrx_word' id='word_1_261' title='bbox 623 3223 725 3269; x_wconf 88' lang='lat' dir='ltr'>MS.</span> <span class='ocrx_word' id='word_1_262' title='bbox 745 3224 860 3284; x_wconf 84' lang='lat' dir='ltr'>Agr.</span> <span class='ocrx_word' id='word_1_263' title='bbox 880 3241 970 3282; x_wconf 83' lang='lat' dir='ltr'>per</span> 
     </span>
     <span class='ocr_line' id='line_1_46' title="bbox 72 3281 374 3332; baseline 0.003 -8"><span class='ocrx_word' id='word_1_264' title='bbox 72 3281 374 3332; x_wconf 76' lang='lat' dir='ltr'>conditiones.</span> 
     </span>
    </p>
   </div>
   <div class='ocr_carea' id='block_1_10' title="bbox 73 3349 962 3546">
    <p class='ocr_par' dir='ltr' id='par_1_14' title="bbox 73 3349 962 3546">
     <span class='ocr_line' id='line_1_47' title="bbox 127 3349 884 3406; baseline 0.004 -12"><span class='ocrx_word' id='word_1_265' title='bbox 127 3349 330 3406; x_wconf 68' lang='lat' dir='ltr'>agitat-52.</span> <span class='ocrx_word' id='word_1_266' title='bbox 387 3350 490 3394; x_wconf 86' lang='lat' dir='ltr'>MS.</span> <span class='ocrx_word' id='word_1_267' title='bbox 518 3349 634 3395; x_wconf 87' lang='lat' dir='ltr'>Bud.</span> <span class='ocrx_word' id='word_1_268' title='bbox 667 3354 884 3405; x_wconf 75' lang='lat' dir='ltr'>cogitare.</span> 
     </span>
     <span class='ocr_line' id='line_1_48' title="bbox 127 3421 962 3480; baseline 0.007 -17"><span class='ocrx_word' id='word_1_269' title='bbox 127 3423 274 3465; x_wconf 79' lang='lat' dir='ltr'>verba</span> <span class='ocrx_word' id='word_1_270' title='bbox 291 3436 527 3478; x_wconf 79' lang='lat' dir='ltr'>vocesque.</span> <span class='ocrx_word' id='word_1_271' title='bbox 585 3421 866 3480; x_wconf 85' lang='lat' dir='ltr'>Synonyma.</span> <span class='ocrx_word' id='word_1_272' title='bbox 903 3424 962 3470; x_wconf 83' lang='lat' dir='ltr'>cf.</span> 
     </span>
     <span class='ocr_line' id='line_1_49' title="bbox 73 3477 961 3546; baseline 0.006 -25"><span class='ocrx_word' id='word_1_273' title='bbox 73 3477 205 3523; x_wconf 87' lang='lat' dir='ltr'>Roth.</span> <span class='ocrx_word' id='word_1_274' title='bbox 240 3493 288 3546; x_wconf 86' lang='lat' dir='ltr'>p.</span> <span class='ocrx_word' id='word_1_275' title='bbox 315 3479 357 3522; x_wconf 90' lang='lat'>9.</span> <span class='ocrx_word' id='word_1_276' title='bbox 419 3479 526 3522; x_wconf 80' lang='lat' dir='ltr'>Duo</span> <span class='ocrx_word' id='word_1_277' title='bbox 559 3480 679 3522; x_wconf 87' lang='lat' dir='ltr'>enim</span> <span class='ocrx_word' id='word_1_278' title='bbox 713 3490 961 3536; x_wconf 78' lang='lat' dir='ltr'>ponuntur,</span> 
     </span>
    </p>
   </div>
   <div class='ocr_carea' id='block_1_11' title="bbox 72 3535 959 3652">
    <p class='ocr_par' dir='ltr' id='par_1_15' title="bbox 72 3535 959 3652">
     <span class='ocr_line' id='line_1_50' title="bbox 74 3535 959 3596; baseline 0.005 -17"><span class='ocrx_word' id='word_1_279' title='bbox 74 3543 123 3579; x_wconf 88' lang='lat' dir='ltr'>ut</span> <span class='ocrx_word' id='word_1_280' title='bbox 146 3535 395 3594; x_wconf 74' lang='lat' dir='ltr'>significent</span> <span class='ocrx_word' id='word_1_281' title='bbox 418 3536 645 3595; x_wconf 86' lang='lat' dir='ltr'>proposita</span> <span class='ocrx_word' id='word_1_282' title='bbox 663 3544 707 3580; x_wconf 89' lang='lat' dir='ltr'>et</span> <span class='ocrx_word' id='word_1_283' title='bbox 739 3553 959 3596; x_wconf 73' lang='lat' dir='ltr'>responsa</span> 
     </span>
     <span class='ocr_line' id='line_1_51' title="bbox 72 3591 956 3652; baseline 0.007 -17"><span class='ocrx_word' id='word_1_284' title='bbox 72 3591 127 3635; x_wconf 84' lang='lat' dir='ltr'>ab</span> <span class='ocrx_word' id='word_1_285' title='bbox 160 3607 251 3636; x_wconf 79' lang='lat' dir='ltr'>una</span> <span class='ocrx_word' id='word_1_286' title='bbox 279 3601 321 3636; x_wconf 83' lang='lat' dir='ltr'>et</span> <span class='ocrx_word' id='word_1_287' title='bbox 351 3593 487 3638; x_wconf 84' lang='lat' dir='ltr'>altera</span> <span class='ocrx_word' id='word_1_288' title='bbox 521 3602 662 3652; x_wconf 78' lang='lat' dir='ltr'>parte.</span> <span class='ocrx_word' id='word_1_289' title='bbox 717 3594 826 3638; x_wconf 80' lang='lat' dir='ltr'>Mox</span> <span class='ocrx_word' id='word_1_290' title='bbox 854 3597 956 3641; x_wconf 89' lang='lat' dir='ltr'>MS.</span> 
     </span>
    </p>
   </div>
   <div class='ocr_carea' id='block_1_12' title="bbox 1052 2241 2008 2455">
    <p class='ocr_par' dir='ltr' id='par_1_16' title="bbox 1052 2241 2008 2455">
     <span class='ocr_line' id='line_1_52' title="bbox 1052 2241 2008 2346; baseline 0.012 -21"><span class='ocrx_word' id='word_1_291' title='bbox 1052 2241 1321 2337; x_wconf 54' lang='lat' dir='ltr'>gessffgbior.</span> <span class='ocrx_word' id='word_1_292' title='bbox 1410 2285 1512 2329; x_wconf 88' lang='lat' dir='ltr'>Ms.</span> <span class='ocrx_word' id='word_1_293' title='bbox 1555 2285 1675 2332; x_wconf 79' lang='lat' dir='ltr'><strong>Bud.</strong></span> <span class='ocrx_word' id='word_1_294' title='bbox 1715 2261 1974 2346; x_wconf 41' lang='lat' dir='ltr'>propr-abrs</span> <span class='ocrx_word' id='word_1_295' title='bbox 2006 2287 2008 2289; x_wconf 78' lang='grc'>’</span> 
     </span>
     <span class='ocr_line' id='line_1_53' title="bbox 1055 2341 1546 2387; baseline 0.002 -1"><span class='ocrx_word' id='word_1_296' title='bbox 1055 2342 1129 2386; x_wconf 79' lang='lat' dir='ltr'>vu!</span> <span class='ocrx_word' id='word_1_297' title='bbox 1164 2341 1228 2385; x_wconf 87' lang='lat' dir='ltr'>ari</span> <span class='ocrx_word' id='word_1_298' title='bbox 1258 2342 1546 2387; x_wconf 81' lang='lat' dir='ltr'>confusione.</span> 
     </span>
     <span class='ocr_line' id='line_1_54' title="bbox 1151 2399 1946 2455; baseline 0.013 -14"><span class='ocrx_word' id='word_1_299' title='bbox 1151 2411 1224 2442; x_wconf 78' lang='grc' dir='ltr'>ΑΡ.</span> <span class='ocrx_word' id='word_1_300' title='bbox 1245 2399 1318 2443; x_wconf 90' lang='grc'>66.</span> <span class='ocrx_word' id='word_1_301' title='bbox 1372 2415 1543 2455; x_wconf 84' lang='lat' dir='ltr'>pacem</span> <span class='ocrx_word' id='word_1_302' title='bbox 1565 2408 1610 2445; x_wconf 78' lang='lat' dir='ltr'>et</span> <span class='ocrx_word' id='word_1_303' title='bbox 1634 2405 1946 2454; x_wconf 71' lang='lat' dir='ltr'>condiciones.</span> 
     </span>
    </p>
   </div>
   <div class='ocr_carea' id='block_1_13' title="bbox 1039 2453 1810 2519">
    <p class='ocr_par' dir='ltr' id='par_1_17' title="bbox 1039 2453 1810 2519">
     <span class='ocr_line' id='line_1_55' title="bbox 1039 2453 1810 2519; baseline 0.01 -21"><span class='ocrx_word' id='word_1_304' title='bbox 1039 2453 1125 2499; x_wconf 72' lang='lat' dir='ltr'>“Eu</span> <span class='ocrx_word' id='word_1_305' title='bbox 1149 2455 1226 2499; x_wconf 74' lang='grc' dir='ltr'>διὰ</span> <span class='ocrx_word' id='word_1_306' title='bbox 1249 2456 1400 2502; x_wconf 78' lang='grc' dir='ltr'><strong>δυοῖν.</strong></span> <span class='ocrx_word' id='word_1_307' title='bbox 1431 2458 1489 2502; x_wconf 87' lang='lat' dir='ltr'>cf.</span> <span class='ocrx_word' id='word_1_308' title='bbox 1513 2458 1647 2504; x_wconf 88' lang='lat' dir='ltr'>Roth.</span> <span class='ocrx_word' id='word_1_309' title='bbox 1669 2477 1713 2519; x_wconf 90' lang='lat' dir='ltr'>p.</span> <span class='ocrx_word' id='word_1_310' title='bbox 1738 2461 1810 2507; x_wconf 78' lang='lat'>37.</span> 
     </span>
    </p>
   </div>
   <div class='ocr_carea' id='block_1_14' title="bbox 1030 2514 1982 3661">
    <p class='ocr_par' dir='ltr' id='par_1_18' title="bbox 1046 2514 1982 2801">
     <span class='ocr_line' id='line_1_56' title="bbox 1106 2514 1944 2567; baseline 0.014 -13"><span class='ocrx_word' id='word_1_311' title='bbox 1106 2514 1156 2555; x_wconf 85' lang='lat' dir='ltr'>in</span> <span class='ocrx_word' id='word_1_312' title='bbox 1180 2514 1379 2559; x_wconf 79' lang='lat' dir='ltr'>libidine.</span> <span class='ocrx_word' id='word_1_313' title='bbox 1404 2534 1408 2542; x_wconf 90' lang='lat'>·</span> <span class='ocrx_word' id='word_1_314' title='bbox 1437 2514 1514 2559; x_wconf 82' lang='lat' dir='ltr'>sie</span> <span class='ocrx_word' id='word_1_315' title='bbox 1539 2514 1644 2561; x_wconf 72' lang='lat' dir='ltr'>MS.</span> <span class='ocrx_word' id='word_1_316' title='bbox 1665 2518 1818 2563; x_wconf 86' lang='lat' dir='ltr'>Guelf.</span> <span class='ocrx_word' id='word_1_317' title='bbox 1842 2520 1944 2567; x_wconf 87' lang='lat' dir='ltr'>edd.</span> 
     </span>
     <span class='ocr_line' id='line_1_57' title="bbox 1048 2569 1946 2636; baseline 0.013 -25"><span class='ocrx_word' id='word_1_318' title='bbox 1048 2569 1153 2612; x_wconf 87' lang='lat' dir='ltr'>Put.</span> <span class='ocrx_word' id='word_1_319' title='bbox 1169 2571 1271 2614; x_wconf 84' lang='lat' dir='ltr'>Ber.</span> <span class='ocrx_word' id='word_1_320' title='bbox 1294 2572 1416 2626; x_wconf 90' lang='lat' dir='ltr'>(cum</span> <span class='ocrx_word' id='word_1_321' title='bbox 1439 2573 1584 2616; x_wconf 86' lang='lat' dir='ltr'>silent.</span> <span class='ocrx_word' id='word_1_322' title='bbox 1599 2573 1736 2632; x_wconf 80' lang='lat' dir='ltr'>vict.)</span> <span class='ocrx_word' id='word_1_323' title='bbox 1760 2592 1810 2636; x_wconf 90' lang='lat' dir='ltr'>sq</span> <span class='ocrx_word' id='word_1_324' title='bbox 1846 2610 1858 2622; x_wconf 94' lang='lat'><strong>.</strong></span> <span class='ocrx_word' id='word_1_325' title='bbox 1884 2602 1946 2616; x_wconf 71' lang='grc' dir='ltr'>-ι-</span> 
     </span>
     <span class='ocr_line' id='line_1_58' title="bbox 1048 2628 1943 2689; baseline 0.012 -19"><span class='ocrx_word' id='word_1_326' title='bbox 1048 2629 1096 2670; x_wconf 85' lang='lat' dir='ltr'>in</span> <span class='ocrx_word' id='word_1_327' title='bbox 1118 2628 1356 2671; x_wconf 81' lang='lat' dir='ltr'>libidinem</span> <span class='ocrx_word' id='word_1_328' title='bbox 1381 2630 1516 2674; x_wconf 86' lang='lat' dir='ltr'><strong>MSS.</strong></span> <span class='ocrx_word' id='word_1_329' title='bbox 1529 2630 1786 2689; x_wconf 85' lang='lat' dir='ltr'>Reg.Bodl.</span> <span class='ocrx_word' id='word_1_330' title='bbox 1843 2636 1943 2684; x_wconf 89' lang='lat' dir='ltr'>orb.</span> 
     </span>
     <span class='ocr_line' id='line_1_59' title="bbox 1047 2685 1982 2749; baseline 0.013 -23"><span class='ocrx_word' id='word_1_331' title='bbox 1047 2685 1118 2727; x_wconf 89' lang='lat' dir='ltr'>ed.</span> <span class='ocrx_word' id='word_1_332' title='bbox 1154 2685 1274 2743; x_wconf 85' lang='lat' dir='ltr'>Spir.</span> <span class='ocrx_word' id='word_1_333' title='bbox 1342 2686 1507 2731; x_wconf 79' lang='lat' dir='ltr'>Littera</span> <span class='ocrx_word' id='word_1_334' title='bbox 1547 2704 1595 2731; x_wconf 87' lang='lat' dir='ltr'>m</span> <span class='ocrx_word' id='word_1_335' title='bbox 1634 2700 1784 2734; x_wconf 88' lang='lat' dir='ltr'>exorta</span> <span class='ocrx_word' id='word_1_336' title='bbox 1814 2701 1943 2749; x_wconf 49' lang='lat' dir='ltr'>este</span> <span class='ocrx_word' id='word_1_337' title='bbox 1973 2710 1982 2717; x_wconf 78' lang='grc'><strong>“</strong></span> 
     </span>
     <span class='ocr_line' id='line_1_60' title="bbox 1046 2741 1882 2801; baseline 0.012 -16"><span class='ocrx_word' id='word_1_338' title='bbox 1046 2741 1217 2800; x_wconf 83' lang='lat' dir='ltr'>syllaba</span> <span class='ocrx_word' id='word_1_339' title='bbox 1239 2742 1382 2801; x_wconf 86' lang='lat' dir='ltr'>prima</span> <span class='ocrx_word' id='word_1_340' title='bbox 1403 2760 1449 2787; x_wconf 89' lang='lat' dir='ltr'>se</span> <span class='ocrx_word' id='word_1_341' title='bbox 1484 2746 1628 2790; x_wconf 87' lang='lat' dir='ltr'>uentis</span> <span class='ocrx_word' id='word_1_342' title='bbox 1651 2749 1882 2797; x_wconf 75' lang='lat' dir='ltr'>vocabuli.</span> 
     </span>
    </p>

    <p class='ocr_par' dir='ltr' id='par_1_19' title="bbox 1030 2804 1938 3661">
     <span class='ocr_line' id='line_1_61' title="bbox 1104 2804 1936 2858; baseline 0.016 -17"><span class='ocrx_word' id='word_1_343' title='bbox 1104 2814 1186 2842; x_wconf 81' lang='lat' dir='ltr'>nec</span> <span class='ocrx_word' id='word_1_344' title='bbox 1208 2806 1396 2843; x_wconf 81' lang='lat' dir='ltr'>tantam</span> <span class='ocrx_word' id='word_1_345' title='bbox 1465 2831 1478 2844; x_wconf 90' lang='lat'><strong>.</strong></span> <span class='ocrx_word' id='word_1_346' title='bbox 1499 2804 1778 2858; x_wconf 77' lang='lat' dir='ltr'>superbiam.</span> <span class='ocrx_word' id='word_1_347' title='bbox 1830 2807 1936 2853; x_wconf 84' lang='lat' dir='ltr'>MS.</span> 
     </span>
     <span class='ocr_line' id='line_1_62' title="bbox 1045 2855 1938 2919; baseline 0.015 -21"><span class='ocrx_word' id='word_1_348' title='bbox 1045 2855 1200 2899; x_wconf 86' lang='lat' dir='ltr'>Guelf.</span> <span class='ocrx_word' id='word_1_349' title='bbox 1234 2872 1317 2901; x_wconf 84' lang='lat' dir='ltr'>nec</span> <span class='ocrx_word' id='word_1_350' title='bbox 1349 2866 1482 2901; x_wconf 81' lang='lat' dir='ltr'>tanto</span> <span class='ocrx_word' id='word_1_351' title='bbox 1511 2875 1596 2919; x_wconf 87' lang='lat' dir='ltr'>pro</span> <span class='ocrx_word' id='word_1_352' title='bbox 1628 2876 1711 2906; x_wconf 80' lang='lat' dir='ltr'>nec</span> <span class='ocrx_word' id='word_1_353' title='bbox 1733 2870 1938 2915; x_wconf 78' lang='lat' dir='ltr'>tantam.</span> 
     </span>
     <span class='ocr_line' id='line_1_63' title="bbox 1044 2914 1935 2977; baseline 0.013 -20"><span class='ocrx_word' id='word_1_354' title='bbox 1044 2914 1263 2972; x_wconf 86' lang='lat' dir='ltr'>Superbia</span> <span class='ocrx_word' id='word_1_355' title='bbox 1299 2924 1364 2959; x_wconf 86' lang='lat' dir='ltr'>est</span> <span class='ocrx_word' id='word_1_356' title='bbox 1393 2915 1512 2966; x_wconf 88' lang='lat' dir='ltr'>eius,</span> <span class='ocrx_word' id='word_1_357' title='bbox 1553 2918 1632 2977; x_wconf 77' lang='lat' dir='ltr'>qvi</span> <span class='ocrx_word' id='word_1_358' title='bbox 1666 2918 1781 2965; x_wconf 75' lang='lat' dir='ltr'>alios</span> <span class='ocrx_word' id='word_1_359' title='bbox 1819 2939 1935 2968; x_wconf 87' lang='lat' dir='ltr'>con-</span> 
     </span>
     <span class='ocr_line' id='line_1_64' title="bbox 1042 2971 1938 3027; baseline 0.015 -13"><span class='ocrx_word' id='word_1_360' title='bbox 1042 2971 1201 3015; x_wconf 87' lang='lat' dir='ltr'>temnit</span> <span class='ocrx_word' id='word_1_361' title='bbox 1240 2980 1283 3015; x_wconf 88' lang='lat' dir='ltr'>et</span> <span class='ocrx_word' id='word_1_362' title='bbox 1319 2972 1445 3015; x_wconf 89' lang='lat' dir='ltr'>nihili</span> <span class='ocrx_word' id='word_1_363' title='bbox 1518 2991 1600 3018; x_wconf 83' lang='lat' dir='ltr'>rae·</span> <span class='ocrx_word' id='word_1_364' title='bbox 1634 2992 1682 3020; x_wconf 77' lang='lat' dir='ltr'>se</span> <span class='ocrx_word' id='word_1_365' title='bbox 1720 2980 1938 3027; x_wconf 85' lang='lat' dir='ltr'>aestimat.</span> 
     </span>
     <span class='ocr_line' id='line_1_65' title="bbox 1045 2991 1935 3098; baseline 0.013 -27"><span class='ocrx_word' id='word_1_366' title='bbox 1045 3028 1133 3072; x_wconf 86' lang='lat' dir='ltr'>Sed</span> <span class='ocrx_word' id='word_1_367' title='bbox 1165 3044 1257 3071; x_wconf 87' lang='lat' dir='ltr'>non</span> <span class='ocrx_word' id='word_1_368' title='bbox 1284 3037 1451 3073; x_wconf 85' lang='lat' dir='ltr'>tantam</span> <span class='ocrx_word' id='word_1_369' title='bbox 1473 2991 1560 3076; x_wconf 46' lang='lat' dir='ltr'>ges</span> <span class='ocrx_word' id='word_1_370' title='bbox 1593 3034 1745 3078; x_wconf 80' lang='lat' dir='ltr'>asiano</span> <span class='ocrx_word' id='word_1_371' title='bbox 1771 3053 1935 3098; x_wconf 85' lang='lat' dir='ltr'>super-</span> 
     </span>
     <span class='ocr_line' id='line_1_66' title="bbox 1041 3086 1936 3140; baseline 0.016 -14"><span class='ocrx_word' id='word_1_372' title='bbox 1041 3086 1162 3130; x_wconf 83' lang='lat' dir='ltr'>biam</span> <span class='ocrx_word' id='word_1_373' title='bbox 1199 3086 1431 3136; x_wconf 86' lang='lat' dir='ltr'>dicebant,</span> <span class='ocrx_word' id='word_1_374' title='bbox 1470 3097 1522 3132; x_wconf 89' lang='lat' dir='ltr'>ut</span> <span class='ocrx_word' id='word_1_375' title='bbox 1594 3089 1783 3137; x_wconf 79' lang='lat' dir='ltr'>itellium</span> <span class='ocrx_word' id='word_1_376' title='bbox 1817 3112 1936 3140; x_wconf 87' lang='lat' dir='ltr'>eon-</span> 
     </span>
     <span class='ocr_line' id='line_1_67' title="bbox 1040 3144 1933 3207; baseline 0.012 -21"><span class='ocrx_word' id='word_1_377' title='bbox 1040 3151 1259 3186; x_wconf 87' lang='lat' dir='ltr'>temneret</span> <span class='ocrx_word' id='word_1_378' title='bbox 1282 3159 1368 3186; x_wconf 89' lang='lat' dir='ltr'>nec</span> <span class='ocrx_word' id='word_1_379' title='bbox 1388 3144 1631 3207; x_wconf 81' lang='lat' dir='ltr'>quidquam</span> <span class='ocrx_word' id='word_1_380' title='bbox 1656 3164 1706 3191; x_wconf 72' lang='lat' dir='ltr'>ex</span> <span class='ocrx_word' id='word_1_381' title='bbox 1727 3166 1781 3194; x_wconf 86' lang='lat' dir='ltr'>eo</span> <span class='ocrx_word' id='word_1_382' title='bbox 1799 3154 1933 3197; x_wconf 78' lang='lat' dir='ltr'>time·</span> 
     </span>
     <span class='ocr_line' id='line_1_68' title="bbox 1038 3200 1934 3259; baseline 0.015 -17"><span class='ocrx_word' id='word_1_383' title='bbox 1038 3207 1131 3250; x_wconf 82' lang='lat' dir='ltr'>ret,</span> <span class='ocrx_word' id='word_1_384' title='bbox 1180 3200 1216 3243; x_wconf 83' lang='lat' dir='ltr'>si</span> <span class='ocrx_word' id='word_1_385' title='bbox 1251 3201 1452 3259; x_wconf 79' lang='lat' dir='ltr'>privatus</span> <span class='ocrx_word' id='word_1_386' title='bbox 1480 3203 1743 3252; x_wconf 65' lang='lat' dir='ltr'>haben-etum</span> <span class='ocrx_word' id='word_1_387' title='bbox 1789 3209 1934 3255; x_wconf 85' lang='lat' dir='ltr'>immo</span> 
     </span>
     <span class='ocr_line' id='line_1_69' title="bbox 1036 3260 1930 3319; baseline 0.013 -19"><span class='ocrx_word' id='word_1_388' title='bbox 1036 3266 1132 3300; x_wconf 89' lang='lat' dir='ltr'>tum</span> <span class='ocrx_word' id='word_1_389' title='bbox 1157 3273 1339 3315; x_wconf 89' lang='lat' dir='ltr'>quoque</span> <span class='ocrx_word' id='word_1_390' title='bbox 1365 3260 1687 3319; x_wconf 74' lang='lat' dir='ltr'>Vespasianum</span> <span class='ocrx_word' id='word_1_391' title='bbox 1713 3265 1768 3308; x_wconf 90' lang='lat' dir='ltr'>de</span> <span class='ocrx_word' id='word_1_392' title='bbox 1794 3267 1930 3312; x_wconf 83' lang='lat' dir='ltr'>Vitel-</span> 
     </span>
     <span class='ocr_line' id='line_1_70' title="bbox 1035 3314 1930 3376; baseline 0.011 -19"><span class='ocrx_word' id='word_1_393' title='bbox 1035 3314 1097 3357; x_wconf 86' lang='lat' dir='ltr'>lio</span> <span class='ocrx_word' id='word_1_394' title='bbox 1123 3315 1300 3360; x_wconf 87' lang='lat' dir='ltr'>anxium</span> <span class='ocrx_word' id='word_1_395' title='bbox 1318 3314 1436 3359; x_wconf 81' lang='lat' dir='ltr'>fore.</span> <span class='ocrx_word' id='word_1_396' title='bbox 1496 3318 1635 3375; x_wconf 79' lang='lat' dir='ltr'>Igitur</span> <span class='ocrx_word' id='word_1_397' title='bbox 1656 3325 1930 3376; x_wconf 78' lang='lat' dir='ltr'>superbiam</span> 
     </span>
     <span class='ocr_line' id='line_1_71' title="bbox 1035 3372 1928 3439; baseline 0.016 -27"><span class='ocrx_word' id='word_1_398' title='bbox 1035 3387 1178 3429; x_wconf 89' lang='lat' dir='ltr'>neque</span> <span class='ocrx_word' id='word_1_399' title='bbox 1211 3373 1268 3416; x_wconf 92' lang='lat' dir='ltr'>ad</span> <span class='ocrx_word' id='word_1_400' title='bbox 1297 3372 1579 3420; x_wconf 80' lang='lat' dir='ltr'>altitudinem</span> <span class='ocrx_word' id='word_1_401' title='bbox 1610 3380 1748 3422; x_wconf 87' lang='lat' dir='ltr'>animi</span> <span class='ocrx_word' id='word_1_402' title='bbox 1782 3396 1928 3439; x_wconf 86' lang='lat' dir='ltr'>neque</span> 
     </span>
     <span class='ocr_line' id='line_1_72' title="bbox 1033 3427 1922 3483; baseline 0.011 -11"><span class='ocrx_word' id='word_1_403' title='bbox 1033 3428 1087 3472; x_wconf 92' lang='lat' dir='ltr'>ad</span> <span class='ocrx_word' id='word_1_404' title='bbox 1113 3427 1394 3474; x_wconf 84' lang='lat' dir='ltr'>clementiam</span> <span class='ocrx_word' id='word_1_405' title='bbox 1417 3431 1580 3483; x_wconf 79' lang='lat' dir='ltr'>trahas,</span> <span class='ocrx_word' id='word_1_406' title='bbox 1615 3435 1690 3478; x_wconf 90' lang='lat' dir='ltr'>sed</span> <span class='ocrx_word' id='word_1_407' title='bbox 1712 3437 1766 3479; x_wconf 92' lang='lat' dir='ltr'>ad</span> <span class='ocrx_word' id='word_1_408' title='bbox 1790 3453 1922 3482; x_wconf 90' lang='lat' dir='ltr'>secu-</span> 
     </span>
     <span class='ocr_line' id='line_1_73' title="bbox 1031 3486 1923 3558; baseline 0.015 -32"><span class='ocrx_word' id='word_1_409' title='bbox 1031 3486 1233 3535; x_wconf 83' lang='lat' dir='ltr'>ritatem,</span> <span class='ocrx_word' id='word_1_410' title='bbox 1307 3503 1389 3532; x_wconf 89' lang='lat' dir='ltr'>uae</span> <span class='ocrx_word' id='word_1_411' title='bbox 1419 3505 1443 3532; x_wconf 89' lang='lat' dir='ltr'>e</span> <span class='ocrx_word' id='word_1_412' title='bbox 1474 3491 1679 3558; x_wconf 80' lang='lat' dir='ltr'>superbia</span> <span class='ocrx_word' id='word_1_413' title='bbox 1712 3493 1858 3538; x_wconf 84' lang='lat' dir='ltr'>oritur</span> <span class='ocrx_word' id='word_1_414' title='bbox 1879 3503 1923 3540; x_wconf 79' lang='lat' dir='ltr'>et</span> 
     </span>
     <span class='ocr_line' id='line_1_74' title="bbox 1030 3542 1921 3598; baseline 0.017 -15"><span class='ocrx_word' id='word_1_415' title='bbox 1030 3542 1235 3588; x_wconf 80' lang='lat' dir='ltr'>altiorem</span> <span class='ocrx_word' id='word_1_416' title='bbox 1303 3562 1326 3589; x_wconf 89' lang='lat' dir='ltr'>e</span> <span class='ocrx_word' id='word_1_417' title='bbox 1356 3562 1428 3595; x_wconf 88' lang='lat' dir='ltr'>se,</span> <span class='ocrx_word' id='word_1_418' title='bbox 1469 3547 1673 3592; x_wconf 75' lang='lat' dir='ltr'>viliorem</span> <span class='ocrx_word' id='word_1_419' title='bbox 1708 3550 1763 3594; x_wconf 88' lang='lat' dir='ltr'>de</span> <span class='ocrx_word' id='word_1_420' title='bbox 1793 3550 1921 3598; x_wconf 70' lang='lat' dir='ltr'>hoste</span> 
     </span>
     <span class='ocr_line' id='line_1_75' title="bbox 1030 3599 1520 3661; baseline 0.016 -21"><span class='ocrx_word' id='word_1_421' title='bbox 1030 3599 1289 3657; x_wconf 86' lang='lat' dir='ltr'>opinionem</span> <span class='ocrx_word' id='word_1_422' title='bbox 1310 3603 1520 3661; x_wconf 80' lang='lat' dir='ltr'>praefert.</span> 
     </span>
    </p>
   </div>
  </div>
 </body>
</html>
