2138 4030
1900 0 1948 20 ,avr-
1955 0 1978 26 cz
1983 0 2022 15 “w
2030 0 2039 18 ς
2045 0 2059 28 ’,ζ

2051 35 2062 57 .’
2069 0 2138 79 η

2115 67 2138 105 ῑ-;

1755 250 1808 286 Ν.
1824 247 1971 288 men.

1753 293 1811 330 ίΑ.
1829 293 1876 331 C.
1894 295 1972 334 Ἵυ.

206 254 322 313 166
772 247 1497 332 ΗΙΒΟΤΟΒΙΑΒΌΝΓ

372 379 593 441 XXVI.
680 380 838 438 Tum
873 377 1260 439 Othonianus
1297 382 1475 455 pedes
1511 383 1724 456 erupit.
1807 389 2059 475 protrita

202 465 464 525 hostium
521 467 642 523 acie
691 467 847 523 versi
890 467 956 521 in
997 466 1195 537 fugam
1249 467 1424 523 etiam
1468 465 1572 541 qui
1613 469 2058 534 subveniebant.

202 551 612 611 nam'Caecina
639 571 763 622 non
786 552 962 607 simul
991 545 1293 619 cohorte8‚
1335 553 1434 618 sed
1463 551 1721 625 singulas
1743 556 2055 615 acciverate

201 658 350 714 quae
384 656 477 695 res
513 637 577 693 in
613 637 839 712 proelio
880 635 1331 709 trepidationem
1368 637 1554 704 auxit,
1597 656 1732 694 cum
1766 640 2059 716 dispersos

200 744 308 780 nec
343 743 590 800 usquam
627 721 856 778 validos
894 740 1078 795 pavor
1113 720 1465 794 fugientium
1507 722 1819 797 abriperet.
1905 723 2060 786 Orta

202 819 257 865 et
313 808 378 865 in
432 807 633 867 castris
691 805 930 874 seditio,
1004 806 1164 881 quod
1209 826 1333 861 non
1377 807 1643 881 universi
1686 809 2059 873 ducerentur.

199 893 431 950 vinctus
479 893 805 966 praefectus
858 900 1181 949 castrorum
1237 888 1423 946 Iulius
1460 890 1712 962 Gratus,
1774 906 2081 973 tanquam—

198 979 367 1035 fratri
392 978 546 1053 apud
578 972 881 1032 Othonem
907 975 1189 1031 militanti
1221 976 1621 1049 proditionem
1655 993 1881 1052 ageret,
1924 1003 2060 1038 cum

196 1063 437 1120 fratrem
468 1063 589 1119 eius
618 1059 836 1116 Iulium
860 1059 1225 1116 Frontonem
1249 1061 1558 1123 tribunum
1587 1059 1924 1121 Othoniani
1950 1069 2060 1124 sub
2134 1070 2136 1073 ’

199 1151 405 1205 eodem
441 1145 687 1204 crimine
715 1145 1058 1204 vinxissent.
1144 1142 1420 1202 Ceterum
1448 1166 1511 1202 ea
1543 1148 1764 1224 ubique
1797 1151 2058 1209 formido

197 1234 312 1291 fuit
344 1233 502 1307 apud
530 1229 853 1305 fugientes,
891 1242 1292 1300 occursanteS‚
1332 1230 1397 1286 in
1429 1231 1580 1302 acie,
1621 1253 1730 1307 pro
1766 1235 1953 1304 vallo,
1990 1249 2058 1294 ut

197 1318 381 1375 deleri
405 1337 538 1374 cum
559 1316 838 1373 universo
868 1316 1124 1372 exercitu
1148 1313 1459 1372 Caecinam
1490 1318 1778 1391 potuisse,
1820 1320 1887 1376 ni
1911 1319 2062 1379 Sue-

197 1403 396 1460 tonius
420 1401 732 1459 Paullinus
754 1401 1015 1476 receptui
1045 1401 1370 1470 cecinisset,
1414 1402 1677 1478 utrisque
1703 1402 1765 1458 in
1794 1405 2060 1479 partibus

197 1487 648 1564 percrebruerit.
760 1486 1056 1543 Timuisse
1104 1506 1169 1542 se·
1198 1484 1509 1542 Paullinus
1554 1489 2059 1548 ferebat-tantum

197 1573 440 1648 insuper
473 1572 696 1629 laboris
735 1584 908 1648 atque
943 1571 1204 1639 itineriS‚
1264 1592 1339 1626 ne
1371 1570 1728 1629 Vitellianus
1759 1575 1929 1631 miles
1962 1597 2060 1632 re-

198 1678 333 1716 cens
377 1677 408 1715 e
452 1655 654 1715 castris
704 1659 885 1714 fessos
937 1658 1355 1730 adgrederetur
1399 1669 1457 1715 et
1498 1658 1782 1733 perculsis
1808 1661 2060 1718 'nullum

254 1888 367 1933 CAP.
398 1887 471 1932 26.
552 1857 718 1942 erupit.
805 1888 865 1931 ef.
901 1894 999 1931 not.
1036 1886 1090 1930 ad

197 1946 289 1990 An.
327 1946 467 1994 2¹17.
503 1946 584 1989 sub
618 1962 696 1991 vv.
727 1947 809 1989 illa
853 1953 1092 2002 rupturus.

196 2004 301 2047 MS.
339 2004 450 2062 Reg.
486 2005 704 2058 erumpit.
779 2002 888 2045 Mox
923 2004 1093 2045 Puteo-

1220 1893 1407 1928 tantum
1457 1887 1646 1942 insuper
1693 1890 1868 1934 laboris
1917 1899 2057 1949 atque

1164 1945 1365 1988 itineris.
1459 1943 1516 1986 H.
1547 1960 1586 1987 e.
1621 1945 1846 1998 timuisse,
1897 1962 1976 2001 ne,
2019 1950 2056 1994 si

1162 2010 1336 2045 tantum
1374 2001 1541 2045 laboris
1575 2011 1708 2059 atque
1741 2003 1913 2050 itineris
1940 2007 2058 2064 prio-

196 2063 327 2104 lanus
370 2069 591 2119 punctum
625 2061 776 2120 posuit
814 2069 918 2104 ante
958 2062 1089 2103 versi.

196 2118 439 2162 Meliorem
482 2118 832 2177 interpungendi
868 2117 1090 2161 rationem

194 2175 487 2220 instituerunt
511 2184 746 2233 sequentes
770 2175 980 2218 editores.

240 2247 453 2302 fratrem
487 2247 604 2290 eius.
687 2244 802 2290 Voc.
836 2246 936 2287 eius·
971 2246 1093 2288 abest

195 2322 219 2349 a
248 2305 352 2348 MS.
375 2303 509 2349 Bodl.
574 2303 667 2346 Pro
693 2304 989 2346 Frontonem
1018 2301 1089 2345 ed.

195 2361 404 2406 Beroald.
426 2361 580 2405 vitiose
597 2360 670 2404 dat
681 2361 929 2404 Frontem.
981 2358 1090 2403 Cor·

194 2420 304 2463 rexit
332 2418 558 2462 Victorius
593 2435 616 2462 e
650 2418 754 2462 MS.
781 2416 907 2461 Flor.
986 2417 1088 2460 MS.

196 2476 350 2521 Guelf.
377 2492 459 2536 pro
477 2478 760 2519 Frontonem
783 2475 915 2518 habet
939 2475 1091 2519 Ocho-

194 2549 320 2578 nem.
394 2534 517 2577 Idem
554 2533 671 2577 liber
701 2548 806 2576 mox
837 2534 982 2576 simul
1011 2548 1088 2574 eo-

195 2597 302 2635 dem
348 2607 431 2651 pro
480 2594 564 2634 sub
608 2594 796 2642 eodem,
855 2591 1014 2635 vitium
1068 2606 1091 2632 e

195 2666 348 2708 comp.
377 2649 533 2708 script.
566 2657 733 2692 ortum.
811 2647 987 2691 Deinde
1020 2641 1092 2690 υῗ-

196 2710 360 2751 assent
381 2723 404 2750 a
429 2723 519 2751 sec.
543 2724 603 2750 m.
630 2721 715 2764 pro
738 2707 1013 2749 vinxissent.

255 2766 434 2821 ubique.
484 2764 585 2809 MS.
597 2763 729 2808 Bodl.
743 2764 858 2820 (test.
872 2762 1094 2819 Gronov.)

198 2824 417 2878 undique.

254 2886 564 2923 occursantes.
667 2878 746 2922 Sic
792 2877 930 2922 MSS.
980 2878 1091 2936 Reg.

198 2936 338 2980 Corb.
371 2936 488 2979 Bud.
537 2936 641 2982 edd.
676 2936 792 2992 Spir.
828 2936 934 2980 Ber.
967 2936 1090 2991 (cum

197 2993 266 3037 sil.
294 2993 428 3045 Viet.)
453 2993 596 3038 Rhen.
620 3010 718 3054 sqq.
742 3017 799 3027 -
845 3007 1094 3036 occursan-

198 3059 352 3106 tesque
373 3050 508 3097 MSS.
535 3051 657 3096 Harl.
677 3051 815 3096 Bodl.
836 3052 920 3095 les.
939 3049 1090 3094 Guetf.

199 3109 300 3151 edd.
322 3107 426 3151 Put.
448 3108 514 3150 M.
541 3118 585 3152 et
607 3108 665 3154 V.
689 3110 791 3154 Alc.
964 3119 966 3122 ’

131 3198 147 3207 ⁸
249 3180 601 3232 percrebruerit.
662 3179 739 3224 Sic
765 3179 865 3222 edd.
886 3178 1092 3225 Beroald-

199 3238 325 3291 (cum
347 3235 413 3278 sil.
439 3236 583 3303 vict..)-
612 3238 709 3309 Ate.
747 3234 948 3281 Rhenan.
982 3235 1088 3280 Ald.

195 3291 866 3396 2?.{;.{⁰{¹21.lss¹t·f.¹.3.⁹13¹15?²21V.
898 3309 1088 3394 ἵῗῗίξῖιζ

195 3409 318 3477 Lips.
340 3408 624 3507 <som-riores
653 3424 750 3465 sqq.
779 3433 837 3440 —
895 3423 1088 3476 percre-

196 3468 293 3508 buaet
314 3482 336 3508 e
372 3494 384 3507 .
409 3465 528 3521 Spir.
562 3493 620 3502 -
677 3467 966 3519 percrebruit
991 3466 1090 3510 MS.

198 3520 351 3566 Guelf.
375 3537 398 3565 a
422 3537 508 3566 sec.
534 3539 621 3576 m.;
662 3539 685 3566 a
706 3539 778 3580 pr.
807 3540 865 3565 m.
889 3522 973 3564 fuit
989 3537 1091 3577 per·

197 3582 383 3623 crebuit.
421 3578 631 3625 Vid.not.
646 3580 697 3623 ad
712 3583 799 3625 An.
816 3581 857 3629 6,
871 3580 941 3622 ΞΟ.
973 3582 1038 3630 12.
1051 3581 1092 3622 6.

1163 2059 1288 2102 ribus
1343 2058 1537 2102 militum
1592 2059 1820 2105 laboribus
1859 2063 2057 2117 adderet,

1165 2117 1435 2159 Vitellianus
1480 2115 1610 2159 miles
1652 2134 1808 2162 reeens
1841 2136 1865 2163 e
1903 2124 2059 2166 castris

1163 2174 1304 2217 fessos
1328 2173 1648 2231 adgrederetur
1670 2184 1756 2221 etc.
1823 2177 2058 2223 Ernesti-1³

1162 2232 1327 2274 frustra
1370 2230 1636 2274 emendabat
1663 2247 1824 2287 ¹super
1862 2251 1946 2293 pro
1981 2238 2056 2278 in·-

1162 2303 1320 2342 super.
1384 2287 1632 2332 Oberlinus
1658 2291 1928 2336 auctoritate
1954 2293 2058 2338 MS.

1163 2345 1276 2389 Bud.
1314 2345 1498 2388 dederat
1532 2361 1586 2387 ac
1618 2363 1702 2405 pro
1733 2355 1889 2405 atque.
1938 2350 2059 2410 ΓΗοιι

1165 2405 1279 2447 bene
1303 2403 1493 2460 restituit
1510 2402 1753 2453 Bekkerus.
1813 2406 1926 2450 Nam
1948 2407 2055 2451 alibi

1165 2477 1219 2503 ac
1244 2470 1344 2504 ante
1374 2461 1577 2505 vocalem
1611 2461 1728 2505 haud
1762 2478 1866 2507 raro
1899 2475 2057 2510 contra

1165 2519 1302 2562 MSS.
1337 2525 1510 2560 mutant
1541 2515 1586 2561 in
1617 2528 1781 2576 atque.-
1813 2520 1886 2565 hic.
1909 2521 2056 2566 Ober-

1168 2576 1283 2619 linus
1316 2575 1544 2620 contrario
1559 2576 1713 2620 officio
1740 2586 1831 2620 erat
1855 2577 2052 2624 functus.

1165 2632 1419 2683 Naudetus,
1459 2632 1676 2677 Weisius
1706 2643 1749 2677 et
1780 2634 1854 2678 alii
1895 2636 2045 2681 hodie·

1166 2707 1254 2748 que
1276 2699 1428 2735 amant
1452 2706 1507 2733 ac
1533 2692 1733 2735 itineris.

1222 2776 1378 2805 recens
1401 2777 1426 2803 e
1450 2764 1630 2806 castate.
1687 2763 1765 2809 Sic
1785 2764 1888 2810 MS.
1915 2743 2055 2814 Corb-

1167 2820 1266 2863 edd.
1289 2819 1405 2876 Spir.
1429 2819 1546 2875 Lips.
1568 2836 1666 2878 sqq.
1689 2845 1744 2854 -—
1789 2837 1953 2866 recens
1971 2839 2055 2867 ea-

1163 2878 1273 2919 stris
1304 2876 1438 2921 MSS.
1465 2877 1586 2920 Harl.
1623 2877 1754 2923 Bodl.
1787 2879 1871 2924 Ies.
1898 2879 2053 2925 Guelf.

1165 2933 1264 2977 edd.
1296 2934 1397 2977 Put.
1423 2933 1633 2979 Beroald.
1666 2937 1787 2991 (cum
1817 2936 1892 2981 sil.
1914 2936 2052 2995 Vici.)

1165 3007 1267 3049 sqq.
1289 2991 1342 3034 ad
1368 2990 1485 3049 Lips.
1508 2994 1715 3047 primam.
1744 3018 1796 3027 —
1841 2995 1951 3038 Mox
1972 2999 2058 3040 ad·

1161 3051 1442 3102 graderetur·
1472 3049 1573 3093 MS.
1596 3050 1722 3095 Ftor.
1755 3053 1872 3107 (test.
1899 3052 2060 3109 vict.);
2097 3099 2100 3102 Δ

1162 3110 1502 3160 aggrederetur
1526 3108 1626 3152 MS.
1646 3107 1800 3153 Guetf.
1829 3109 1928 3154 edd.
1953 3119 2057 3156 vett.

1217 3178 1458 3230 perculsi&
1518 3178 1655 3221 MSS.
1688 3178 1811 3223 Flor.
1839 3180 1890 3235 (t.
1914 3179 2054 3237 Vict)

1163 3232 1274 3290 Reg.
1312 3232 1451 3277 Corb.
1499 3235 1568 3278 ed.
1614 3235 1733 3293 Spir.
1768 3237 2054 3290 periculo-vis,

1160 3291 1346 3334 varietas
1372 3300 1416 3334 et
1442 3293 1570 3345 alibi,
1597 3293 1683 3336 nisi
1715 3294 1872 3342 fallor,
1907 3292 2054 3340 obvia.

1162 3347 1403 3392 Rhenanus
1435 3349 1549 3393 duce
1568 3351 1670 3394 MS.
1691 3351 1804 3394 Bud.
1832 3351 2057 3395 deleverat

1162 3413 1207 3447 et
1230 3413 1332 3449 ante
1354 3410 1581 3458 perculsis
1596 3423 1611 3451 .·
1642 3407 1835 3451 restituit
1858 3406 2054 3452 Pichena

1163 3479 1186 3504 e
1219 3463 1322 3507 MS.
1354 3464 1477 3508 Flor.
1524 3474 1567 3508 et
1600 3464 1701 3508 edd.
1736 3473 1838 3509 ante
1869 3465 2050 3508 Rhena-

1164 3536 1309 3621 ιὲιυηιέ
1358 3521 1628 3579 quibuscum
1677 3523 1900 3568 consentit
1948 3523 2049 3568 Ms.

1213 3594 1264 3619 ue
1311 3614 1320 3625 ,
2007 3607 2043 3612 ,.
