2138 4030
211 242 262 279 A.
275 241 328 276 U.
345 238 432 276 823.

210 284 326 321 Μ,
371 284 433 321 ⁷0.
665 242 836 305 LIB.
873 244 920 304 1.
986 240 1180 304 cAP.
1216 220 1446 303 24:25.
1523 240 1526 243 ·
1897 246 1976 303 41

124 378 396 433 innovas
428 371 775 451 cupiditates
802 371 1182 449 praecipitem
1222 369 1554 428 adliciendo
1595 393 1663 430 eo
1699 365 1983 451 paulatim

123 473 461 538 progressus
487 470 600 530 est,
641 470 709 517 ut
738 478 844 535 per
875 459 1125 534 speciem
1152 454 1442 528 convivii,
1484 459 1758 533 quotiens
1784 458 1983 518 Galba

125 548 284 623 apud
305 541 611 603 Othonem
637 539 1001 620 epularetur,
1042 539 1273 599 cohorti
1309 541 1578 598 excubias
1607 539 1818 615 agenti
1835 543 1984 631 viri7·

125 633 234 688 tim
267 643 548 688 centenos
583 649 856 686 nummos
895 627 1213 686 divideret:
1270 644 1449 704 quam
1477 625 1649 683 ,velut
1683 629 1983 708 publicam

123 716 496 791 largitionem
536 711 704 785 Otho
746 714 1160 771 secretioribus
1199 713 1357 788 apud
1405 712 1669 786 singulos
1704 715 1984 788 praemiis

123 802 470 859 intendebat
486 847 502 871 ‚
546 802 689 858 adeo
718 800 1016 857 animosus
1039 808 1348 873 corruptor
1370 799 1443 862 ut,
1457 794 1702 876 Cocceio
1729 796 1983 858 Proculo

126 884 477 962 speculatori
546 887 618 942 de
690 898 855 962 parte
921 885 1132 953 finium
1192 904 1327 939 cum
1385 883 1584 940 vicino
1660 883 1985 958 ambigenti

123 973 468 1029 universum
491 972 675 1028 vicini
713 991 918 1046 agrum
952 966 1055 1026 sua
1090 969 1342 1044 pecunia
1380 980 1642 1044 emptum
1681 969 1841 1026 dono
1881 972 1985 1026 de-

126 1057 280 1114 derit
301 1077 407 1133 per
435 1058 764 1114 socordiam
793 1054 1102 1133 praefecti,
1145 1074 1322 1131 quem
1358 1065 1499 1112 nota
1535 1053 1758 1130 pariter
1794 1066 1852 1112 et
1885 1077 1986 1114 oc-

127 1143 282 1201 culta
308 1143 612 1201 fallebant.
845 1135 849 1138 ’
1763 1161 1767 1164 ’

293 1226 486 1287 XXV.
545 1227 662 1285 Sed
696 1239 824 1284 tum
859 1246 889 1282 e
925 1225 1154 1282 libertis
1187 1220 1587 1281 Onomastum
1622 1226 1824 1282 futuro
1863 1244 1988 1282 sce-

56 1306 61 1314 ’
125 1313 236 1368 leri
259 1313 560 1388 praefecit,
604 1333 636 1368 a
664 1333 780 1388 quo
803 1309 1094 1385 Barbium
1106 1309 1430 1367 Proculum
1451 1309 1827 1367 tesserarium
1851 1303 1997 1387 'spe-⁷

185 1556 368 1599 viritim.
407 1554 640 1597 Enestius:
667 1556 869 1606 „viritim
892 1570 1015 1597 com·

126 1612 261 1655 mode
303 1612 524 1661 abfuerit,
583 1629 676 1655 non
726 1611 1015 1656 consentiens

125 1685 211 1712 nec
241 1669 385 1714 Taciti
419 1670 648 1722 brevitati,
691 1685 776 1713 nec
809 1669 1015 1712 latinitati

123 1742 320 1770 severae.
379 1727 492 1770 Nam
524 1729 638 1772 inest
665 1727 712 1770 in
731 1727 1014 1769 'centencsff'

123 1784 277 1827 Falsus
313 1794 394 1827 est.
476 1785 590 1828 Nam
628 1793 677 1827 ut
711 1793 885 1827 constet
922 1799 1017 1826 non

124 1841 174 1883 in
197 1842 391 1900 singulas
423 1842 628 1885 cohortes
663 1850 903 1891 centenos,
941 1841 1017 1884 sed

126 1898 174 1940 in
198 1896 397 1956 singulos
422 1899 637 1957 cuiusque
672 1897 870 1942 cohortis
894 1898 1018 1943 viros

128 1955 316 1998 totidem
340 1971 553 1998 nummos
574 1972 667 1999 esse
688 1956 836 2007 datos,
865 1971 1018 1998 neces-

127 2013 242 2055 sario
265 2012 443 2055 additur
465 2014 650 2056 viritim.
710 2012 873 2056 cfiAn.
893 2010 1019 2063 242.

127 2078 340 2112 trecenos
377 2070 502 2123 plebi
544 2070 790 2112 sestertios
838 2071 1017 2112 viritim

125 2128 269 2170 dedit.
338 2126 461 2169 Suet.
498 2126 594 2170 Cal.
630 2144 670 2171 c.
691 2127 763 2169 46.
794 2141 1014 2182 pronun-

125 2187 328 2239 tiatoque
370 2184 510 2226 militi
547 2187 771 2227 donativo
811 2185 1018 2227 centenis

125 2242 304 2283 viritim
333 2242 553 2284 denariis.
633 2241 714 2285 Ille
746 2258 844 2285 mos
878 2258 1016 2285 excu-

124 2300 299 2342 biarum
326 2299 443 2342 inter
470 2299 621 2357 epulas
644 2300 865 2357 originem
887 2299 1019 2343 traxit

125 2373 148 2397 a
181 2356 368 2400 Claudio
399 2357 684 2415 imperatore.
745 2357 807 2401 cf.
832 2357 922 2400 Dio
948 2358 1019 2408 60,

124 2414 169 2460 3.
206 2414 258 2457 ἕν
296 2429 344 2457 τε
384 2418 479 2462 τοῖς
516 2419 792 2473 συμποσίοις
834 2411 1019 2464 πάντως

125 2470 252 2521 τινὰς
303 2468 583 2531 στρατιώτας
636 2471 861 2522 συνόντας
906 2471 1015 2530 εἶχε,

126 2532 202 2573 καὶ
253 2532 390 2574 τοῦτο
441 2532 531 2591 μὲν
568 2532 615 2581 ἐξ
656 2532 836 2575 ἐκείνου
876 2547 1017 2574 κατα-

127 2589 315 2646 δείχθεν
354 2590 430 2631 καὶ
483 2589 621 2648 δεῦρο
668 2588 740 2633 ἀεὶ
790 2592 1016 2646 γίγνεται.

128 2646 315 2689 Sueten.
346 2645 506 2691 Claud.
541 2663 579 2690 c.
606 2645 679 2690 35.
746 2647 856 2689 Mox
877 2647 923 2690 in
946 2648 1016 2690 ed.

129 2703 247 2761 Spir.
281 2712 383 2747 ante
419 2705 741 2748 secretioribus
775 2705 896 2748 deest
929 2718 1019 2749 no-

128 2774 234 2803 men
258 2760 393 2805 Otho.

189 2845 387 2888 Cocceio.
430 2845 515 2889 Ed.
531 2845 648 2902 Spir.
675 2846 875 2892 Cocceio,
895 2828 1019 2890 'MS.

130 2901 282 2946 Guelf.
314 2903 384 2946 ed.
407 2903 509 2946 Put.
531 2902 588 2946 V.
616 2905 815 2947 Cocceio,

185 2974 486 3027 speculatori.
536 2974 612 3018 Sic
631 2972 731 3017 MS.
748 2972 897 3016 Guelf.
921 2973 1020 3017 edd.

131 3028 248 3088 Spir.
273 3030 389 3088 Lips.
411 3047 535 3089 sqq.,
565 3041 607 3074 et
640 3033 705 3075 sic
733 3026 963 3074 Victorius
997 3049 1020 3074 e

130 3086 233 3131 MS.
260 3087 384 3132 Flor.
410 3087 457 3130 in
481 3106 575 3147 sqq.
606 3106 781 3146 semper
814 3087 1019 3137 correxit,

129 3159 383 3202 quanquam
435 3145 509 3192 hic
565 3146 786 3189 intactum
838 3145 1021 3204 reliquit

129 3204 425 3256 sm‘culatorz',
476 3203 601 3258 ‘quod
642 3212 779 3246 exstat
821 3203 868 3246 in
912 3202 1017 3246 edd.

128 3259 232 3303 Put.
252 3275 351 3318 sqq.
377 3259 431 3301 ad
454 3259 669 3318 Lipsium.
729 3261 1023 3313 Speculatori

130 3316 332 3359 ferebant
356 3323 398 3358 et
418 3317 552 3375 [lipsii
575 3316 711 3361 MSS.
735 3326 778 3361 et
799 3318 864 3361 sic
888 3334 1019 3360 nwm·

132 3373 194 3416 mi
222 3388 274 3416 ac
302 3374 344 3415 la
364 3373 485 3417 ›idesp
545 3374 604 3417 cf.
634 3374 934 3433 Oudendorp.
962 3375 1018 3419 ad

131 3431 334 3473 Sueten.»
379 3430 434 3473 al.
462 3446 504 3475 c.
528 3432 599 3478 44.
633 3440 676 3474 et
700 3431 859 3476 Claud.
882 3449 924 3477 c.
947 3432 1016 3476 35.

131 3495 174 3530 et
197 3503 309 3544 quos
329 3487 404 3530 ille
430 3487 592 3533 laudat.

187 3561 272 3611 'per
311 3556 573 3603 socordiam
610 3561 849 3617 praefecti.
932 3559 1017 3605 Int.

1086 1553 1306 1603 Laconis,
1351 1553 1429 1611 qui
1469 1560 1566 1595 tum
1598 1563 1692 1597 erat
1730 1555 1983 1612 praefectus

1087 1611 1330 1669 praetorii,
1361 1611 1422 1655 cf.
1445 1627 1484 1653 e.
1509 1610 1577 1654 13.
1605 1620 1649 1654 et
1676 1612 1984 1671 ignavissimus

1088 1667 1375 1715 mortalium,
1432 1667 1491 1711 cf.
1534 1683 1574 1713 c.
1608 1669 1651 1710 6.
1751 1669 1981 1728 Bipontini

1090 1725 1206 1768 male
1242 1725 1498 1784 intelligunt
1528 1725 1806 1783 praefectum
1834 1728 1987 1790 Jegio-

1089 1783 1177 1825 nis.
1244 1783 1411 1826 Verum
1438 1782 1513 1827 hic
1537 1800 1685 1826 sermo
1710 1793 1776 1827 est
1799 1785 1854 1827 de
1876 1801 1983 1828 cor-

1090 1839 1298 1897 ruptione
1329 1841 1742 1898 praetorianorum.
1802 1841 1985 1900 Ruper-

1088 1897 1178 1939 tius
1203 1897 1413 1955 intelligit
1434 1897 1734 1954 Tigellinum,
1766 1906 1899 1957 quem
1920 1901 1985 1945 di·

1090 1954 1152 1997 cit
1175 1962 1270 1996 tum
1293 1955 1505 2012 praetorii
1532 1955 1807 2014 praefectum
1831 1958 1987 2004 fuisse.-

1089 2010 1263 2054 Mavult
1297 2022 1448 2055 tamen
1483 2011 1654 2070 legere:
1705 2028 1793 2069 per
1822 2028 1981 2059 socor-

1088 2070 1221 2110 diam
1258 2070 1480 2124 principis·
1524 2085 1580 2112 ea
1614 2069 1777 2125 facta,
1842 2075 1985 2131 posita

1088 2125 1345 2184 plenissima
1373 2127 1738 2186 interpunctione
1767 2139 1867 2188 post
1897 2135 1982 2174 dea-

1087 2185 1225 2227 derit.
1283 2184 1481 2228 Frustra.
1541 2187 1776 2230 socordia
1803 2189 1988 2248 respicit

1088 2241 1143 2284 ad
1166 2240 1503 2299 ignavissimum
1538 2245 1797 2288 mortalium
1827 2246 1883 2301 (c.
1906 2247 1988 2302 6.),4

1088 2313 1175 2341 nec
1197 2299 1442 2356 quidquam
1457 2299 1531 2343 hic
1552 2309 1616 2343 est
1638 2303 1986 2348 emendandum.

1089 2355 1182 2398 Per
1213 2356 1435 2413 significat
1469 2356 1780 2412 occasionem,
1829 2359 1987 2418 ἄφορ-

1088 2411 1207 2472 μήν,
1255 2421 1305 2456 ut
1333 2414 1422 2456 An.
1451 2414 1517 2465 13,
1537 2414 1607 2458 43.
1640 2430 1731 2470 per
1761 2419 1987 2461 invidiam

1084 2473 1239 2527 patris
1272 2479 1317 2512 et
1351 2473 1555 2515 crimina
1599 2478 1996 2531 repetundarum.-

1091 2529 1148 2572 cf.
1175 2538 1270 2572 not.
1295 2530 1350 2572 ad
1372 2529 1462 2574 An.
1495 2531 1560 2577 15,
1584 2529 1654 2573 7'1.

1157 2612 1272 2657 CAP.
1311 2614 1386 2656 25.
1479 2612 1811 2665 Onomastum.
1897 2577 1985 2664 Ἐζᾶ.

1092 2670 1210 2728 Spir.
1247 2678 1562 2715 enomastum.
1639 2671 1807 2719 Eadem
1836 2674 1985 2731 futu-

1093 2743 1202 2772 rum
1226 2728 1502 2786 profuturo.

1151 2813 1470 2856 tesserarium.
1565 2812 1642 2857 Sic
1681 2813 1814 2859 MSS.
1856 2815 1982 2864 Flor.

1092 2873 1207 2924 (test.
1230 2869 1360 2925 Vict.)
1387 2868 1542 2914 Guelf.
1564 2871 1605 2926 (a
1631 2887 1721 2914 sec.
1748 2875 1829 2929 m.)
1851 2882 1894 2916 et
1914 2875 1986 2925 ed),

1091 2929 1210 2986 spir.
1247 2928 1371 2982 (haec
1407 2928 1772 2985 themerarium).
1858 2930 1983 2974 Ean-o

1093 2986 1195 3028 dem
1228 2983 1315 3027 scri
1350 2991 1494 3026 turam
1530 2985 1872 3045 (tesserariam)
1903 2989 1981 3040 Lj-

1092 3044 1212 3100 psius
1243 3042 1290 3083 in
1345 3041 1449 3084 ISS.
1484 3042 1659 3087 invenit
1682 3051 1821 3102 atque
1848 3047 1984 3089 resti-

1090 3102 1190 3143 tuit.
1210 3127 1268 3134 -
1309 3098 1537 3143 Edd.Put.
1551 3100 1616 3143 M.
1642 3108 1684 3142 et
1698 3100 1751 3144 V.
1766 3101 1986 3151 Ber.Alc.

1090 3158 1236 3200 Rhen.
1267 3155 1373 3198 Ald.
1408 3171 1513 3200 cum
1536 3157 1672 3200 MSS.
1698 3158 1822 3203 Harl.
1846 3160 1979 3204 Bodl.

1091 3217 1172 3259 les.
1202 3213 1316 3256 Bud.
1348 3212 1499 3258 Guelf.
1525 3217 1567 3268 (a
1591 3231 1662 3273 pr.
1684 3219 1840 3273 manu)
1862 3216 1980 3260 Tes-

1090 3287 1328 3316 seranum.
1364 3296 1421 3303 -
1481 3272 1590 3315 Mox
1630 3277 1982 3326 speculatorum

1091 3328 1350 3388 praeferunt
1375 3330 1481 3374 MS.
1512 3328 1636 3374 Flor.
1683 3334 1801 3386 (test.
1838 3330 1980 3388 Vici.)

1091 3388 1191 3430 edd.
1225 3386 1343 3446 LiPS.
1374 3404 1393 3430 s
1428 3403 1472 3444 q.
1513 3411 1570 3421 -
1638 3391 1979 3440 speculatorem

1090 3445 1227 3488 MSS.
1250 3403 1537 3488 Budguelf.
1560 3444 1629 3487 ed.
1649 3445 1770 3503 Spir.
1791 3469 1849 3480 ——
1881 3449 1978 3502 ‘spi-

1089 3504 1344 3567 cta-latorem
1368 3502 1468 3546 edd.
1488 3500 1662 3546 Puteol.
1688 3516 1785 3560 sqq.
1820 3504 1875 3547 ad
1900 3503 1982 3548 Li,

1090 3575 1254 3616 pslum.
