2138 4030
210 254 330 314 112
384 244 404 254 -

209 570 391 628 quam
450 549 825 615 nobilitatem
875 568 956 613 -ae
1021 549 1198 617 decus
1263 550 1665 624 adstruerent,

725 196 730 198 ’
781 202 1488 343 irrsrofflAfRuM
1527 202 1538 226 ⁵
1571 254 1640 293 .-

207 382 307 448 di..
380 392 437 440 et
451 435 455 438 ,
468 348 641 438 fuere*
661 354 770 456 qui
805 379 1092 453 imagines
1116 375 1184 436 N
1185 378 1381 436 eronis
1396 452 1401 458 ·
1417 374 1819 467 proponerent
1829 405 1844 440 ε
1856 387 2069 527 atq}

208 466 387 526 etiam
405 460 642 524 Othoni
672 465 1029 541 quibusdam
1061 462 1270 521 diebus
1309 464 1568 540 populus
1598 465 1658 522 et
1683 456 1986 548 1niles37ta
2052 479 2057 482 “

1740 544 2064 613 mom

210 630 543 711 OTHQNI
574 632 954 710 ¹adclamavit.
1039 632 1165 710 ipse
1198 633 1264 690 in
1291 653 1572 710 suspenso
1596 637 1790 695 tenuit
1822 625 2065 709 vetandi

210 733 372 781 metu
401 720 497 779 vel
522 716 879 794 agnoscendi
902 716 1149 793 pudore.

373 827 650 890 LXXIX.
728 825 1045 904 Conversis
1091 829 1168 886 aa
1212 828 1394 888 civile>
1432 816 1662 889 benum
1704 825 1918 890 suanis
1939 853 1942 859 ·
1964 834 2068 892 ex.

207 931 375 977 terna
411 916 537 973 sine
579 933 718 972 cura
755 900 1148 974 habebantur.

1245 924 1313 972 eo
1350 905 1675 974 'audentius
1706 913 2068 988 Rhoxolani,

204 1001 530 1064 Sarmatica
569 1006 739 1073 gens.
780 999 979 1074 priore
1013 994 1225 1057 hieme
1246 1000 1691 1060 caesis‘duabus
1723 997 2068 1062 cohortibus

271 1266 317 1304 et
340 1255 575 1315 suere'...
593 1260 925 1312 proponerent.
982 1255 1107 1301 Haec

215 1319 350 1366 verba
374 1313 661 1358 Gutmannus
685 1314 734 1357 in
766 1321 979 1361 contextu
1011 1329 1106 1373 ger-

215 1373 394 1423 iuanico
418 1371 764 1430 nonexpressit.
812 1370 863 1414 ln
885 1372 1108 1429 scriptura

167 1430 173 1438 '
210 1437 529 1492 proponerent
610 1429 898 1473 consentiunt
971 1428 1107 1474 MSS.

215 1492 316 1536 edd.
350 1488 466 1546 Spir.
495 1486 601 1531 Put.
641 1486 710 1530 Μ.
744 1495 788 1529 et
812 1486 869 1529 V.
906 1485 1108 1532 Rhenan.

215 1547 321 1594 Ald.
390 1545 443 1587 In
473 1543 573 1588 edd.
595 1542 806 1588 Beroald.
842 1551 884 1588 et
909 1544 1009 1590 Alc.
1043 1545 1110 1588 in-

213 1609 410 1665 repserat
444 1609 819 1658 praeponerent.
891 1600 1110 1646 Rhenano

174 1671 185 1680 “
215 1672 401 1708 auctore
442 1660 546 1703 dein
583 1657 754 1702 editum
789 1667 868 1702 ¹est
910 1674 1105 1716 repone-

218 1727 347 1771 rent,
395 1717 519 1775 quod
557 1715 692 1759 etiam
722 1714 874 1773 Lipsio
907 1715 1112 1775 placebat

217 1788 260 1825 et
293 1779 343 1822 in
376 1775 580 1833 margine
611 1773 877 1831 ponebatur.
958 1773 1011 1816 In
1040 1773 1113 1816 ed.

217 1837 334 1895 Lips.
356 1832 483 1877 1607.
504 1833 631 1888 lapsu
656 1829 894 1888 operarum
916 1839 980 1874 est
995 1845 1110 1887 pro-

211 1898 424 1950 poneret.
501 1887 745 1947 Vulgatum
790 1888 826 1931 1.
866 1888 949 1932 Fr:
978 1889 1110 1931 'Gro-

143 1958 146 1961 ’
213 1950 382 1996 novius
416 1946 618 1990 defendit
651 1946 761 1990 locis
794 1946 982 1990 Sueton.
1016 1945 1112 1991 Cal.

196 2006 262 2055 ὀ.
283 2009 353 2053 41.
414 2004 532 2049 Plin.
558 2002 627 2055 35,
648 2003 691 2047 4.
772 2001 995 2047 Gruterus
1029 2003 1111 2047 ad-

189 2095 192 2107 ,
220 2062 397 2129 scripsit
417 2062 570 2106 locum
593 2061 717 2104 Suet.
744 2059 824 2104 lul.
854 2076 894 2105 c.
918 2063 987 2104 11.

277 2134 559 2191 quibusdam
577 2131 755 2173 diebus.
805 2129 1114 2175 Strombeek.:

221 2192 452 2238 wahrend
476 2189 646 2243 einiger
667 2188 814 2241 Tage.
874 2187 1115 2232 Ricklefs.2

225 2252 385 2295 etliche
418 2245 573 2300 Tage„
639 2243 912 2288 Gutmann.:
962 2245 1115 2299 einige

208 2309 368 2363 -Tage.
427 2303 574 2346 Nemo
604 2302 710 2346 satis
739 2310 878 2345 recte.
937 2301 1115 2360 Lipsius

219 2367 308 2410 iam
342 2361 645 2422 quaesiverat:
692 2361 893 2416 „quibus
925 2362 1120 2403 diebus?

222 2432 265 2467 et
287 2419 479 2477 cui-‘hoc
497 2418 556 2461 ita
580 2415 871 2476 ἀορίστως.9”
935 2417 1019 2462 Cui
1047 2433 1113 2458 re·

224 2479 464 2539 spondeas:
496 2475 770 2521 vocabulum
793 2475 954 2517 diebus
976 2474 1113 2533 signi-

224 2536 426 2584 ficantius
450 2540 492 2577 et
514 2532 729 2589 exquisite
752 2532 810 2574 ita
831 2533 1037 2590 ponitur,
1069 2540 1118 2574 ut

227 2597 411 2639 denotet
441 2591 533 2635 dies
559 2589 808 2637 solemnes,
839 2590 999 2647 quibus
1022 2588 1118 2632 fieri

225 2653 396 2704 solebat
426 2647 585 2708 20121111
619 2663 870 2703 concursus
901 2647 957 2690 ad
989 2647 1118 2706 prin-

228 2711 374 2768 cipem
400 2706 582 2766 publice
613 2705 913 2763 prodeuntem
945 2714 989 2748 et
1022 2704 1119 2762 qui-

226 2770 308 2811 bus
344 2764 519 2809 occasio
553 2772 648 2807 erat
687 2762 790 2805 talia
824 2762 1118 2805 adclamandi.

225 2821 524 2874 Germanice:
553 2834 619 2863 an
640 2822 867 2874 gewz'ssen
879 2819 1060 2874 Tagen.

248 2898 253 2903 '
285 2895 602 2935 adstruerent.
663 2888 745 2932 Ed.
763 2884 883 2947 Spir.
907 2890 1120 2932 abstrue-

229 2957 354 2994 rent.
453 2947 621 2990 Eadem
691 2963 796 2990 mox
846 2947 1029 2990 Neroni
1076 2955 1122 2989 et

235 3007 431 3057 Othoni,
481 3012 652 3063 puncto
695 3003 845 3062 posito
887 3011 989 3048 ante
1024 3004 1119 3047 Ne-

230 3080 348 3110 rom.

284 3121 486 3166 vetandi
538 3126 667 3161 metu
723 3121 797 3162 vel
844 3120 1128 3174 agnoscendi

227 3185 426 3237 pudore.
513 3176 617 3221 MS.
660 3175 812 3219 Guelf.
857 3176 958 3220 edd.
1002 3176 1123 3234 Spir-

230 3239 340 3283 Put.
363 3235 430 3279 M.
457 3242 500 3277 et
527 3235 582 3277 V.
609 3249 705 3291 sqq.
735 3242 912 3276 metum
939 3267 949 3277 .
969 3262 1006 3277 ..
1029 3250 1119 3288 pu-

233 3300 412 3339 dorem.
473 3290 738 3339 Rhenanus,
771 3306 910 3348 quum
943 3291 991 3334 in
1018 3290 1121 3333 MS.

235 3353 352 3397 Bud.
369 3347 611 3394 invenisset
632 3357 783 3396 metu,
817 3348 1012 3392 correxit
1027 3363 1121 3391 me·

237 3420 288 3454 tu
311 3442 322 3453 .
338 3441 348 3453 .
365 3441 376 3453 .
396 3410 598 3462 pudore,
629 3414 671 3447 et
696 3405 759 3450 sic
781 3406 941 3450 deinde
968 3422 1124 3449 omnes

236 3463 429 3510 edidere.
518 3463 586 3505 De
623 3462 725 3504 MS.
761 3461 883 3505 Flor.
930 3463 1013 3506 sub
1058 3462 1124 3506 his

235 3521 466 3569 vocabulis
487 3518 716 3567 Victorius
745 3518 853 3561 nihil
883 3520 1124 3564 adnotavit.

233 3581 429 3625 'Pichena
472 3588 515 3620 et
563 3577 654 3621 lac.
692 3575 948 3619 Gronovius
998 3579 1127 3622 tacite

1180 1257 1358 1301 edidere
1390 1265 1522 1300 metu
1553 1289 1566 1303 .
1590 1289 1604 1302 .
1627 1290 1638 1302 .
1664 1261 1864 1314 pudore.
1931 1257 2068 1303 MSS.

1178 1315 1304 1359 Harl.
1331 1314 1461 1358 Bodl.
1483 1315 1568 1360 les.
1633 1319 1889 1370 pudorem.-
1918 1325 2072 1362 utrum

1178 1373 1310 1416 metu
1340 1388 1397 1415 an
1425 1380 1606 1416 metum
1642 1372 1876 1418 Broterius
1915 1375 2072 1419 tacuit.

1180 1429 1317 1474 MSS.
1359 1429 1471 1487 Reg.
1506 1429 1646 1474 Corb.
1690 1447 1798 1476 cum
1841 1431 1912 1476 ed.
1950 1432 2070 1492 Spir.

1183 1486 1459 1546 conspirant.
1549 1485 1666 1532 Utut
1721 1489 1804 1541 sit,
1870 1505 2073 1534 errorem

1183 1545 1348 1589 creavit
1373 1544 1560 1588 verbum
1583 1547 1757 1598 tenuit,
1817 1547 1909 1590 uod
1942 1546 2075 1592 lib'ra·

1182 1602 1357 1646 riorum
1386 1602 1563 1646 inscitia
1593 1602 1725 1647 traxit
1753 1619 1776 1648 a
1835 1612 2007 1648 metum
2032 1613 2075 1648 et

1185 1660 1423 1719 pudorem.
1470 1659 1644 1704 Verum
1664 1659 1855 1719 elliptice
1877 1660 2074 1720 ponitur,

1184 1726 1234 1761 ut
1265 1717 1516 1775 intelligas:
1566 1718 1614 1760 in
1660 1733 1875 1775 suspenso
1918 1719 2074 1772 tenuit,

1185 1790 1242 1817 ne
1267 1783 1437 1818 vetaret
1467 1783 1542 1818 aut
1574 1785 1862 1832 agnosceret,
1893 1779 2084 1823 vetandi*

1184 1839 1308 1875 metu
1345 1829 1418 1876 vel
1449 1831 1722 1890 agnoscendi
1789 1833 1948 1877 udore.
2008 1835 2075 1879 Si·
2112 1870 2114 1873 >

1184 1888 1352 1933 militer
1371 1887 1558 1932 Sueton.
1579 1888 1671 1933 Tit.
1696 1902 1736 1933 e*-
1754 1907 1757 1913 ¹
1792 1890 1894 1934 :In
1913 1893 2078 1938 ceter-tte

1186 1961 1295 1990 vero
1327 1947 1570 1990 desideriis
1594 1947 1840 1990 hominum
1871 1949 2076 1994 obstina-

1188 2006 1361 2047 tissime
1396 2006 1571 2055 tenuit,
1615 2019 1674 2046 ne
1707 2018 1844 2060 quem
1865 2007 1964 2049 sine
1994 2014 2078 2064 spe

1185 2063 1459 2104 dimitteret.
1527 2061 1664 2105 MSS.
1697 2061 1814 2120 Reg.
1838 2061 1977 2108 Corb.
2005 2067 2076 2110 ed.

1185 2118 1303 2177 Spir.
1329 2134 1411 2186 pro
1439 2119 1511 2159 vel
1530 2118 1696 2161 habent
1722 2127 1784 2162 et.
1807 2146 1869 2158 .-
1922 2136 2075 2177 agno-

1186 2179 1339 2219 scendz
1364 2174 1499 2218 MSS.
1524 2175 1647 2220 Flor.
1672 2179 1794 2232 (test.
1817 2176 1936 2222 Vici.
1970 2196 2075 2224 cum

1186 2232 1402 2288 Pichena)
1427 2231 1538 2289 Reg.
1565 2232 1703 2277 Corb.
1739 2234 1838 2278 edd.
1867 2236 1898 2279 S
1933 2236 1986 2282 ir.
2006 2238 2078 2281 Pi-

1188 2291 1315 2335 chen.
1338 2306 1437 2348 sqq.
1470 2298 1513 2333 et
1537 2290 1602 2334 sic
1622 2289 1865 2336 voluerant
1921 2299 2080 2339 nemus

1187 2357 1230 2392 et
1264 2348 1453 2405 Lipsius.
1489 2374 1548 2384 -
1610 2351 1913 2402 cognoscendi
1938 2351 2076 2396 MSS.

1187 2406 1304 2450 Bud.
1338 2404 1460 2447 Harl.
1497 2402 1631 2449 Bodl.
1666 2404 1750 2448 les.
1785 2404 1937 2451 Guels.
1973 2409 2076 2454 edd.

1189 2465 1296 2506 Put.
1318 2458 1527 2507 Beroald.
1551 2461 1650 2507 Alc.
1677 2461 1822 2509 Rhen.
1852 2463 1958 2508 Ald.
1983 2481 2080 2525 sqq.

1191 2520 1245 2564 ad
1269 2519 1530 2564 Pichenam.
1590 2519 1647 2564 cf.
1669 2518 1835 2564 Noster
1871 2522 1926 2565 de
1949 2521 2079 2569 Orat.
2096 2561 2106 2568 .

1191 2595 1231 2622 c.
1258 2577 1301 2621 3.
1331 2591 1559 2632 agnosces
1598 2592 1714 2633 quae
1745 2580 1929 2624 audisti.
1990 2581 2079 2626 An.

1190 2634 1232 2684 4,
1263 2634 1332 2678 34.
1364 2636 1407 2677 si
1434 2636 1680 2686 irascaris,
1719 2637 1885 2690 agnita
1915 2637 2078 2682 viden-

1193 2702 1271 2736 tur
1299 2691 1517 2747 (carmina
1540 2692 1791 2750 probrosa).

1247 2775 1359 2820 CAP.
1390 2774 1463 2819 79.
1524 2775 1815 2820 Rhoxolani.
1871 2773 1948 2821 Sic
1977 2779 2082 2821 seri-

1190 2834 1363 2877 buntur
1413 2834 1459 2875 in
1499 2834 1808 2884 monimento,
1843 2833 1971 2878 euius
1993 2830 2085 2878 ‘in-

1528 2890 1687 2989 ae
1707 2890 2011 2993 erm
2030 2894 2086 2993 τά

1237 2963 1269 2989 ns
1296 2979 1306 2990 .
1365 2979 1377 2998 ,
1458 2979 1467 2990 .
1491 2963 1515 2990 e
1753 2963 1812 2991 e«.
1931 2981 1942 2993 .
2014 2981 2028 2998 ,
2074 2982 2084 2993 .

1195 3022 1238 3063 p.
1265 3004 1365 3048 340.
1402 3013 1445 3048 et
1475 2963 1682 3049 Piraliigsli
1713 3003 1951 3049 Anticma
1981 3007 2083 3050 lto-

1197 3076 1340 3106 mane
1363 3062 1539 3106 tab.X1.
1593 3062 1794 3106 Eandem
1816 3062 2084 3122 scripturam
2126 3073 2133 3077 ’

1196 3128 1444 3176 sequuntur
1478 3120 1579 3162 edd.
1614 3119 1822 3163 Beroald.
1858 3122 1979 3175 (cum
2014 3122 2086 3165 sil.

1196 3177 1340 3231 Viet.)
1361 3177 1464 3221 Alc.
1486 3176 1628 3220 Rhcn.
1648 3177 1760 3220 Ald.
1787 3193 1915 3236 sqq-3
1955 3178 2086 3222 Rho-

1195 3234 1358 3277 solam'
1384 3234 1487 3276 MS.
1517 3232 1700 3288 Guelf.;
1755 3234 1988 3277 Rosolam‘
2014 3237 2087 3282 ed.

1196 3293 1227 3336 S
1262 3291 1345 3342 ir.;
1401 3293 1662 3338 Rhesolani
1687 3291 1798 3334 edd.
1819 3291 1924 3336 Put.
1950 3292 2018 3336 M.
2043 3303 2089 3339 et

1195 3307 1258 3391 VK.³
1331 3348 1536 3407 Utraque
1566 3348 1790 3392 scribendi
1821 3350 1935 3392 ratio
1962 3350 2087 3398 inve·

1196 3405 1319 3449 nitur
1339 3406 1471 3449 etiam
1491 3406 1537 3449 in
1550 3405 1685 3449 MSS.
1709 3405 1834 3459 (teste
1844 3405 2088 3465 Broterio).

1196 3464 1442 3506 Roxolani
1477 3471 1583 3508 sunt
1626 3461 1744 3519 apud
1778 3463 1998 3521 Spartian.
2039 3467 2087 3508 in

1197 3519 1411 3564 Hadrian.
1445 3536 1488 3564 c.
1509 3520 1552 3563 6.
1611 3517 1870 3563 narduinus
1902 3536 1926 3564 e
1958 3521 2089 3568 Plinii

1197 3576 1338 3622 MSS.
1365 3577 1484 3622 dedit
1505 3578 1846 3621 Rhoxolanos:
