2138 4030
1721 264 1775 342 2:
1791 264 1844 346 ¹3:
1869 266 1954 352 ⁸33:

182 274 308 334 282
734 262 1462 349 HlsT-offlARuM

181 401 547 473 iamadfore.
632 395 691 455 Is
722 409 913 456 terror
940 396 1267 474 obstructas
1305 407 1533 455 mentes
1569 398 1834 473 consiliis
1871 401 2036 460 ducis

183 485 429 564 aperuit.
516 482 715 541 sistere
748 481 1293 541 tertiamdecumam
1327 481 1717 564 legionemrin
1741 484 1871 560 ipso
1887 486 2036 543 'viae

180 570 518 631 Postumiae
540 587 743 642 aggere
769 567 962 634 iubet,
1006 565 1102 622 cui
1128 565 1328 636 iuncta
1353 587 1388 624 a
1414 567 1582 624 laevo
1609 580 1874 644 septuma
1889 567 2038 629 Gal-

180 659 359 717 biana
407 654 632 731 patenti
681 671 886 726 campo
941 649 1128 718 stetit,
1203 651 1342 708 dein
1393 663 1658 728 septuma
1706 651 2037 715 Claudiana

182 742 391 819 agresti
425 743 590 797 fossa.
615 733 726 815 (ita
757 737 919 793 locus
957 732 1106 813 erat)
1141 738 1538 810 praemunita,
1592 739 1796 796 dextro
1833 731 2036 797 octava

181 849 289 906 per
329 837 595 903 apertum
629 821 916 890 limitem‚·
957 834 1099 876 'mox
1138 820 1312 877 tertia.
1347 823 1544 880 densis
1571 824 1826 883 arbustis
1850 824 2040 883 inter-

240 1023 280 1064 is
305 1028 481 1064 terror.
541 1015 647 1060 MS.
669 1013 821 1058 Guelf.
852 1013 955 1055 ideo
979 1017 1073 1053 ter·

181 1094 278 1124 ror.
338 1077 389 1119 In
416 1090 554 1135 marg.
581 1075 621 1116 is
644 1090 667 1116 a
686 1089 775 1115 rec.
796 1086 950 1113 manu.

239 1136 689 1180 tertiumdecumam.
772 1128 849 1173 Sic
889 1126 1001 1182 (sive
1043 1134 1074 1169 t.

182 1194 429 1248 decimam)
462 1188 595 1232 MSS.
627 1188 750 1231 Flor.
785 1194 900 1241 (test.
931 1184 1074 1239 Pich.)

181 1253 299 1295 Bud.
336 1251 445 1307 Reg.
484 1245 625 1299 Corb.
666 1246 776 1300 Agr.
819 1243 917 1287 edd.
953 1242 1073 1299 Spir.

181 1311 286 1353 Put.
308 1308 377 1351 M.
403 1315 445 1348 et
467 1303 523 1347 V.
544 1300 754 1345 Beroald.
785 1301 904 1355 (cum
928 1298 1075 1342 silent.

183 1367 322 1420 Vict.)
361 1364 460 1409 Alc.
507 1385 564 1396 -·
623 1367 815 1402 ternam
845 1358 1076 1400 decimam

179 1421 449 1469 MSS.Harl.
463 1417 693 1462 Bodl.‘les.
707 1414 858 1458 Guelf.
880 1439 937 1446 —
964 1413 1078 1456 Rhe-

181 1498 326 1526 nanus
353 1478 515 1524 delevit
538 1476 798 1528 decimam,
833 1472 934 1529 quia
960 1470 1077 1512 infra

182 1549 285 1598 post
321 1537 458 1582 verba
493 1533 718 1579 limitem,
764 1545 882 1573 mox·
912 1529 1075 1572 iterum

183 1596 511 1646 tertiadecuma
550 1599 615 1634 est
649 1589 696 1631 in
729 1587 865 1632 MSS.
896 1595 939 1630 et
971 1594 1077 1631 vett.

183 1644 299 1699 edd.
327 1660 369 1696 et
408 1650 587 1707 quidem
627 1646 808 1689 diverso
852 1645 955 1688 loco
995 1643 1075 1686 ad-

180 1713 366 1771 signata.
423 1707 644 1756 Pichena,
674 1719 808 1762 quem
828 1708 1075 1759 sequuntur

181 1768 442 1818 Broterius,
471 1765 651 1808 Ernest.
677 1777 801 1819 sqq.,
838 1759 912 1802 hic
937 1774 1077 1815 repo-

185 1829 273 1872 suit
294 1826 490 1869 terciam
514 1821 772 1873 decimam,
806 1816 923 1860 infra
952 1815 1076 1858 dele-

182 1887 245 1928 vit
280 1884 481 1926 decima.
551 1880 641 1920 lac.
675 1875 937 1920 Gronovius
970 1874 1077 1916 duas

182 1944 348 1988 tertias
369 1940 571 1983 decimos
595 1934 641 1977 in
666 1934 739 1977 illa
766 1933 861 1975 acie
886 1929 1078 1973 adfuisse

181 1999 349 2046 statuit.
407 1996 658 2041 Adversum
684 1996 819 2050 quem
847 1988 1078 2032 Ernestius

181 2053 496 2104 animadvertit
526 2049 800 2108 cognomine
834 2055 930 2089 tum
964 2046 1076 2112 alte-

181 2132 281 2163 ram
333 2114 386 2156 ab
438 2110 575 2154 altera
623 2110 892 2162 scriptorem
939 2105 1076 2168 fluisse

181 2173 517 2220 distincturuin.
607 2165 663 2208 Et
712 2164 902 2205 tertiam
955 2169 1077 2202 inter

183 2231 289 2279 alias
317 2228 378 2272 ibi
409 2224 602 2270 adfuisse
633 2220 739 2264 satis
770 2227 886 2275 patet
921 2233 968 2259 ex
993 2217 1080 2258 hoc

182 2291 280 2348 ipso
305 2284 447 2343 capite
468 2291 511 2325 et
535 2297 575 2324 c.
593 2278 665 2322 24.
724 2275 993 2319 Rhenanum
1016 2282 1078 2316 ta·

181 2363 288 2392 men
311 2347 564 2400 sequuntur
585 2334 753 2393 Ryek„
788 2331 1079 2379 Lalleman‹l.,

179 2403 400 2453 Sti-emb„
420 2397 688 2445 Gutmann„
711 2389 993 2435 Ricklefsius.
1022 2387 1079 2430 Et

181 2450 467 2506 Gutmannus
518 2451 702 2512 quidem
753 2455 879 2507 putat
910 2446 1079 2488 lucem

180 2519 290 2568 huic
314 2517 418 2560 loco
443 2509 607 2556 adferri
634 2524 656 2552 e
680 2523 777 2566 cap.
800 2504 870 2548 24.
930 2502 1074 2546 Nam-

179 2567 269 2638 que
305 2571 532 2617 Antonius
564 2567 626 2609 ibi
662 2562 920 2621 adloquitur
956 2575 1077 2608 suos,

183 2644 227 2682 et
248 2632 448 2692 primum
460 2622 747 2669 Pannonicas
770 2619 965 2680 legiones
984 2617 1027 2688 b.
1041 2633 1078 2660 e.

180 2687 598 2743 tertiamdecumam
624 2687 666 2724 et
697 2695 742 2722 se
778 2688 946 2721 tumam
969 2674 1078 2719 Gal-

181 2750 382 2799 bianam.
425 2745 486 2788 cf.
518 2756 643 2798 supr.
670 2736 712 2788 2,
762 2736 802 2778 6.
871 2732 994 2800 Tum
1023 2730 1078 2774 ad

183 2804 414 2852 Moesicos
437 2797 722 2845 convertitur
743 2793 788 2839 h.
813 2809 852 2835 e.
880 2789 1079 2848 legiones

185 2873 394 2909 octavam
426 2867 468 2903 et
500 2862 750 2914 septumam
771 2848 1078 2895 Claudianam.

187 2921 250 2967 cf.
273 2935 394 2976 supr.
414 2917 456 2969 2,
474 2915 544 2958 85.
606 2909 724 2953 Dein
749 2907 982 2951 tertianas
1002 2903 1078 2946 ad·

185 2985 348 3025 monet
399 2982 443 3017 et
493 2968 687 3026 denique
734 2963 1082 3026 praetorianos.

185 3037 284 3085 lam
300 3033 367 3076 vir
390 3031 466 3075 ille
493 3029 653 3072 doetus
678 3024 918 3068 arbitratur
939 3019 1082 3062 Anto·

188 3093 315 3138 nium
351 3105 375 3133 a
403 3088 551 3130 dextra
582 3083 677 3127 acie
711 3093 865 3124 orsum
897 3075 951 3119 ad
984 3091 1081 3143 nie-

190 3150 311 3196 diam
346 3144 598 3190 transiisse:
642 3140 698 3184 ad
733 3137 907 3181 laevam
941 3148 1083 3180 aciem

190 3206 321 3257 illum
359 3217 450 3246 non
489 3197 744 3257 pervenisse
782 3203 988 3259 ternpore
1028 3189 1084 3234 ad

194 3256 435 3310 dicendum
467 3255 701 3301 deficiente
734 3251 830 3298 sive
863 3247 1086 3292 lncldente

194 3319 349 3366 officio
376 3314 599 3376 graviore.
660 3311 769 3353 lnde
799 3306 969 3364 colligit
996 3313 1087 3347 ter-

194 3379 560 3428 tiumdeoumam
581 3368 705 3424 (quia
726 3364 954 3410 Antonius
974 3362 1089 3405 Pan·

191 3434 383 3487 nonicas
405 3429 603 3487 legiones
628 3424 826 3482 primum
853 3419 1092 3465 adlocutus

196 3496 283 3549 est)
311 3485 566 3549 ponendam
592 3497 685 3526 esse
707 3480 754 3523 iu
779 3487 973 3522 extrema
997 3477 1092 3521 acie

193 3552 374 3599 dextra,
401 3543 579 3593 tertiam
600 3539 647 3583 in
668 3536 827 3583 media.
888 3535 977 3578 Sed
998 3550 1090 3592 gra·

203 3602 379 3657 sissima
425 3609 551 3655 suut,
598 3612 711 3656 quae
750 3593 855 3639 huie
889 3592 1092 3651 opinioni

1147 1011 1340 1063 obstent.
1400 1012 1515 1058 Nam
1549 1031 1588 1059 c.
1608 1015 1933 1065 24.‘Antonius
1966 1015 2040 1060 di-

1147 1078 1264 1112 serte
1297 1069 1458 1114 dicitur
1488 1070 1721 1118 adlocutus
1744 1072 2041 1117 Pannonicas

1146 1127 1347 1180 legiones
1390 1127 1431 1171 h.
1467 1145 1505 1172 e.
1542 1129 1953 1174 tertiamdecumam
2000 1139 2042 1174 et

1146 1192 1396 1240 septuniam
1419 1184 1702 1230 Galbianam.
1758 1187 2041 1239 sumendum

1147 1242 1282 1298 igitur
1305 1250 1540 1301 utramque
1562 1245 1680 1286 iuxta
1702 1244 1886 1288 stetisse.
1946 1244 2041 1288 Iam

1146 1315 1253 1341 vero
1281 1299 1382 1358 quia
1406 1310 1607 1358 septuma
1632 1299 1848 1344 Galbiana
1867 1302 1988 1344 stetit
2017 1317 2042 1344 a

1150 1357 1304 1405 laevo,
1349 1355 1597 1401 Gutmanni
1631 1358 1890 1402 coniectura
1925 1368 2042 1402 stare

1150 1415 1318 1471 nequit.
1398 1415 1661 1458 Secundum
1699 1424 1924 1474 receptam
1959 1415 2038 1459 ffi-

1151 1471 1316 1515 chenae
1384 1473 1655 1530 scripturam
1723 1473 2045 1517 tertiadecuma

1149 1529 1269 1573 stetit
1302 1529 1350 1572 in
1382 1530 1527 1572 media
1561 1529 1679 1581 acie,
1718 1530 1792 1574 cui
1826 1530 1978 1574 iuncta
2015 1547 2040 1574 a

1149 1589 1275 1632 laevo
1299 1596 1502 1645 Septuma
1527 1586 1761 1631 Galbiana.
1818 1587 1911 1631 Hae
1936 1596 2041 1631 sunt

1149 1645 1262 1687 duae
1293 1644 1595 1688 Pannonicae.
1671 1644 1863 1688 Moesici
1902 1644 1965 1702 (b.
2003 1661 2040 1688 e.

1147 1709 1348 1760 septuma
1389 1701 1653 1758 Claudiana)
1701 1702 1875 1746 stabant
1923 1703 2043 1745 iuxta

1148 1767 1274 1817 septu
1282 1775 1398 1803 mam
1412 1758 1694 1804 Galbianam.
1749 1758 1903 1803 Altera
1915 1759 2041 1802 Moe-

1148 1817 1239 1860 sica
1273 1816 1318 1859 h.
1352 1832 1393 1860 e.
1429 1824 1584 1859 octava
1618 1815 1772 1860 locum
1805 1817 1984 1872 tenebat
2017 1833 2043 1860 a

1149 1875 1318 1918 dextra.
1375 1874 1491 1917 Puta
1517 1873 1651 1931 igitur
1673 1874 1858 1922 ducem,
1897 1881 1948 1916 ut
1967 1873 2041 1917 ad·

1148 1931 1288 1983 solet,
1322 1947 1474 1974 orsum
1498 1948 1522 1973 a
1540 1930 1685 1974 media
1706 1930 1800 1974 acie
1820 1930 2043 1974 transiisse

1149 1989 1203 2032 ad
1227 1989 1416 2032 alterum
1441 1990 1568 2038 latus,
1597 1988 1791 2045 indeque
1811 1996 2041 2032 revectum

1148 2047 1346 2089 dextram
1373 2061 1553 2105 quoque
1580 2044 1720 2088 aciem
1743 2047 2046 2103 perlustrasse.

1204 2131 1279 2172 cui
1294 2131 1464 2177 iuncea,
1490 2128 1592 2172 ‚Ed.
1607 2127 1723 2185 Spir.
1746 2135 1846 2171 tum
1865 2130 2041 2174 iuncta.

1150 2186 1316 2230 Eadem
1345 2203 1445 2229 mox
1471 2187 1693 2251 oggi-esti.

1204 2270 1532 2324 praemunita.
1590 2269 1692 2312 MS.
1711 2267 1863 2313 Guelf.
1890 2276 2037 2326 ,prma-

1150 2331 1255 2370 m'tu
1295 2327 1338 2370 b.
1376 2343 1416 2370 e.
1450 2327 1735 2381 permunita.
1803 2327 1889 2371 Ed.
1917 2324 2038 2386 Spir-

1145 2385 1474 2442 praemum‘tus
1498 2389 1584 2442 (sc.
1606 2384 1776 2442 locus).

1203 2484 1291 2525 per
1321 2475 1535 2520 apertum
1566 2467 1783 2513 limitem.
1839 2465 2044 2525 intellige

1147 2528 1266 2572 viam
1307 2535 1604 2583 campestrem
1648 2540 1672 2568 a
1712 2524 1793 2568 via·
1815 2524 2045 2569 Postumia

1147 2601 1228 2643 per
1261 2599 1391 2642 agros
1417 2599 1609 2629 versam.
1667 2585 1899 2637 Apertum
1933 2582 2045 2626 limi-

1149 2651 1238 2686 tem
1275 2641 1410 2694 dicit,
1448 2649 1497 2683 ut
1522 2648 1779 2698 opponatur
1798 2639 1946 2687 densis
1975 2657 2042 2683 ar·

1148 2699 1311 2751 bustis,
1352 2699 1512 2755 quibus
1546 2696 1675 2740 tertia
1697 2695 1936 2754 intersepta
1956 2705 2043 2740 sta-

1150 2758 1240 2800 bat.
1326 2754 1622 2799 Germanice:
1689 2755 1822 2797 einen
1862 2753 2044 2809 offenen

1151 2815 1373 2868 Feldweg
1422 2815 1627 2867 entlang.
1711 2810 1923 2855 Ceterum
1975 2812 2044 2855 ed.

1154 2871 1274 2928 Spir.
1314 2887 1396 2927 pro
1434 2870 1632 2912 limitem
1665 2867 1837 2926 vulgari
1877 2868 2040 2914 confu-

1154 2930 1280 2972 sione
1303 2928 1434 2971 habet
1460 2929 1675 2970 milicem.
1877 2940 1882 2944 ·

1209 3012 1366 3055 densis
1395 3010 1604 3055 arbustis
1634 3009 1907 3063 intersepta.
1975 3009 2046 3053 ln-

1152 3068 1301 3127 tellige
1322 3069 1495 3112 tertiam
1519 3083 1610 3111 non
1634 3073 1787 3127 aperto
1814 3081 1944 3125 agro,
1969 3068 2047 3112 sed

1153 3129 1201 3170 in
1227 3127 1331 3170 loco
1357 3124 1505 3182 densis
1531 3123 1720 3167 arbustis
1751 3124 1924 3167 consito
1955 3127 2046 3179 col-

1156 3184 1351 3229 locatam
1364 3214 1378 3232 ,
1408 3192 1457 3227 ut
1474 3181 1535 3226 ita
1552 3190 1656 3240 post
1676 3180 1858 3225 arbusta
1880 3188 2047 3227 starent

1158 3243 1320 3286 milites
1353 3239 1418 3283 vel
1452 3255 1533 3300 per
1563 3239 1743 3283 arbusta
1772 3238 2046 3283 collocaren-

1157 3310 1246 3344 tur.
1316 3297 1455 3354 lgitur
1483 3303 1536 3339 ‘ut
1572 3304 1774 3352 Septuma
1805 3293 2046 3343 Claudiana

1160 3357 1252 3414 agri
1298 3355 1416 3399 fossa
1464 3352 1768 3412 praemunita,
1816 3351 1876 3395 ita
1917 3352 2045 3396 tertia

1161 3413 1310 3458 densis
1343 3411 1535 3456 arbustis
1568 3412 1832 3467 intersepta,
1883 3409 2047 3476 quibus

1162 3471 1512 3514 defenderentur
1536 3469 1590 3512 ab
1612 3466 1808 3511 hostium
1833 3465 1946 3510 telis.
1990 3465 2048 3509 cf.

1164 3547 1203 3575 c.
1235 3528 1307 3571 23.
1344 3528 1554 3582 dispersa
1581 3525 1738 3580 primo
1770 3529 1818 3565 ee
1847 3525 2051 3572 arbustis

1162 3589 1260 3633 sine
1282 3585 1481 3630 hostium
1502 3598 1634 3630 noxa
1655 3581 1807 3629 inlisa.

2091 3661 2114 3673 ,A
