2138 4030
1916 0 2047 27 ‚mmm-*3*

1969 51 1972 54 >
2063 0 2133 93 .κὶ
2135 41 2138 70 1

2117 105 2131 145 t

184 316 302 373 116
749 310 1451 379 HtsTORIARUM
1724 263 1991 397 2:85⁸&

176 445 386 518 vulgus
399 489 421 513 ‚-
457 455 523 501 ut
558 462 686 501 mos
723 455 837 514 est,
881 443 1281 520 cuiuscunque
1319 456 1517 503 motus
1551 446 1698 503 novi
1735 449 2034 526 cupidum.

178 541 235 586 et
260 529 542 605 obsequia
566 529 882 586 meliorum
913 545 1031 584 nox
1058 528 1396 590 abstulerat.
1480 531 1848 592 resistentem
1866 534 2038 594 sedi—

178 614 332 672 tioni
366 615 676 671 tribunum
703 626 760 670 et
788 612 1184 670 severissimos
1218 615 1636 675 centurionum
1662 619 2038 682 obtruncant.

179 710 346 774 rapta
381 720 574 769 arma,
630 696 842 755 nudati
877 697 1089 771 gladii,
1142 698 1463 758 insidentes
1511 702 1678 779 equis
1718 703 1932 762 urbem
1973 725 2039 764 ac

181 784 466 860 palatium
498 794 726 860 petunt.
785 845 791 851 ,
841 839 846 843 .
1667 794 1671 798 ’

346 881 623 943 LXXXI.
679 878 828 939 Erat
849 878 1086 940 Othoni
1123 883 1350 940 celebre
1384 881 1726 943 convivium
1758 882 2040 964 primori-

181 972 291 1027 bus
328 969 564 1025 feminis
602 966 895 1045 virisque,
954 967 1058 1044 qui
1093 966 1339 1043 trepidi,
1394 970 1750 1028 fortuitusne
1781 972 2041 1037 militum

180 1057 349 1112 furor
394 1073 470 1110 an
513 1053 686 1109 dolus
720 1046 1118 1128 imperatoriS,
1186 1073 1424 1110 manere
1463 1075 1528 1111 ac
1563 1053 1929 1132 deprehendi
1964 1079 2041 1115 an

183 1142 382 1214 fugere
414 1150 469 1195 et
502 1133 758 1213 dispergi
798 1137 1189 1212 periculosius
1218 1138 1400 1208 foret,
1441 1141 1620 1211 modo
1654 1142 2043 1203 constantiam

187 1225 492 1292 simulare,
535 1223 716 1279 modo
759 1223 1080 1279 formidine
1117 1224 1337 1297 detegi,
1393 1224 1570 1282 simul
1609 1221 1874 1284 Othonis
1910 1229 2045 1286 vul-

185 1311 333 1368 tum'
363 1308 602 1368 intueri.
710 1320 894 1384 utque
944 1308 1141 1365 evenit
1183 1306 1482 1366 inclinatis
1531 1311 1607 1366 ad
1653 1311 2046 1387 suspicionem

186 1383 514 1463 mentibus,
552 1414 715 1466 *cum
747 1394 979 1451 timeret
1011 1389 1207 1462 Otho,
1274 1394 1611 1455 timebatur.
1710 1395 1840 1455 sed
1883 1393 2046 1456 haud

184 1498 348 1536 secus
385 1478 725 1535 discrimine
756 1490 991 1535 senatus
1024 1499 1199 1555 quam
1238 1498 1343 1536 suo
1381 1477 1620 1538 territus
1646 1490 1703 1539 et
1726 1483 2048 1557 praefectos

186 1561 469 1641 praetorii
500 1565 574 1638 ad
615 1564 971 1638 mitigandas
1007 1564 1268 1621 militum
1302 1564 1419 1620 iras
1460 1565 1660 1622 statim
1699 1565 1943 1625 miserat
1991 1580 2050 1626 et

189 1650 352 1707 abire
370 1662 620 1725 propere
643 1670 851 1706 omnes
879 1670 909 1705 e
935 1645 1208 1705 convivio
1233 1648 1420 1709 iussit.
1481 1644 1642 1707 Tum
1664 1668 1805 1709 vero
1830 1654 2049 1728 passim

188 1728 562 1809 magistratus
586 1735 861 1810 proiectis
892 1735 1254 1807 insignibuQ
1300 1734 1479 1792 vitata
1515 1736 1799 1794 comitum
1834 1748 1892 1795 et
1925 1756 2051 1796 ser-r·

190 1840 404 1878 vorum
451 1821 814 1896 frequentia,
879 1839 1045 1876 senes
1082 1819 1452 1896 feminaeque
1490 1840 1596 1895 per
1639 1822 1911 1880 tenebras
1954 1817 2050 1881 dia-

169 1906 357 1962 ‘versa
382 1906 549 1962 urbis
577 1906 808 1976 itinera,
851 1905 971 1961 rari
995 1902 1222 1974 domm,
1263 1904 1508 1981 plurimi
1535 1906 1863 1964 amicorum
1887 1919 2052 1979 tecta,

193 2003 249 2048 et
289 2002 357 2048 ut
403 1992 614 2068 cuique
656 1988 1029 2048 humillimus
1073 1991 1284 2059 clienS‚
1350 1984 1601 2049 incertas
1647 1992 1901 2052 latebrae
1943 2015 2052 2072 ‚peu

99 2120 113 2140 χ
194 2076 397 2135 tivere.

224 2375 228 2379 ι
253 2319 573 2380 cuiuscunque.
658 2322 733 2365 Sic
774 2322 908 2366 codd.
948 2321 1089 2367 MSS.

197 2375 324 2428 Flor.
364 2386 498 2439 (teste
539 2381 629 2423 lae.
667 2378 936 2437 Gronovio)
975 2382 1018 2426 A
1051 2397 1091 2424 r.

199 2438 355 2484 Guelf.
378 2439 541 2496 aliique
562 2442 690 2491 (teste
710 2436 958 2490 Broterio),
989 2454 1012 2480 e
1048 2438 1092 2481 d.

198 2498 319 2556 Spir.
344 2496 447 2541 Put.
467 2497 570 2539 Ber.
596 2496 720 2550 (eum
738 2494 806 2538 sil.
832 2493 967 2552 Viet.)
989 2495 1092 2541 Alc.

200 2564 244 2598 et
263 2554 424 2598 deinde
446 2552 590 2614 Ryek.
617 2568 714 2611 sqq.
738 2572 797 2588 —-
846 2552 1092 2596 Rhenanus

200 2630 224 2656 e
246 2610 350 2655 MS.
379 2611 498 2654 Bud.
521 2610 700 2654 dederat
720 2611 945 2665 cuiusque,
969 2610 1091 2667 quod

202 2667 381 2715 duravit
410 2669 466 2712 a'd
500 2666 742 2723 Ryckium.
819 2667 875 2710 Et
907 2668 1091 2726 ponitur

201 2727 265 2770 sic
288 2727 479 2783 quisque
501 2739 585 2784 pro
609 2726 877 2782 quicunque.
916 2723 977 2770 cf.
996 2733 1091 2769 not.

203 2784 260 2827 ad
285 2784 375 2827 An.
400 2787 440 2833 1,
463 2784 504 2827 6.

258 2843 486 2884 seditioni.
560 2839 636 2883 Sic
667 2839 770 2884 MS.
807 2839 960 2884 Guelf.
991 2839 1090 2884 edd.

203 2906 311 2942 vett.
342 2906 385 2941 et
416 2906 605 2942 reeentt.
633 2904 737 2942 cum'
763 2898 938 2941 silentio
965 2898 1092 2943 viro—

202 2968 304 2997 rum
349 2954 604 2999 doctorum.
688 2953 789 2999 MS.
822 2955 947 2999 Flor.
983 2964 1093 2998 teste

202 3008 409 3055 victorio
432 3015 728 3064 seditionem,
757 3021 911 3071 aperto
936 3012 1058 3055 vitio.

260 3070 585 3112 severissimos
616 3072 954 3113 centurionum.
1019 3069 1095 3113 Sic

205 3126 335 3170 codd.
358 3125 492 3170 MSS.
519 3126 643 3169 Flor.
673 3134 789 3183 (test.
816 3127 960 3183 Pich.)
990 3127 1092 3170 Vat.

204 3185 323 3238 (test.
336 3182 475 3240 Lips.)
490 3183 641 3226 Guels.
664 3185 826 3241 aliique
852 3186 966 3240 (test.
983 3185 1092 3227 Bro-

148 3283 152 3286 ,
205 3241 332 3294 ten),
358 3240 458 3283 edd.
482 3241 600 3297 Spir.
624 3240 724 3285 Put.
746 3243 814 3286 M.
839 3251 882 3284 et
906 3241 962 3285 V.
989 3242 1090 3285 Ber.

206 3298 331 3350 (cum
353 3296 424 3341 sil.
448 3298 584 3349 Vict.)
610 3298 710 3342 Ale.
743 3327 801 3334 —-
854 3299 1094 3343 Rhenanus

206 3369 229 3398 e
244 3354 347 3399 MS.
363 3354 480 3398 Bud.
498 3355 727 3397 induxerat
748 3358 1094 3400 severissimum

206 3413 528 3455 centurionum
538 3429 553 3462 ;
576 3411 767 3455 Pichena
784 3424 975 3457 veterem
990 3414 1097 3457 scri-

204 3478 384 3526 pturam
416 3469 631 3520 restituit,
681 3479 722 3512 et
750 3468 1017 3515 Plutarchus
1049 3471 1096 3514 in

209 3526 322 3570 Oth.
352 3543 394 3571 c.
425 3525 470 3570 8.
513 3527 603 3569 duo
635 3526 894 3570 interfectos
927 3529 1095 3571 scribit.

208 3583 350 3627 Causa
369 3584 535 3627 erroris
557 3583 644 3626 suit
664 3583 791 3627 loeus
823 3600 862 3627 c.
885 3586 954 3628 83.
970 3620 982 3637 ,
1019 3585 1095 3629 ubi

210 3650 310 3684 ⁴mut
332 3636 815 3687 verbm‘centuriom's
847 3658 902 3685 ac
927 3645 1103 3686 tribuni

1163 2326 1391 2378 sanguine
1411 2336 1582 2393 munus
1602 2327 1788 2372 imbuet.
1837 2324 1926 2372 Sed
1946 2328 2050 2374 inde

1163 2397 1256 2425 non
1280 2393 1572 2441 consequtur
1594 2401 1734 2428 unum
1758 2392 1934 2429 tantu—m
1949 2399 2051 2432 ceu*

1162 2439 1392 2483 turionem
1413 2440 1512 2484 tum
1535 2457 1628 2486 esse
1648 2442 1956 2488 interfectum.

1221 2497 1335 2540 CAP.
1357 2498 1430 2542 81.
1489 2500 1570 2555 qui
1585 2498 1767 2556 trepidi.
1828 2498 1911 2545 Ed.
1934 2498 2054 2563 Spin.

1165 2556 1247 2611 qui
1266 2555 1464 2608 trepide.

1221 2620 1265 2654 et
1285 2614 1496 2668 dispergi.
1536 2612 1611 2658 Sic
1631 2629 1787 2659 omnes
1806 2614 1910 2660 libri
1930 2631 2052 2675 praea

1163 2678 1231 2712 ter
1263 2670 1363 2716 edd.
1393 2669 1556 2714 Oberl.
1586 2679 1629 2715 et
1659 2673 1944 2731 sequacium,
1975 2675 2052 2734 qui

1165 2727 1272 2771 dant
1293 2742 1349 2769 ac
1366 2728 1579 2782 dispersi.

1221 2787 1363 2826 modo
1388 2788 1720 2830 constantiam.
1779 2787 1818 2830 A
1843 2787 1946 2833 MS.
1967 2789 2053 2833 les.

1164 2843 1285 2884 abest
1324 2846 1480 2886 modo.
1563 2842 1622 2887 cf.
1664 2853 1762 2888 not.
1806 2846 1862 2889 ad
1890 2845 1983 2890 An.
2010 2847 2054 2900 6,

1209 2955 1465 3010 formidine
1483 2959 1648 3012 detegi.
1687 2958 1925 3019 .Ed.Spir.
1947 2976 2053 3008 eum

1165 3010 1265 3056 MS.
1302 3014 1455 3059 Guelf.
1484 3016 1753 3071 formidinb'
1788 3021 1955 3075 detegi.
1995 3045 2055 3054 —

1165 3070 1379 3114 Ceterum
1404 3072 1458 3114 de
1481 3080 1577 3116 toto
1601 3072 1690 3116 hoc
1711 3074 1815 3119 loco
1840 3077 1895 3120 ad
1919 3076 2054 3122 histo·

1165 3129 1276 3171 riam
1309 3129 1367 3172 ef.
1395 3127 1562 3188 Xiphil.
1595 3130 1672 3187 64.
1685 3131 1728 3174 9.
1761 3132 1868 3184 τοὺς
1894 3136 2053 3193 μέντοι

1165 3183 1446 3248 ’στρατιώτᾳς
1475 3185 1519 3236 ἐς
1547 3189 1771 3233 τοσοῦτον
1789 3187 1959 3250 τόλμης
1978 3195 2055 3250 :egl

1166 3240 1784 3317 napavo‘uioeffthoviyaysm
1828 3249 1878 3293 ἔκ
1910 3266 1958 3294 τε
1987 3251 2057 3294 ὦν

1166 3300 1325 3345 ἐδίδου
1345 3305 1422 3345 καὶ
1448 3303 1515 3355 ὦν
1538 3303 1640 3346 καθ’
1669 3305 1925 3365 υπερβολὴν
1949 3308 2057 3352 ἔκο-

1167 3354 1409 3415 λάκευσεν,
1444 3357 1552 3408 ὥςτε
1582 3364 1658 3405 καὶ
1690 3364 1734 3413 ἒς
1756 3361 1807 3407 τὸ
1830 3361 2054 3410 παλάτιόν

1167 3432 1304 3470 ποτε,
1354 3417 1501 3477 ὥςπερ
1531 3414 1681 3476 εἶχον,
1743 3416 2054 3479 ἔςεβιάσαντο·

1167 3473 1328 3530 ἐπειδὴ
1367 3479 1529 3547 συχνοὶ
1564 3481 1657 3521 τῶν
1683 3478 1945 3532 βουλευτῶν
1975 3481 2056 3525 ἓν·

1168 3536 1320 3577 nawa
1353 3537 1414 3590 τῷ
1451 3532 1617 3578 Ὀθωνι
1646 3536 1979 3583 συνεδείπνουν
2010 3556 2053 3583 κ.

1168 3606 1208 3634 τ.
1234 3593 1276 3633 λ.
1335 3592 1463 3634 Adde
1487 3591 1608 3635 Suet.
1637 3592 1743 3636 Ot'h.
1766 3611 1805 3638 c.
1827 3595 1869 3641 8.
1903 3605 1946 3639 et
1967 3613 2054 3655 po·³

1168 3647 1385 3691 tissimum
1412 3649 1636 3694 Plutarch.
1663 3650 1708 3693 in
1735 3650 1842 3696 Oth.
1877 3669 1918 3697 c.
1939 3650 1982 3698 3.
