2138 4030
578 235 755 298 Lm.
794 236 868 297 v,
935 232 1137 296 CAP.
1183 238 1282 298 18.
1326 237 1424 298 19.
1802 240 1932 300 513
1978 320 1979 323 Ν
2032 202 2034 204 ’

65 392 214 430 num
245 367 611 436 rettulimuS,
663 364 1090 422 Bructerorum
1125 385 1347 422 cuneus
1386 366 1716 426 tranatavit.
1795 381 1926 428 tur-

65 460 202 515 bata
247 455 336 512 ibi
381 472 491 512 res,
575 463 632 509 et
674 451 1007 526 pellebatur
1045 450 1336 508 sociarum
1379 448 1715 510 cohortium
1754 455 1923 526 δεῖρε,

40 563 202 599 ‘cum
231 540 493 615 legiones
517 555 776 611 pugnam
809 537 1122 611 excipiunt.
1210 538 1633 613 suppressaque
1660 534 1923 596 hostium

63 626 295 684 ferocia}
315 616 610 700 proelium
643 632 944 697 aequatur.
1027 620 1193 678 Inter
1227 642 1376 697 quae
1403 623 1644 696 perfuga
1666 621 1926 682 Batavus

64 713 212 768 adiit
235 708 527 767 Cerialem
555 717 716 779 terga
743 702 1006 763 hostium
1030 707 1379 782 promittens
1396 753 1412 777 ‚
1458 707 1506 762 si
1535 720 1789 765 extremo
1818 731 1926 784 Ρα-

63 797 222 854 ludis
246 814 420 872 eques
442 793 801 849 mitteretur:
841 792 1101 848 solidum
1124 792 1228 847 illa
1252 803 1308 849 et
1323 790 1663 865 GugernOS,
1709 795 1925 874 quibus

67 882 331 939 custodia
382 877 746 946 obvenisset,
805 897 1017 951 parum
1063 878 1338 933 intento&
1425 880 1573 934 duae
1622 880 1745 934 alae
1790 901 1926 937 cum

65 968 306 1042 perfuga
353 964 565 1019 missae
615 962 851 1020 incauto
898 958 1058 1017 hosti
1101 963 1676 1024 circumfunduntur.
1766 967 1928 1041 quod

67 1052 174 1108 ubi
212 1052 467 1107 clamore
507 1047 836 1120 cognitum,
885 1047 1146 1119 legiones
1170 1068 1201 1103 a
1226 1049 1425 1105 fronte
1447 1050 1769 1123 incubuere
1792 1051 1928 1125 pul-

67 1137 231 1213 sique
258 1133 548 1191 Germani
571 1128 866 1190 Rhenum.
894 1133 1032 1205 fuga
1068 1134 1361 1207 petebant.
1448 1132 1823 1199 Debellatum
1860 1156 1928 1192 eo

67 1222 369 1290 dieforet,
413 1220 463 1274 si
485 1217 759 1276 Romana
788 1217 984 1272 classis
1015 1218 1183 1294 sequi
1207 1231 1573 1278 maturasset.
1645 1240 1720 1275 ne
1752 1240 1929 1296 eques

67 1307 309 1382 quidem
348 1304 580 1371 {institit
632 1314 870 1377 repente
923 1302 1070 1358 fusis
1128 1302 1422 1360 imbribus
1481 1317 1537 1363 et
1594 1305 1932 1382 propinqua

47 1404 256 1451 mocte-
431 1397 444 1407 ‘
1525 1411 1529 1415 ·

104 215 111 219 ’
151 238 199 274 Α.
218 236 268 271 υ.
283 235 369 269 824.

148 284 199 317 A.
221 278 268 315 c,
309 279 371 315 τι.

234 1510 402 1570 XIX.
444 1508 684 1566 Postera
725 1509 822 1564 die
864 1497 1319 1585 quartadecuma
1357 1509 1509 1582 legio
1551 1510 1616 1580 in
1666 1512 1932 1586 superio-
1978 1537 1980 1539 ¹

63 1619 186 1656 rem
214 1595 587 1673 provinciam
613 1592 790 1650 Gallo
816 1591 1021 1653 Annio
1058 1594 1263 1649 missa:
1323 1594 1572 1655 Cerialis
1613 1597 1932 1654 exercitum

125 1843 409 1886 rettulimus.
469 1837 614 1894 Supra
637 1852 676 1879 c.
701 1838 771 1880 14.
1033 1837 1148 1895 Agr.
1181 1859 1240 1869 —
1300 1836 1370 1879 De
1392 1837 1588 1882 ablativo
1612 1854 1826 1897 pronom.
1850 1842 1934 1884 illd

124 1917 403 1980 trahptavit.
491 1920 568 1965 Sic
632 1920 770 1964 MSS.
835 1921 962 1965 Flor.

66 1988 182 2039 (test.
207 1983 296 2026 Iac.
318 1980 570 2034 Gronovio)
604 1978 714 2035 Agr.
740 1978 841 2021 edd.
869 1980 960 2022 Iac.

67 2042 277 2085 Gronov.
313 2055 410 2096 sqq.
470 2037 703 2078 Victorius
740 2037 961 2079 intactum

68 2098 250 2154 reliquit
279 2095 627 2146 transnatavit,
671 2093 794 2149 qnod
827 2102 964 2136 exstat

66 2160 111 2200 in
135 2155 273 2199 MSS.
288 2151 438 2196 Guelf.
467 2150 964 2194 Harl.130d1.1es.Bud.

67 2213 169 2258 edd.
183 2212 284 2254 Put.
297 2226 393 2268 sqq.
409 2210 463 2252 ad
479 2208 567 2252 lac..
585 2206 886 2250 Gronovium.
903 2207 964 2251 cf.

65 2269 172 2315 infr.
197 2285 236 2312 c.
259 2267 331 2312 21.
368 2290 426 2298 —
484 2267 722 2308 renatavit
741 2263 966 2322 MS.Reg.

67 2328 140 2372 ed.
164 2326 284 2384 Spir.

124 2410 325 2462 legiones
341 2421 568 2462 pugnam.
627 2405 711 2449 Ed.
735 2404 853 2461 Spir.
872 2414 876 2417 ’
893 2407 964 2448 Ie-

65 2469 250 2524 gionem
265 2479 582 2520 pugnamque.

123 2542 371 2592 aequatur.
433 2532 510 2576 Sic
534 2531 670 2576 MSS.
695 2531 821 2575 Flor.
849 2533 967 2586 (test-

70 2596 185 2639 vict.
233 2608 338 2636 cum
381 2590 469 2634 Iac.
510 2588 742 2645 Gronov.)
791 2590 964 2635 Vaticc.

70 2652 191 2697 1863.
232 2658 275 2692 et
313 2648 439 2700 1958.
484 2646 594 2704 Reg.
637 2646 792 2690 Guelf.
838 2647 965 2691 Harl.

65 2710 195 2754 ssodl.
219 2707 302 2750 les.
323 2707 437 2763 Agr.
459 2704 559 2746 edd.
574 2704 692 2762 Spir.
717 2704 964 2749 lac4G1-on.

65 2769 245 2810 Ernest.
276 2779 376 2822 sqq.
422 2787 478 2796 —-
538 2769 835 2817 exaequatur
868 2763 967 2806 edd.

65 2826 169 2898 Pu‘s·
195 2837 293 2879 sqq.
314 2821 371 2864 ad
387 2820 484 2863 lac.
513 2818 819 2866 Gronovium.

122 2897 247 2936 inter
279 2905 415 2948 quae.
476 2889 576 2933 MS.
602 2889 712 2949 Reg.
749 2890 818 2935 ed.
844 2890 964 2947 Spir.

63 2955 256 2995 interea.

123 3029 335 3066 extremo
406 3017 614 3074 paludis.
724 3014 964 3063 Ablativus

65 3079 187 3124 viam
219 3077 414 3128 indicat,
466 3091 555 3132 qua
592 3074 838 3118 mittendus
872 3083 967 3118 erat

66 3152 218 3195 eques.
265 3133 324 3186 cf.
348 3141 449 3198 not.
473 3132 527 3175 ad
551 3133 705 3232 ‘indes’
730 3132 802 3175 60.
863 3131 966 3176 MS.

63 3195 472 3315 Reghfzxnfg?
493 3205 610 3305 ρέἰέ
615 3249 768 3303 MSS
789 3248 966 3303 Vatiec.

68 3319 197 3365 1863.
218 3319 410 3372 et11958.
437 3318 550 3376 Reg.
577 3317 692 3361 Bud.
717 3314 821 3360 edd.
847 3315 977 3374 Spir.¹

0 3396 1 3410 ¹
62 3380 167 3426 Put.
191 3377 260 3423 Μ.
281 3386 325 3420 et
345 3374 407 3420 V.
430 3375 643 3419 Beroald.
669 3383 793 3429 (eum
817 3373 963 3417 silent.

65 3435 208 3491 Viet.)
223 3450 325 3493 sqq.
350 3457 417 3489 --,
449 3435 655 3476 solidam
679 3431 814 3490 illum
829 3429 965 3474 MSS.

64 3491 189 3535 Harl.
203 3491 290 3537 les.
337 3490 473 3535 'Idem
498 3489 679 3534 additur
700 3488 746 3531 in
758 3486 862 3532 MS.
877 3483 964 3531 Va·

0 3561 1 3600 ῐ
65 3550 140 3594 tie.
196 3540 318 3591 1958.
376 3576 435 3584 --
511 3549 670 3592 solida
721 3547 804 3589 illa
854 3543 961 3590 MS.

154 3615 403 3667 TAct‘rus
447 3611 544 3667 III.

1036 1894 1095 1939 cf.
1120 1902 1218 1938 not.
1244 1895 1299 1938 ad
1324 1895 1417 1938 An.
1437 1895 1478 1946 2,
1504 1896 1569 1939 17.

1094 1973 1140 2008 et
1172 1965 1429 2019 Gugernos.
1494 1965 1571 2009 Sic
1607 1966 1742 2010 MSS.
1775 1966 1934 2010 Guelf.

1035 2023 1182 2066 vatic.
1223 2023 1348 2066 1958.
1389 2023 1492 2065 edd.
1526 2022 1704 2067 Ernest.
1739 2038 1795 2082 sq‘
1826 2055 1839 2068 .
1879 2050 1938 2060 -—

1037 2089 1082 2123 et
1108 2081 1345 2133 Cugernos
1378 2080 1480 2122 edd.
1503 2079 1751 2137 Putssqq.
1770 2039 1823 2124 aa
1849 2082 1938 2126 Er-

1035 2139 1246 2181 hestium.
1279 2165 1338 2173 --
1377 2146 1422 2179 et
1447 2137 1939 2198 eougemosMS.Reg.

1035 2196 1106 2238 ed.
1135 2195 1256 2254 Spir.
1305 2219 1361 2228 -
1424 2209 1670 2248 ecugernos
1705 2197 1806 2239 MS.
1834 2196 1936 2241 Vat-

1035 2251 1164 2297 1863.
1214 2276 1268 2286 —
1330 2260 1375 2294 et
1401 2252 1622 2305 Tungros
1642 2251 1746 2296 MS.
1772 2256 1880 2311 Agr.
1913 2271 1938 2297 a

1036 2310 1232 2353 secunda
1259 2325 1428 2360 manu;
1457 2325 1479 2350 a
1501 2310 1646 2366 prima
1669 2326 1777 2353 vero
1801 2327 1939 2355 manu

1035 2366 1100 2409 ibi
1133 2367 1407 2410 existimatur
1441 2366 1579 2410 fuisse
1610 2375 1656 2409 et
1684 2366 1938 2424 Cugernos-

1036 2424 1101 2468 cf.
1128 2433 1228 2467 not.
1251 2424 1304 2466 ad
1332 2439 1427 2481 cap.
1456 2424 1529 2467 16.

1088 2510 1265 2550 parum
1287 2494 1504 2539 intentos.
1563 2493 1648 2538 Ed.
1664 2495 1781 2554 Spir.
1799 2504 1942 2552 pater

1035 2554 1260 2596 intentos.

1096 2623 1302 2666 incauto.
1375 2621 1479 2665 MS.
1508 2603 1668 2680 ,Guesfj
1699 2624 1939 2670 incautae.

1037 2680 1149 2722 Mox
1173 2679 1241 2722 ed.
1267 2676 1480 2723 Beroald.
1505 2681 1765 2737 incubuere.
1827 2681 1939 2727 Cor-

1037 2737 1148 2780 rexit
1177 2736 1425 2780 Victorius.

1100 2808 1345 2850 Germani.
1402 2805 1487 2851 Ed.
1506 2807 1624 2866 Spir.
1648 2813 1850 2856 romani.
1883 2813 1943 2857 cf.

1037 2874 1135 2909 not.
1162 2865 1216 2908 ad
1241 2881 1280 2909 c.
1303 2864 1374 2908 16.
1397 2874 1441 2909 et
1464 2866 1532 2909 17.
1812 2880 1819 2884 ·

1090 2936 1332 2991 petebant.
1393 2935 1493 2979 MS.
1514 2934 1672 2988 Guelf.
1697 2944 1941 2994 patebant·

1097 3019 1158 3047 ne
1186 3020 1324 3062 eques
1348 3008 1569 3061 quidenn-
1612 3005 1699 3053 Ed.
1714 3009 1838 3068 Spir.
1859 3026 1945 3055 neo

1040 3078 1179 3119 eques
1199 3064 1408 3119 quidem,
1451 3063 1696 3120 quod‘non
1723 3076 1787 3111 est
1808 3082 1939 3126 sper-

1036 3122 1258 3164 nendum.
1496 3136 1498 3138 ’
1551 3136 1553 3138 “

1093 3193 1332 3235 imbribus.
1390 3190 1478 3236 Ed.
1500 3191 1630 3253 Spu-'7
1650 3195 1861 3240 nubibus.

1091 3276 1378 3345 prqpinqua.
1436 3274 1547 3321 MS:
1571 3273 1684 3334 Reg.
1715 3276 1784 3320 ed.
1819 3277 1938 3335 Spir-

1035 3340 1399 3389 propmquante.
1598 3394 1602 3397 ι

1096 3416 1211 3461 ΟΑΡ.
1258 3417 1326 3461 19.
1414 3411 1600 3483 Anniq.
1679 3415 1764 3483 1⁴}d.
1819 3417 1940 3476 Spir-

1035 3489 1230 3533 Amnio.
1310 3486 1412 3532 MS.
1455 3487 1616 3532 Guelf.
1659 3501 1762 3540 aco,
1815 3488 1939 3545 quod

1036 3543 1362 3604 compendium
1385 3546 1499 3589 solet
1522 3562 1615 3590 esse
1634 3563 1720 3605 pro
1741 3547 1918 3596 animo.

1366 3607 1478 3665 Kk
