2138 4030
181 185 289 222 A.U.
318 182 402 218 821».

150 233 154 238 '
181 231 232 265 A.
258 228 304 264 C.
346 228 402 262 71.

596 186 772 248 Lm.
803 186 906 249 lv.
972 187 1170 248 CAP.
1196 187 1297 249 53.
1331 190 1430 251 54.
1811 180 1935 254 4'37

92 330 474 378 temeraretur
507 334 655 390 opus
690 334 825 381 saxo
856 337 1072 379 aurove
1105 316 1168 372 in
1195 315 1360 372 aliud
1388 319 1695 380 destinato.
1782 319 1936 380 Alti-

93 403 500 462 tudo'aedibus
521 401 761 459 adiecta.
849 401 909 457 id
942 402 1132 458 solum
1161 400 1367 474 religio
1393 396 1650 461 adn‘uere
1686 419 1742 464 et
1769 409 1935 483 prio-

91 490 173 546 ris
199 487 403 563 templi
430 485 894 559 magnificentiae
920 486 1171 542 defuisse
1203 486 1508 544 creditum.

235 596 420 657 ·LlV.
520 593 741 652 Audita
780 596 1016 652 interim
1056 617 1163 672 per
1201 594 1429 653 Gallias
1469 595 1931 678 Germaniasque

87 704 245 742 mors
276 681 506 740 Vitellii
547 680 947 755 duplicaverat
986 682 1228 740 bellum.
1314 702 1453 737 nam
1475 680 1680 740 Civilis
1720 689 1930 744 omissa

86 767 550 827 dissimulatione
586 765 651 820 in
692 767 979 840 populum
1006 764 1348 823 Romanum
1389 787 1578 826 ruere.
1665 768 1927 827 Vitellia-

86 876 196 911 nae
223 854 480 926 legiones
505 851 600 906 vel
630 862 935 908 externum
964 851 1268 907 servitium
1306 872 1480 927 quam
1519 852 1927 927 imperatorem

86 938 512 1013 Vespasianum
550 936 744 993 malle.
834 933 996 991 Galli
1035 936 1388 993 sustulerant
1422 936 1650 993 animos
1685 942 1928 995 eandem

85 1025 305 1100 ubique
357 1020 715 1077 exercituum
764 1032 1100 1077 nostrorum
1147 1022 1445 1077 fortunam
1486 1021 1628 1091 rati,
1693 1024 1925 1096 vulgato

82 1129 318 1167 rumore
355 1128 388 1163 a
424 1104 704 1162 Sarmatis
735 1102 1026 1180 Dacisque
1058 1103 1318 1163 Moesica
1354 1126 1420 1162 ac
1453 1104 1791 1163 Pannonica
1835 1105 1926 1164 hi-

83 1197 265 1251 berna
322 1190 737 1249 circumsideri.
855 1190 1018 1264 paria
1068 1191 1140 1244 de
1184 1178 1494 1246 Britannia
1538 1191 1924 1264 fingebantur.

83 1277 202 1337 Sed
250 1273 404 1332 nihil
456 1294 637 1350 aeque
676 1295 850 1349 quam
893 1274 1235 1330 incendium
1272 1273 1581 1351 Capitolii,
1646 1289 1710 1334 nt
1745 1278 1921 1333 finem

82 1363 329 1438 imperio
373 1361 570 1417 adesse
611 1361 942 1427 crederent,
999 1359 1330 1433 impulerat.
1425 1358 1670 1435 Captam
1704 1362 1846 1417 olim
1889 1383 1921 1418 a

81 1447 272 1505 Gallis
296 1447 527 1503 urbem:
574 1445 672 1498 sed
698 1443 919 1516 integra
950 1441 1105 1499 Iovis
1128 1446 1260 1499 sede
1291 1445 1567 1500 mansisse
1592 1446 1923 1520 imperium.

76 1533 240 1590 fatali
263 1550 422 1588 nunc
444 1529 578 1601 igne
607 1536 837 1600 signum
871 1528 1133 1585 coelestis
1159 1529 1279 1585 irae
1302 1531 1503 1586 datum
1527 1541 1582 1585 et
1605 1532 1922 1605 possessio-

75 1638 210 1675 nem
235 1636 435 1673 rerum
470 1610 863 1670 humanarum
890 1612 1300 1688 Transalpinis
1335 1615 1607 1686 gentibus
1646 1617 1920 1691 portendi

1089 1874 1202 1919 CM».
1237 1872 1305 1917 54.
1379 1874 1766 1932 Germaniasque.
1834 1873 1917 1919 Ed.

74 1885 143 1918 ter
160 1874 445 1930 praedixere
459 1872 720 1927 haruspices
734 1879 831 1922 etc„
849 1886 961 1930 quae

1033 1932 1149 1990 Spir.
1170 1939 1215 1974 et
1233 1933 1520 1985 germanias.

74 1933 308 1992 placebant
352 1928 550 1987 Ryekio,
598 1933 840 1984 signanter
893 1945 961 1972 ea-

77 1991 179 2033 dem
231 1989 416 2031 notione
466 1988 634 2030 dicium
699 1996 858 2043 putans
907 2002 960 2028 ae

72 2047 397 2103 signficanter.
483 2043 569 2087 Sed
604 2044 669 2084 vix
702 2043 835 2085 dubia
866 2059 959 2095 esse

72 2113 216 2163 potest
279 2103 498 2157 scriptura
560 2102 755 2158 vulgata.
846 2100 958 2143 Nam

71 2176 327 2220 quanquam
370 2157 602 2201 Ernestius
649 2156 959 2199 animadvertit

73 2221 204 2261 verba
237 2221 318 2259 sed
354 2222 406 2256 ut
443 2216 693 2269 gignuntur
731 2214 956 2255 abundan-

71 2284 138 2319 ter
165 2275 343 2324 adesse,
373 2273 475 2330 quia
499 2270 677 2314 metalla
706 2269 839 2313 nullis
865 2270 956 2312 for-

70 2333 253 2377 nacibus
274 2330 503 2373 victasunt
517 2327 694 2370 metalla
709 2335 757 2368 ut
771 2328 956 2384 gignun-

71 2398 168 2439 tur,
213 2402 349 2430 nemo
379 2394 531 2428 tamen
567 2384 706 2426 nescit
739 2385 956 2426 eiusmodi

69 2444 384 2490 abundantiam
408 2441 599 2485 inveniri
626 2458 647 2482 a
684 2441 742 2482 ud
764 2442 959 2498 optimos

68 2505 320 2560 scriptores.
400 2500 459 2543 ef.
492 2506 585 2541 not.
617 2514 639 2539 a
706 2498 792 2540 An.
820 2499 860 2548 6,
884 2498 956 2539 24.

70 2561 151 2604 sub
192 2575 259 2600 vv.
293 2557 629 2600 alienationem
680 2556 850 2597 mentis
889 2555 956 2597 si-

71 2619 274 2661 mulans.

122 2715 444 2756 temeraretur.
505 2708 605 2751 MS.
631 2707 782 2754 Guelf.
815 2723 952 2751 vene-

66 2777 302 2814 rar-entur.

123 2865 364 2910 creditum.
425 2860 523 2906 MS.
539 2862 660 2905 Flor.
684 2863 798 2916 (test.
814 2861 954 2919 Vict.)

68 2926 139 2969 hic
170 2922 335 2981 pergit:
377 2923 512 2963 crede
545 2935 588 2975 q.
611 2926 745 2961 tanta
778 2920 844 2962 vis
868 2929 950 2963 etc.

69 2982 128 3027 cf.
154 2987 246 3023 not.
279 2980 335 3022 ad
370 2995 411 3022 c.
433 2978 499 3024 46,
571 2975 799 3032 Ed.-Spir.
822 2979 953 3019 crede

71 3045 205 3082 tanta
235 3039 301 3078 vis
332 3044 416 3078 etc.
495 3031 594 3076 MS.
627 3032 777 3076 Guelf.
803 3035 952 3076 credi·

69 3105 186 3139 tum.
233 3107 322 3148 quo
344 3098 483 3134 tanta
503 3092 569 3132 vis
592 3099 675 3133 etc.
701 3101 744 3132 et
768 3090 825 3133 ita
850 3091 952 3133 edd.

68 3150 245 3195 Puteol.
279 3165 378 3207 sqq.
468 3147 676 3192 Ceterum
747 3145 953 3205 lez-aeque

68 3210 283 3253 editiones
302 3213 401 3264 post
416 3208 625 3246 adnuere
642 3163 758 3246 maie
778 3212 954 3262 ponunt

68 3264 317 3325 pleniorem
362 3260 723 3305 distinctionem:
769 3273 872 3304 nam
905 3260 951 3302 id

69 3323 201 3367 etiam
241 3320 430 3363 verbum
463 3319 623 3376 pendet
658 3334 682 3359 e
715 3321 955 3369 creditum,

70 3380 171 3439 quia
202 3377 259 3421 ad
290 3378 448 3431 religio
480 3391 504 3417 e
535 3376 760 3417 creditum
797 3375 955 3418 intelli-

69 3431 363 3493 gendum’est
401 3433 592 3475 credita.
673 3431 735 3476 cf.
774 3442 867 3477 nol.
901 3431 954 3475 ad

73 3497 165 3540 An.
191 3495 226 3542 1,
253 3493 320 3534 15.
343 3491 423 3534 sub
449 3506 486 3532 v.
512 3497 663 3548 utque.

1091 2003 1164 2043 vel
1197 2009 1462 2043 externum.
1522 1999 1658 2044 MSS.
1689 1999 1840 2044 Gueis.
1875 2009 1919 2045 et

1029 2058 1147 2100 Bud.
1181 2061 1254 2099 vel
1277 2065 1559 2100 extremum.
1646 2057 1918 2102 particulam

1032 2118 1105 2157 vel
1123 2115 1359 2157 Rhenanus
1380 2114 1511 2157 tacite
1536 2116 1745 2159 omiserat
1771 2115 1918 2158 invitis

1031 2173 1256 2218 veteribus
1281 2172 1402 2214 libris
1415 2184 1443 2223 :J
1460 2171 1658 2216 Piehena
1680 2172 1888 2216 restituit.

1087 2245 1276 2296 vulgato
1297 2256 1505 2284 rumore.
1563 2243 1646 2285 Ed.
1669 2242 1786 2300 Spir.
1817 2244 1914 2284 vol-

1027 2309 1248 2355 gatorum
1281 2314 1424 2342 more.
1454 2327 1511 2334 --
1569 2300 1676 2342 Mox
1704 2299 1855 2342 eadem
1884 2314 1917 2340 a

1026 2356 1257 2399 Salmacis
1279 2372 1361 2413 pro
1385 2372 1417 2397 a
1433 2357 1698 2408 Sarmatis‚·
1724 2364 1770 2398 et
1791 2356 1916 2398 Pan-

1027 2417 1166 2456 nonia
1193 2430 1274 2470 pro
1303 2429 1358 2454 ac
1383 2413 1678 2464 Pannoniam
1718 2414 1916 2457 circum-

1029 2472 1182 2513 sederi
1207 2486 1287 2527 pro
1313 2471 1638 2514 circumsideri.

1074 2552 1228 2608 finem
1255 2553 1462 2605 imperio,
1524 2554 1600 2596 Sic
1625 2553 1760 2597 MSS.
1785 2554 1911 2598 Flor-

1028 2611 1145 2663 (test.
1171 2609 1338 2666 Ryek.)
1373 2609 1438 2653 Re
1471 2642 1482 2653 .
1522 2613 1630 2666 Agr.
1665 2612 1765 2653 edd.
1792 2609 1914 2670 Spir.

1026 2667 1233 2709 Beroald.
1265 2669 1386 2720 (cum
1412 2626 1588 2709 siiemio
1618 2666 1747 2723 vict.)
1772 2667 1914 2727 Ryek.

1024 2725 1195 2767 Ernest.
1213 2724 1452 2780 Bn·oter.sq
1491 2755 1502 2765 .
1518 2747 1573 2756 ——
1598 2725 1748 2779 finem
1770 2727 1914 2779 impe·

1025 2782 1090 2823 rii
1126 2780 1261 2824 MSS.
1297 2779 1448 2824 Guelf.
1496 2781 1598 2825 lari.
1630 2781 1762 2825 Bodl.
1798 2782 1912 2828 Bud.

1026 2838 1126 2880 edd.
1156 2839 1252 2882 Put.
1278 2837 1381 2881 Alc.
1405 2854 1503 2895 sqq.
1530 2838 1586 2880 ad
1612 2838 1834 2896 Ryckium
1869 2847 1914 2882 et

1025 2903 1175 2953 postea
1210 2895 1281 2937 ed.
1321 2895 1404 2938 tac.
1435 2895 1676 2940 Gronovii.
1704 2920 1762 2933 ·-—
1826 2898 1910 2939 im-

1018 2952 1140 3006 perii
1147 2953 1296 3008 finem
1312 2951 1413 2994 MS.
1436 2954 1516 2996 les.
1577 2952 1636 2997 cf.
1660 2952 1753 2999 An.
1775 2950 1815 3004 2,
1837 2954 1910 2997 21.

1010 3011 1162 3067 finem
1186 3011 1301 3051 bello
1315 3009 1454 3063 sore,
1495 3016 1537 3052 et
1570 3018 1664 3054 not.
1697 3011 1751 3055 ad
1773 3013 1815 3060 2,
1837 3010 1909 3055 33·

1025 3067 1108 3109 sub
1132 3082 1196 3109 vv.
1223 3070 1415 3108 modum
1438 3074 1647 3120 argento.
1738 3093 1740 3098 ·

1079 3139 1334 3181 crederent.
1392 3136 1477 3180 Ed.
1491 3137 1608 3195 Lips.
1630 3138 1790 3194 (1607.)
1814 3152 1907 3180 cre·

1024 3195 1232 3235 deretur.

1069 3262 1235 3317 fatali.
1294 3262 1376 3305 Ed.
1397 3262 1516 3334 Spir.
1530 3264 1704 3319 fatale.
1729 3287 1786 3297 —
1829 3263 1908 3306 Ea-

1025 3319 1128 3362 dem
1175 3335 1272 3360 mox
1303 3335 1574 3375 passionem
1606 3337 1688 3379 pro
1722 3335 1907 3374 posses-

1025 3377 1228 3427 sionem;
1248 3379 1460 3429 portenti
1477 3395 1558 3436 pro
1575 3380 1796 3434 portendi
1802 3396 1817 3429 ς
1836 3392 1909 3419 su-

1026 3434 1296 3488 per-sciciani
1327 3443 1452 3479 vana
1485 3452 1566 3494 pro
1590 3436 1910 3490 superstitione

1032 3505 1173 3537 vana.
