2138 4030
237 230 286 263 A.
307 229 354 263 U.
371 226 454 262 82³³

234 272 284 308 A.
305 271 352 307 C.
394 271 454 306 70.

705 227 754 285 L
774 203 882 287 ιΒ.
925 226 1032 288 ιιι.
1100 227 1166 286 -C
1185 229 1234 284 A
1251 227 1315 288 Ρ.
1342 221 1486 288 aa·
1875 236 2001 308 295

59 403 62 405 ι
145 357 636 425 Cremonensium
705 356 991 414 incubuit.
1112 356 1327 413 iuvisse
1393 369 1584 431 partes
1652 359 1998 420 Vitellianas

148 443 412 505 Othonis
446 463 682 520 quoque
718 441 875 499 bello
912 441 1326 498 credebantur:
1373 463 1507 498 mox
1550 444 1996 513 tertiat-lecuma-

146 552 253 588 nos
301 525 375 586 ad
424 520 840 584 exstruendum
891 520 1389 599 amphitheatrum
1426 527 1685 597 relicum,
1747 543 1814 611 ut
1862 548 1999 592 sunt

143 615 410 692 procacia
455 614 716 670 urbanae
762 610 949 686 plebis
1001 610 1266 683 ingenia,
1339 612 1741 685 petulantibus
1792 617 1996 691 iurgiis

146 702 490 762 inluserant.
590 696 754 759 auxit
789 694 1077 752 invidiam
1115 696 1338 762 editum
1375 696 1564 774 illic'a
1588 695 1834 756 Caecina
1871 705 1995 775 gla-

144 787 440 844 diatorum
465 768 889 858 spectaculum,
933 780 1249 856 eademque
1283 800 1485 838 rursus
1523 782 1666 838 belli
1704 787 1896 858 sedes,
1939 800 1995 845 et

142 870 396 947 praebiti
433 869 498 924 in
538 866 660 924 acie
697 863 1034 922 Vitellianis
1073 865 1219 933 cibi,
1262 885 1458 921 caesae
1499 869 1785 942 quaedam
1825 872 1994 926 femi-

143 976 254 1012 nae
305 947 500 1011 studio
550 950 808 1027 partium
854 950 929 1006 ad
975 950 1267 1023 proelium
1306 970 1658 1024 progressae.
1768 965 1994 1033 tempus

142 1060 377 1118 quoque
403 1048 689 1094 mercatus
716 1035 898 1092 ditem
923 1034 1145 1110 alioqui
1173 1035 1465 1105 coloniam
1488 1036 1779 1094 maiorum
1815 1062 1994 1114 opum
2024 1040 2026 1043 ⁴

143 1126 333 1201 specie
362 1113 710 1198 complebat.
797 1118 991 1177 Ceteri
1027 1120 1204 1175 duces
1240 1120 1304 1174 in
1342 1121 1621 1178 obscuro:
1664 1124 1996 1182 Antonium

144 1212 381 1270 fortuna
412 1209 683 1284 famaque
715 1205 982 1274 omnium
1006 1204 1191 1260 oculis
1215 1218 1572 1279 exposuerat.
1658 1208 1708 1263 is
1735 1208 1996 1267 balineas

145 1295 439 1352 abluendo
477 1291 674 1350 cruori
713 1310 960 1367 propere
997 1289 1158 1363 petit.
1270 1302 1503 1365 excepta
1538 1313 1646 1348 vox
1688 1305 1773 1350 est
1789 1340 1809 1364 ,η
1862 1316 1993 1353 cum

148 1393 410 1456 teporem
474 1377 795 1446 incusaret,
860 1373 1066 1431 statim
1123 1375 1391 1431 futurum
1440 1387 1506 1433 ut
1565 1377 1992 1439 incalescerent.

1161 1614 1386 1657 balineas.
1458 1614 1558 1659 MS.
1582 1614 1733 1660 Guels.
1767 1618 1865 1661 edd.
1889 1618 1992 1663 Pul.

1103 1671 1308 1714 Beroald.
1344 1671 1442 1716 Ale.
1477 1672 1622 1717 Rhen.
1658 1675 1758 1718 ΑΜ.
1793 1675 1912 1733 Lips.
1950 1685 1993 1719 et

1106 1727 1266 1770 deinde
1310 1729 1501 1773 Ernestii
1542 1747 1639 1789 sqq.
1685 1735 1893 1776 balneas.
1936 1763 1991 1769 ——

1101 1782 1310 1828 balineas
1333 1786 1434 1828 MS.
1461 1787 1585 1830 Flor.
1607 1794 1727 1844 (test.
1746 1790 1860 1833 Vict.
1887 1807 1990 1833 eum

1101 1841 1251 1895 Pieh.)
1287 1843 1384 1886 edd.
1419 1843 1543 1888 Pieh.
1577 1844 1757 1890 Gruter.
1797 1864 1895 1904 sqq.
1937 1848 1990 1890 ad

1103 1899 1376 1943 Ernestiuni.
1458 1901 1514 1944 cf.
1554 1913 1650 1946 not.
1691 1905 1742 1945 ad
1775 1905 1815 1953 2,
1849 1906 1910 1946 16.
1950 1905 1992 1956 3,

1110 1958 1179 2000 11.
1243 1957 1335 2001 An.
1371 1958 1438 2010 15,
1468 1959 1536 2001 52.
1578 1984 1636 1995 —-
1709 1961 1845 2004 MSS.
1882 1962 1989 2019 Reg.

1105 2013 1242 2056 Corb.
1287 2014 1404 2057 Bud.
1448 2016 1518 2059 ed.
1557 2017 1674 2075 Spir.
1706 2021 1897 2062 balnea.
1935 2044 1992 2053 -

1104 2070 1197 2115 Pro
1220 2071 1260 2114 is
1283 2072 1355 2114 ed.
1377 2072 1496 2130 Spir.
1522 2073 1653 2118 habet
1673 2076 1765 2120 his.

1161 2144 1391 2185 abluendo
1409 2146 1581 2187 cruori.
1635 2145 1710 2190 Sic
1723 2148 1857 2193 MSS.
1870 2149 1907 2192 F
1909 2149 1992 2195 lor.

1102 2200 1220 2253 (test.
1254 2196 1400 2257 Picb.)
1434 2200 1585 2245 Guelf.
1622 2204 1737 2247 Eud.
1779 2215 1822 2248 et
1852 2208 1990 2252 MSS.

196 1626 360 1673 partes
390 1616 692 1658 Vitellianas.
751 1613 856 1657 MS.
882 1611 1032 1656 Guelf.

140 1677 294 1729 partis
316 1674 610 1717 Vitelliaemas.

202 1745 402 1800 ingenia.
478 1742 563 1786 Ed.
597 1741 714 1800 Spir.
745 1742 914 1784 iudicia
958 1743 1034 1783 vel

144 1805 326 1857 ingenia
357 1801 563 1854 (alterum
594 1814 618 1841 e
645 1798 944 1857 glossemate).
973 1822 1031 1832 —

146 1861 312 1904 Eadem
339 1859 497 1911 uirgil's
527 1873 607 1914 pro
630 1857 802 1910 iurgiis.

201 1946 231 1970 a
278 1927 491 1970 Caecina.
584 1924 863 1982 praepositio
907 1940 940 1965 a
982 1926 1028 1968 in

144 1986 248 2032 cod.
274 1985 390 2027 Eud.
422 1999 516 2027 non
548 1983 734 2040 legitur,
774 1983 1034 2085 delebatgue

141 2060 239 2088 eam
270 2043 508 2085 Rhenanus
543 2040 588 2083 in
627 2038 891 2100 Castigatt..
980 2041 1032 2083 ed

143 2116 306 2160 operae
338 2114 431 2142 non
466 2104 731 2155 paruerunt:
772 2113 875 2140 nam
898 2115 928 2140 ιι
956 2114 1037 2162 ext-d

142 2166 226 2202 stat
256 2157 302 2200 in
335 2155 436 2198 edd.
472 2153 700 2196 omnibus.
763 2153 918 2207 Quare
943 2154 1029 2197 sal—

140 2233 214 2259 sus
235 2223 298 2258 est
322 2212 554 2257 Ernestius
579 2219 622 2254 et
647 2211 724 2268 qui
755 2211 829 2254 alii
851 2211 1032 2259 tradunt

142 2270 517 2330 praepositionem
551 2268 595 2311 in
631 2272 701 2313 ed.
723 2268 870 2313 Rhen.
896 2268 1029 2312 omis-

145 2346 239 2373 sam
266 2345 373 2371 esse.

203 2401 484 2451 eademque>
552 2396 725 2454 Copula
758 2411 846 2451 que
876 2396 924 2439 in
962 2396 1033 2440 al·-

146 2466 237 2500 tera
271 2455 340 2498 ed.
368 2453 514 2496 Rben.
550 2453 857 2504 interciderat,
898 2453 1033 2510 idque

145 2514 297 2562 vitium
331 2510 504 2570 Lipsius
546 2511 803 2569 propagavit
843 2510 890 2576 ip
930 2511 1030 2554 edd.

143 2570 387 2629 prioribuS.
474 2567 670 2612 l'ichena
713 2567 903 2610 restituit
946 2582 1033 2623 que

144 2644 169 2670 e
209 2627 312 2671 eod.
345 2626 496 2676 Flor„
547 2641 650 2672 cum
699 2640 790 2683 quo
834 2641 1033 2668 consen-

143 2686 259 2728 tiunt
281 2691 388 2728 vett.
411 2682 512 2726 libri
539 2698 713 2726 omnes.
784 2681 932 2725 Etiam
959 2683 1029 2726 ed}

145 2741 319 2799 Micylti
346 2740 510 2796 (1557.)
535 2740 696 2783 retinet
720 2755 820 2794 que.
866 2776 875 2778 ι

199 2815 264 2854 ad
280 2812 529 2866 proelium.
588 2810 687 2852 MS.
708 2809 823 2853 Bud.
849 2812 914 2852 ad
935 2811 1028 2852 bel-

145 2873 260 2912 lum.
324 2868 381 2912 cs.
404 2877 500 2911 not.
522 2865 577 2910 ad
597 2880 638 2911 r..
660 2867 727 2910 19.

203 2943 348 2985 ditem
379 2942 572 2996 alioqui.
605 2935 607 2939 ¹
632 2938 707 2984 Sic
740 2938 843 2987 edd.
867 2938 1029 2983 Oberl.

143 2997 624 3111 {ilf'kizgisaiiffssissss
655 2996 1029 3097 {ste‘i'ssidessssii

144 3114 231 3157 alio
255 3113 412 3171 ordine
442 3114 618 3168 alioqui
640 3113 802 3154 dicem.

202 3198 434 3239 maiorum
453 3209 594 3265 opum
617 3194 776 3248 specie.
837 3173 914 3238 Sic
930 3193 1028 3239 MS.

141 3250 885 3363 322¹·.;:¹;¹;„¹}¹;;2;.a1¹.:;.e.-s.
900 3267 1029 3352 53:17.

145 3370 243 3412 edd.
266 3368 370 3409 Put.
403 3365 469 3407 M.
506 3372 549 3406 et
573 3366 622 3406 V.
651 3365 859 3412 Beroald.
895 3367 1028 3422 (cum

146 3424 214 3469 sil.
247 3424 385 3478 Viet.)
418 3421 518 3465 Ale.
567 3429 610 3464 et
645 3437 788 3479 nuper
818 3423 1029 3465 Broterii.

149 3507 199 3516 -
230 3481 458 3524 maiorem
495 3494 632 3534 opum
667 3480 858 3533 speciem
894 3479 1027 3524 MSS.

151 3538 286 3586 Corb.
317 3536 441 3588 Harl.
463 3535 533 3581 ed.
557 3536 672 3594 Spir.

1102 2255 1320 2304 Broterii‚
1372 2258 1475 2302 edd.
1511 2260 1716 2304 Beroald.
1762 2264 1883 2319 (cum
1924 2265 1989 2310 sit.

1103 2313 1239 2370 vict.)
1267 2313 1406 2359 Rhea.
1426 2315 1528 2359 Ald.
1552 2334 1650 2376 sqq.
1673 2348 1728 2354 -
1760 2316 1991 2365 abluendo

1103 2385 1266 2413 eruore
1290 2372 1391 2415 edd.
1417 2373 1534 2431 Spir.
1555 2374 1660 2419 Pul.
1679 2378 1745 2420 M.
1767 2377 1877 2421 etV.
1896 2379 1991 2423 Alc.

1102 2427 1308 2485 Utraque
1337 2429 1480 2472 forma
1509 2431 1612 2476 loco
1635 2430 1732 2494 apta
1761 2443 1840 2478 est.
1899 2434 1989 2478 Ab·

1102 2489 1273 2527 luendo
1295 2500 1458 2530 eruore
1478 2489 1720 2550 signifieat:
1756 2508 1895 2553 quum
1916 2490 1990 2537 ab·

1103 2541 1294 2585 luendus
1326 2552 1440 2586 esset
1471 2561 1608 2588 cruor
1641 2548 1990 2606 (ΝυιΙίιυεηιίᾐξζ-Ἴ

1102 2600 1235 2650 heic).
1294 2599 1463 2643 Contra
1483 2604 1709 2655 abluendo
1735 2609 1894 2651 cruori
1912 2618 1990 2659 est,

1102 2664 1152 2698 ut
1174 2655 1375 2700 ablueret
1397 2673 1607 2708 cruorem
1630 2663 1873 2719 (Absicht).
1933 2667 1991 2711 cf.

1102 2722 1198 2760 not.
1223 2713 1277 2757 ad
1299 2714 1390 2757 An.
1416 2714 1458 2765 3,
1487 2718 1555 2760 19.
1586 2725 1630 2760 et
1659 2721 1726 2769 14,
1749 2721 1792 2766 4.

1160 2797 1503 2842 incalescerent.
1592 2801 1667 2846 Sic
1714 2804 1821 2848 edd.
1870 2806 1990 2865 Spir.

1101 2853 1204 2896 Put.
1228 2854 1435 2904 Beroald.
1469 2861 1592 2910 (cum
1624 2859 1694 2904 sil.
1719 2861 1856 2918 Vici)
1889 2865 1990 2911 Alc.
2059 2875 2068 2879 ’

1102 2911 1244 2954 Rhen.
1266 2927 1363 2970 sqq.
1387 2936 1442 2945 -—
1489 2916 1833 2970 inardescerent
1856 2921 1988 2968 MSS.

1103 2967 1257 3012 Guelf.
1287 2968 1410 3012 Harl.
1445 2970 1528 3014 les.
1560 2993 1620 3006 --·
1678 2972 1891 3021 Ceterum
1924 2980 1988 3023 in·

1101 3033 1321 3083 terpretes
1368 3026 1414 3070 in
1469 3029 1664 3073 diversas
1708 3032 1782 3077 bic
1826 3036 1989 3080 abeunt

1134 3090 1262 3125 artes.
1351 3082 1689 3132 Stroxubeekius
1737 3107 1839 3134 eum
1880 3094 1990 3136 Fer-

1099 3098 1191 3182 lino
1224 3149 1265 3182 et
1291 3139 1449 3183 italicis
1481 3142 1799 3205 interpretibus
1826 3152 1986 3195 verba:

1099 3199 1262 3239 statim
1278 3197 1523 3252 futurum,
1577 3208 1627 3244 ut
1653 3204 1987 3251 incalescerent

1101 3253 1258 3297 tribuit
1283 3270 1414 3298 servo
1441 3257 1495 3300 ad
1519 3258 1709 3303 Antonii
1738 3261 1982 3307 incusatio-

1101 3326 1204 3358 nem
1231 3311 1532 3368 respondenti,
1556 3324 1603 3358 ut
1626 3320 1797 3362 vernile
1817 3322 1990 3364 dictum

1102 3367 1157 3409 sit
1212 3369 1341 3410 dit-sc
1382 3372 1606 3416 Antwort
1666 3379 1746 3417 des
1793 3378 1993 3421 Sclaven

1106 3425 1339 3478 (Barnous
1349 3441 1360 3467 τ
1386 3435 1497 3470 celle
1520 3445 1689 3473 excuse
1713 3433 1823 3474 d’mz
1850 3440 1989 3478 escla-

1106 3490 1194 3534 ve).
1266 3481 1552 3532 Gutmanuus
1579 3496 1622 3529 et
1647 3488 1912 3534 lticklessius
1936 3493 1987 3536 ad

1105 3537 1295 3583 Ernestii
1340 3540 1753 3601 interpretationem
1789 3549 1989 3599 redeunt,
