2138 4030
1724 267 1774 302 Α.
1791 265 1951 306 1182ae-

1724 309 1781 350 A.
1801 309 1850 350 C.
1871 332 1873 334 ·
1891 312 1955 352 ⁷⁰.

179 273 314 339 aa,
732 217 1474 365 'HISTORIARUM'

131 443 133 446 .
180 420 280 458 sor
304 396 536 456 Vitellii
563 389 959 459 insimulatur.
1048 409 1105 455 et
1137 399 1349 455 ruebat
1379 402 1456 456 ad
1493 394 1850 459 conviiium·
1873 396 2045 461 mile's

175 495 433 557 ‚mortem
454 482 723 558 Verginii
751 502 1083 560 exposcens,
1169 504 1244 540 ne
1270 482 1551 553 Vitellius
1583 487 1831 563 quidem
1854 498 2046 566 quan-

181 590 360 649 quam
387 571 463 626 ad
495 590 700 627 omnes
739 569 1100 645 suspiciones
1141 569 1393 644 pavidus
1429 571 1502 627 de
1544 572 1887 630 innocentia
1920 575 2046 632 eius
2086 631 2090 637 „
2131 562 2135 579 ⁸

181 654 492 715 dubitavit.
579 670 747 729 aegre
776 666 974 711 tamen
1004 649 1280 724 cohibiti,
1323 657 1431 731 qui
1468 656 1716 714 exitium
1749 659 1866 715 viri
1901 679 2046 718 con-

181 741 395 799 sularis
437 752 494 797 et
533 741 836 817 quondam
883 739 1050 796 ducis
1102 740 1195 795 sui
1231 732 1593 814 flagitabant.
1687 739 1804 802 iiee
1838 764 2046 820 quem-
2087 769 2089 771 ¹

183 847 361 903 quam
401 826 632 901 saepius
680 820 859 901 quam
894 823 1248 898 Verginium
1291 829 1486 884 omnis
1537 828 1749 886 seditio
1803 829 2046 886 infesta-

181 912 283 972 vit.
374 912 655 968 manebat
694 911 1006 967 admiratio
1041 910 1159 967 viri
1201 922 1258 966 et
1299 912 1482 970 fama:
1543 915 1644 970 sed
1686 916 1938 971 oderant
1977 925 2046 972 ut

180 997 449 1057 fastiditi.

350 1094 571 1155 LXIX.
666 1094 911 1152 Postero
969 1097 1065 1152 die
1115 1093 1398 1153 Vitellius
1450 1109 1686 1154 senatus
1734 1099 2048 1172 legatione,

181 1202 360 1259 quam
390 1181 477 1236 ibi
503 1181 770 1257 opperiri
801 1181 1046 1238 iusserat
1063 1227 1080 1250 ‚
1124 1182 1323 1238 audita
1351 1193 1744 1256 transgressus
1772 1184 1837 1238 in
1863 1195 2050 1240 castra
2108 1214 2110 1218 ·

180 1269 338 1325 ultro
365 1266 644 1342 pietatem
674 1267 937 1323 militum
965 1267 1354 1336 collaudavit,
1396 1268 1785 1324 frementibus
1816 1269 2050 1325 auxiliis

186 1364 418 1411 tantum
446 1352 816 1427 impunitatis
847 1363 1021 1429 atque
1059 1353 1439 1426 adrogantiae
1480 1353 1824 1426 legionariis
1856 1362 2050 1410 'acces-

182 1439 341 1497 sisse.
485 1433 775 1495 Cohortes
835 1435 1197 1494 Batavorum
1279 1459 1354 1494 ne
1442 1439 1589 1514 quid
1657 1439 2051 1497 truculentius

183 1525 500 1592 auderent,
544 1523 610 1577 in
639 1520 1026 1579 Germaniam
1060 1524 1366 1592 remissae,
1408 1523 1773 1600 principium
1811 1525 2047 1582 interno

182 1609 359 1665 simul
384 1620 747 1686 externoque
765 1604 928 1676 bello
961 1608 1312 1684 parantibus
1342 1609 1495 1668 fatis,
1579 1610 1812 1672 reddita
1844 1610 2050 1667 civita-

180 1695 340 1753 tibus
383 1691 699 1750 Gallorum
736 1694 950 1750 auxilia
968 1739 986 1764 ‚
1044 1693 1252 1767 ingens
1288 1713 1570 1751 numerus
1605 1705 1663 1751 et
1701 1686 1895 1772 prima
1933 1706 2048 1752 sta-

182 1779 292 1839 tim
333 1779 660 1837 defectione
697 1779 854 1836 inter
886 1779 1089 1836 inania
1127 1779 1272 1836 belli
1312 1780 1677 1855 adsumptus,

180 2024 498 2068 Ernest.Brot.
520 2038 620 2081 sqq.
646 2046 705 2055 —
733 2023 1081 2073 solicitudinem

180 2083 283 2127 edd.
316 2082 435 2140 Lips.
466 2081 596 2126 Pich.
620 2079 754 2125 Grut.
775 2097 873 2139 sqq.
909 2081 964 2124 ad
991 2081 1079 2124 Er-

183 2140 394 2183 uestium.

235 2196 523 2250 suspiciones
559 2197 775 2250 pavidus.
835 2195 920 2238 Ed.
955 2194 1080 2254 Spir.

183 2255 497 2309 suspectz'ones
510 2256 699 2310 pavide.

238 2324 331 2368 viri
343 2324 632 2367 consularis.
685 2324 971 2368 Vocabulum
993 2324 1085 2367 viri

183 2383 307 2425 abest
328 2399 351 2425 a
374 2381 508 2425 MSS.
534 2382 645 2440 Agr.
665 2381 782 2425 Bud.
809 2381 950 2426 Corb.
980 2382 1081 2425 edd.

173 2439 304 2497 ‚Spin
334 2439 422 2483 Iac.
440 2438 681 2490 Gronov„
715 2447 758 2481 et
779 2439 816 2482 si
845 2439 955 2482 fides
988 2439 1079 2483 Iac.

182 2496 450 2549 Gronovi0‚
514 2496 647 2539 etiam
671 2496 703 2539 'a
739 2492 840 2539 MS.
873 2496 1079 2540 Florent-

187 2554 416 2599 Victorius
460 2562 611 2597 tamen
641 2552 861 2598 intactum
898 2553 1081 2613 reliquit

182 2614 230 2655 in
250 2611 321 2655 ed.
342 2610 552 2654 Beroald.
621 2611 790 2660 Abesse
812 2610 925 2654 illud
950 2626 1080 2669 posse

183 2685 320 2712 nemo
339 2668 616 2715 infitiabitur.
637 2685 698 2703 -·-
730 2663 841 2711 Mox
866 2669 939 2711 ed.
960 2667 1080 2727 Spir-

182 2727 432 2783 quisquam
455 2742 539 2784 pro
562 2741 853 2783 quenquam,
885 2735 927 2770 et
954 2727 1080 2770 ami-

182 2785 310 2825 ratio
335 2799 419 2841 pro
438 2785 712 2827 admiratio.

239 2843 372 2883 ducis
403 2843 492 2885 sui.
555 2842 662 2886 MS.
687 2840 845 2884 Guelf.
881 2856 978 2884 non
1011 2840 1081 2885 ha·

185 2898 259 2940 bet
278 2901 371 2942 sui.
432 2898 562 2942 Idem
587 2916 690 2942 mox
717 2914 783 2942 ac
803 2898 967 2955 sama.

243 2963 293 2997 ut
300 2948 535 3010 fastiditi.
600 2956 662 3001 cf.
687 2973 809 3015 supr.
838 2973 878 3001 c.
904 2958 975 2999 51.

244 3022 358 3069 CAP.
379 3026 451 3068 69.
500 3027 696 3069 Postero
718 3029 807 3071 die.
858 3025 1083 3070 SieMSS.

190 3082 313 3126 Flor.
341 3085 458 3138 (test.
481 3082 622 3140 Viet.)
660 3085 777 3128 Bud.
811 3085 913 3130 edd.
938 3083 1082 3127 Rhen-

184 3140 292 3184 Ald.
306 3156 405 3198 sqq.
421 3168 481 3175 --
511 3150 706 3195 postera
724 3142 798 3184 die
808 3140 942 3185 MSS.
954 3141 1081 3185 Harl.

184 3197 317 3241 Bodl.
339 3199 422 3240 les.
438 3197 593 3240 Guelf.
618 3199 720 3243 edd.
744 3199 846 3242 Put.
873 3198 942 3242 M.
965 3207 1008 3242 et
1021 3198 1079 3242 V.

184 3254 394 3299 Beroald.
418 3254 520 3298 Alc.
545 3264 588 3299 et
613 3272 760 3315 nuper
784 3256 1002 3307 Bekker„
1037 3265 1082 3299 et

184 3313 251 3356 sic
273 3312 380 3355 infr.
404 3328 445 3356 c.
458 3311 528 3354 78.
543 3341 600 3347 —
628 3323 873 3367 postremo
893 3316 964 3358 dl‘e
980 3313 1081 3358 MS.

182 3369 324 3413 Corb.
349 3370 421 3413 ed.
442 3367 472 3411 S
509 3369 562 3411 ir.

241 3428 316 3470 ibi.
379 3426 457 3471 Sic
506 3427 610 3469 JSS.
636 3427 763 3470 Flor.
799 3434 918 3485 (test.
944 3428 1082 3483 vict.)

183 3483 336 3528 Guelf.
370 3484 475 3528 edd.
512 3484 629 3541 Spir.
666 3484 806 3527 Rhen.
843 3486 951 3528 Ald.
979 3501 1079 3542 sqq.

187 3567 241 3577 -·
267 3545 348 3586 ubi
363 3541 464 3586 edd.
479 3541 582 3585 Put.
598 3540 654 3582 V.
671 3542 880 3585 Beroald.
904 3543 1005 3587 Alc.
1023 3570 1082 3579 --

184 3599 293 3643 Mox
339 3600 440 3643 edd.
478 3598 581 3641 Pnt.
617 3598 686 3641 Μ.
718 3607 761 3641 et
796 3599 850 3642 V.
894 3601 1078 3653 operiri,

1772 1778 2049 1839 Ceterum

1153 2022 1329 2082 vulgari
1372 2022 1660 2067 confusione.
1693 2049 1753 2060 --
1809 2021 1895 2067 Ed.
1929 2021 2048 2081 Spir-

1153 2078 1456 2124 Batauorum
1478 2083 1692 2125 cohortes
1723 2097 1807 2140 pro
1833 2082 2051 2124 cohortes

1151 2139 1483 2189 Batauorum;
1523 2141 1749 2182 audirent
1781 2154 1866 2197 pro
1898 2141 2045 2193 aude-

1152 2204 1274 2238 rent.

1210 2267 1502 2321 impunitatis
1537 2274 1678 2322 acque
1717 2266 2048 2321 adrogantiae.

1152 2323 1287 2367 Roth.
1321 2339 1365 2382 p.
1388 2323 1458 2366 36.
1495 2323 1603 2368 haec
1626 2323 1758 2381 habet
1783 2325 1902 2367 iuter
1930 2323 2050 2368 (licta

1152 2397 1234 2447 pei:
1269 2381 1344 2438 fig.
1370 2380 1422 2424 ἓν
1453 2380 1532 2426 διὰ
1563 2382 1715 2426 δυοῖν.
1789 2380 1964 2425 Dubito
1989 2397 2049 2425 an

1153 2448 1258 2482 sans
1280 2447 1421 2483 recte.

1184 2510 1488 2580 'civitatibus
1548 2509 1653 2554 MS.
1689 2507 1846 2554 Guelf.
1881 2509 2050 2552 civita-

1153 2577 1228 2612 ω’
1790 2623 1868 2670 sa:
1910 2623 2048 2668 mss,

1209 2627 1331 2669 inter
1376 2626 1543 2668 inania
1586 2625 1708 2668 belli.

1152 2683 1277 2727 Flor.
1300 2683 1426 2737 (teste
1441 2681 1634 2739 Ryekio)
1658 2681 1724 2725 Re
1756 2679 1902 2726 Jiarl.
1918 2681 2048 2728 Bodl.

1153 2741 1237 2783 les.
1262 2740 1380 2782 Bud.
1407 2738 1562 2783 Guelf.
1586 2739 1688 2783 edd.
1750 2748 1813 2783 ut.
1839 2733 2048 2784 Beroald.

1155 2800 1277 2852 (cum
1301 2797 1371 2840 sil.
1394 2796 1538 2852 Vict.)
1556 2813 1654 2856 sqq.
1686 2820 1748 2831 —
1797 2798 1923 2841 inter
1939 2811 2047 2839 mu-

1154 2856 1237 2898 m'a
1259 2855 1370 2896 belli
1397 2855 1467 2899 ed.
1491 2854 1610 2912 Spir.
1640 2882 1700 2890 —-
1759 2856 1884 2898 inter
1914 2854 2050 2896 initia

1154 2913 1264 2954 belli
1278 2912 1378 2955 MS.
1403 2913 1513 2970 Agr.
1535 2940 1595 2948 —-
1649 2911 1827 2970 Lipsius
1847 2911 1895 2957 in
1919 2910 2044 2979 priuo-

1154 2970 1280 3013 ribus
1311 2969 1413 3013 edd.
1437 2969 1649 3014 suadebat
1668 2972 1791 3013 inter
1809 2970 2048 3014 inmensa.-
2120 2968 2123 2969 ⁷

1152 3027 1200 3071 iu
1221 3035 1447 3085 postrema
1469 3043 1568 3070 eam
1594 3026 1907 3071 coniecturam
1935 3025 2050 3073 omi·

1153 3085 1224 3127 sit.
1259 3086 1272 3096 “
1319 3085 1551 3129 Acidalius
1601 3083 1874 3129 conficiebat
1920 3085 2049 3127 ιἠιει·

1153 3142 1312 3186 minas
1365 3142 1408 3185 b.
1451 3158 1491 3186 e.
1532 3142 1643 3185 dum
1686 3140 1856 3185 bellum
1903 3144 2046 3198 parat.

1151 3199 1273 3242 Nihil
1318 3207 1470 3243 tamen
1514 3198 1563 3241 in
1602 3196 1786 3257 vulgata
1824 3199 2048 3256 scriptura

1153 3264 1219 3299 est
1259 3257 1384 3315 quod
1422 3256 1675 3314 displiceatz
1718 3257 1844 3303 inter
1882 3255 2048 3299 brania

1154 3315 1264 3356 belli
1285 3314 1329 3358 h.
1353 3330 1393 3358 e.
1426 3322 1489 3356 ut·
1508 3330 1578 3357 ma
1671 3329 1716 3357 m
1735 3322 1781 3357 et
1800 3312 2045 3357 terribilem

1154 3371 1350 3428 speciem
1383 3371 1506 3415 bello
1541 3387 1566 3414 a
1599 3373 1777 3422 derent,
1824 3369 1930 3414 licet
1963 3384 2044 3427 pa-

1152 3444 1257 3471 rum
1288 3428 1452 3472 inesset
1485 3429 1680 3473 roboris.
1754 3427 1820 3471 cf.
1851 3427 1941 3473 An.
1977 3426 2046 3474 15,

1152 3485 1223 3528 31.
1260 3490 1390 3541 apud
1428 3499 1544 3542 quos
1576 3488 1645 3529 vis
1683 3485 1870 3540 imperii
1908 3486 2046 3531 valet,

1152 3544 1313 3585 ιἠαηία
1343 3543 1759 3594 transmittuntur,-
1792 3542 1840 3594 2,
1862 3542 1936 3586 76.
1966 3541 2042 3584 in-

1153 3603 1267 3643 ania
1277 3600 1466 3656 samae-
