2138 4030
200 290 302 350 <56
791 286 1491 349 HISTORIARUM

219 430 276 475 et
311 437 600 475 consensu
633 405 971 477 errantium
991 418 1181 475 victus
1213 408 1445 492 sumpto
1479 414 1733 474 thorace·
1745 415 1941 477 Galba
1977 420 2075 476 in-

219 494 418 560 ruenti
442 504 648 561 turbae
677 524 870 581 neque
900 515 1081 560 aetate
1104 522 1295 579 neque
1320 516 1564 577 corpore
1592 502 1805 559 sistens
1826 504 1970 561 sella
1989 504 2077 563 le-

218 599 473 648 varetur.
534 583 539 590 ⁴
572 585 807 645 Obvius
855 589 921 644 in
963 587 1182 663 palatio
1234 585 1423 644 Iulius
1466 582 1700 644 Atticus
1745 590 2076 664 speculator

218 684 528 730 cruentum
567 675 828 748 gladium
867 684 1169 730 ostentans
1208 672 1467 728 occisum
1493 693 1527 728 a
1554 692 1613 728 se
1640 668 1948 731 Othonem
1975 693 2075 731 ex-

218 759 518 815 clamavit:
577 770 633 815 et
669 757 864 814 Galba
907 754 1296 826 „Commilito
1331 756 1616 834 „inquit”
1652 757 1784 834 quis
1812 758 2071 818 'iussitT?”

218 842 442 920 insigni.
472 845 670 900 animo
710 844 784 899 ad
819 840 1201 906 coercendam
1233 841 1549 898 militarem
1581 842 1909 914 licentiam,
1959 843 2074 900 mi-

216 929 495 986 nantibus
522 928 852 1002 intrepidus
870 973 886 996 ‚
928 928 1207 984 adversus
1231 927 1605 984 blandientes
1635 927 2033 1005 incorruptus.

382 1011 666 1071 XXXVI.
710 1011 890 1069 Haud
919 1013 1134 1069 dubiae
1156 1013 1274 1067 iam
1298 1012 1364 1067 in
1387 1012 1589 1070 castris
1613 1013 1883 1070 omnium
1905 1033 2075 1070 men—

215 1110 330 1168 teS‚
373 1110 688 1174 tantusque
713 1099 919 1168 ardor,
962 1109 1030 1154 ut
1054 1118 1178 1153 non
1205 1098 1464 1154 contenti
1487 1098 1731 1170 'agmine
1766 1109 1823 1156 et
1862 1119 2075 1174 corpo—

213 1184 381 1240 ribus
404 1184 470 1239 in
497 1195 795 1256 suggestu,
838 1182 902 1237 in
928 1203 1044 1259 quo
1070 1183 1248 1258 paulo
1278 1193 1414 1238 ante
1435 1202 1608 1239 aurea
1634 1180 1862 1241 Galbae
1881 1195 2071 1242 statua

213 1270 433 1337 fuerat,
473 1269 739 1323 medium
771 1268 926 1323 inter
964 1269 1128 1342 signa
1155 1263 1465 1325 Othonem
1488 1267 1722 1328 vexillis
1746 1268 2076 1339 circumda-

214 1366 365 1412 rent.
464 1354 571 1409 nec
626 1353 885 1409 tribunis
933 1365 1035 1409 aut
1085 1350 1534 1410 centurionibus
1579 1351 1839 1410 adeundi
1881 1354 2071 1410 locus:

222 1438 522 1512 gregarius
549 1439 717 1494 miles
745 1438 938 1494 caveri
964 1439 1206 1513 insuper
1228 1438 1590 1513 praepositos
1619 1437 1876 1498 iubebat.
1931 1449 2078 1496 stre-

210 1544 348 1599 pere
375 1535 584 1580 cuncta
613 1524 969 1580 clamoribus
994 1535 1052 1581 et
1077 1524 1338 1581 tumultu
1364 1534 1421 1580 et
1441 1519 1846 1580 exhortatione
1865 1534 2072 1581 mutua

210 1629 336 1665 non
374 1620 657 1685 tanquam
690 1608 754 1663 in
788 1610 1009 1683 populo
1038 1630 1102 1665 ac
1132 1610 1302 1683 plebe
1330 1608 1509 1664 variis
1536 1607 1701 1679 segni
1733 1607 2073 1666 adulatione

137 1769 140 1771 ἢ
210 1693 486 1763 vocibus,
541 1695 641 1748 sed
680 1705 747 1750 ut
787 1714 1078 1770 quemque
1113 1693 1504 1750 adfluentium
1540 1693 1798 1750 militum
1838 1712 2075 1768 aspexe-

210 1790 378 1850 rant,
446 1798 725 1856 prensare
770 1777 1078 1850 manibus,
1145 1778 1457 1855 complecti
1508 1778 1717 1850 armis,
1789 1778 2076 1836 collocare

1764 281 1818 318 Α.
1837 285 1991 329 usn.

1769 327 1818 364 A.
1840 328 1886 365 c,
1930 330 1991 368 το.

266 1961 481 2004 inruenti.
504 1958 509 1962 ’
563 1960 639 2005 Sic
676 1962 777 2005 MS.
819 1961 943 2005 Flor.
990 1968 1101 2005 teste

210 2018 433 2062 victorio.
490 2020 691 2061 irruenti
711 2017 812 2062 MS.
826 2018 980 2062 Guelf.
1002 2019 1103 2066 edd,

207 2085 313 2119 vett.
374 2075 584 2119 Ceterum
610 2077 859 2133 coniunge:
900 2076 1110 2120 inruenti

210 2136 372 2176 turbae
422 2133 487 2190 (h.
526 2151 566 2176 e.
609 2134 663 2177 ab
703 2133 910 2177 inruente
955 2134 1102 2188 turba)

206 2193 323 2232 sellu
371 2193 621 2234 levaretur.
712 2191 842 2234 Ratio
898 2190 1102 2233 additur:

205 2263 350 2304 neque
372 2256 529 2291 aetate
553 2263 702 2304 neque
718 2262 906 2302 corpore
921 2248 1106 2298 sistens,

206 2305 248 2350 h.
276 2321 315 2348 e.
342 2305 603 2350 consistens.
635 2306 692 2349 cf.
714 2306 804 2349 An.
826 2305 961 2363 4,s40.
994 2305 1104 2347 Hist.

206 2362 245 2414 3,
266 2364 338 2406 21.
396 2363 607 2417 Dativum
633 2364 696 2406 sic
719 2379 823 2406 cum
848 2363 988 2413 verbo
1009 2378 1104 2420 pas·

206 2421 299 2463 sivo
323 2420 538 2478 coniungi
565 2422 736 2478 saepius
760 2421 970 2465 vidimus.
1014 2421 1101 2462 An.

210 2479 276 2529 14,
317 2479 387 2521 58.
434 2480 643 2532 pluribus
686 2511 696 2521 .
725 2509 737 2521 .
763 2510 774 2521 .
818 2479 1104 2528 curabatur,-

210 2536 276 2587 15,
299 2535 340 2578 3.
378 2536 631 2579 Corbuloni
661 2569 670 2578 .
692 2568 703 2578 .
734 2567 744 2578 .
779 2536 946 2578 audita
975 2542 1099 2577 sunt.

208 2594 259 2635 ln
279 2593 400 2637 hune
416 2594 603 2636 modum
619 2593 705 2636 iam
719 2591 930 2636 Rieklefs.
950 2591 1101 2635 locum

206 2659 270 2692 est
304 2651 643 2707 interpretatus:
691 2650 728 2691 is
766 2658 916 2702 tamen
952 2656 1102 2691 censet

207 2705 447 2763 legendum
473 2710 693 2749 inruente
716 2710 869 2751 turba.
915 2707 1100 2749 Frustra

207 2771 249 2806 et
276 2762 403 2806 male.
446 2764 538 2808 Alii
563 2765 868 2822 coniungunt:
899 2763 1105 2806 inruenti

206 2823 370 2864 turbae
390 2850 402 2863 .
421 2852 430 2863 .
451 2854 462 2864 .
485 2823 678 2873 sistens,
710 2822 832 2881 quod
866 2821 991 2864 nihili
1023 2828 1100 2868 est,

206 2878 290 2920 nisi
334 2894 437 2921 cum
486 2879 635 2936 Lipsio
691 2882 807 2937 legas
858 2879 1098 2922 resistens.

205 2935 295 2978 sed
321 2951 375 2977 ne
400 2935 443 2977 id
467 2937 646 2991 quidem
670 2939 773 2980 satis
797 2935 955 2995 placet.
986 2935 1099 2977 Nam

203 2990 253 3034 in
277 3009 326 3035 ea
348 2992 461 3035 serie
484 2993 625 3035 otiosa
648 3003 751 3037 sunt
776 2996 930 3038 verba:
957 3006 1102 3048 neque

204 3057 361 3091 aetate
389 3064 535 3106 neque
570 3066 794 3103 corpore;
833 3049 1001 3094 etenim
1034 3050 1102 3092 in-

204 3106 353 3149 ruenti
375 3108 532 3149 turbae
556 3123 611 3148 ne
635 3109 812 3150 iuvenis
834 3107 1014 3166 quidem
1037 3123 1103 3149 re-

204 3164 395 3206 sisteret.
463 3163 599 3207 MSS.
635 3165 751 3207 Bud.
786 3166 903 3220 (test.
937 3164 1079 3207 Rhen.

205 3228 251 3264 et
268 3221 371 3263 Vat.
396 3222 512 3274 (test.
541 3223 794 3277 Vertranio)
820 3223 935 3265 male
959 3221 1097 3264 omit-

206 3286 312 3322 tunt
332 3293 478 3334 neque
500 3285 672 3326 aetate.
717 3279 851 3323 MSS.
865 3280 971 3338 Reg.
988 3281 1097 3336 Agr.

209 3334 346 3378 Corb.
378 3335 446 3380 ed.
473 3336 588 3391 Spir.
622 3351 705 3393 pro
737 3337 913 3380 sistens
946 3337 1100 3379 serunt

205 3394 436 3436 insistens.
498 3394 697 3436 Frustra.

265 3452 546 3503 speculator.
583 3449 705 3492 Libri
730 3458 858 3502 vett„
883 3461 932 3500 ut
950 3466 1099 3509 supra.

209 3507 313 3551 MS.
335 3506 484 3558 Guelf.
505 3507 579 3551 hic
605 3507 886 3561 speculator.

265 3565 566 3608 exclamavit.
654 3565 730 3608 Sic
784 3565 935 3608 MSS:
979 3567 1100 3610 Flor.

214 3624 331 3677 (test.
366 3622 514 3679 Pich.)
549 3622 656 3690 lleg.
687 3620 812 3667 Harl.
847 3622 977 3668 Bodl.
1015 3625 1101 3668 Ies.

1175 1959 1314 2005 corb.
1341 1961 1460 2004 Bud.
1488 1957 1645 2003 Guelf.
1679 1957 1785 2004 edd.
1816 1957 1939 2017 Spir.
1967 1957 2073 2002 Put.

1176 2020 1246 2061 M.
1269 2018 1396 2062 Pich.
1421 2034 1522 2075 sqq.
1594 2016 1822 2061 Victorius
1855 2017 2075 2061 intactum

1175 2076 1359 2134 reliquit
1401 2075 1649 2125 clamavit,
1701 2074 1825 2132 quod
1858 2081 1993 2116 exstat
2026 2073 2072 2116 in

1176 2133 1277 2175 edd.
1308 2133 1410 2176 Put.
1434 2132 1493 2176 V.
1516 2131 1622 2174 Ber.
1649 2144 1747 2189 sqq.
1780 2131 1836 2175 ad
1860 2129 1986 2174 Pich.
2016 2154 2074 2167 —

1177 2190 1248 2237 De
1273 2189 1455 2233 historia
1483 2189 1544 2233 cf.
1565 2188 1732 2246 Xiphit.
1755 2189 1826 2239 64,
1846 2190 1891 2232 6.
1934 2202 1941 2215 '

1235 2247 1347 2291 CAP.
1367 2247 1437 2290 36.
1481 2245 1666 2290 dubiae.
1723 2245 1924 2290 SicMS.
1947 2245 1987 2289 F
1990 2245 2074 2290 lor.

1177 2308 1299 2358 (test.
1322 2303 1463 2361 Viet.)
1487 2303 1588 2346 edd.
1607 2303 1751 2346 Rhen.
1774 2318 1902 2362 sqq.;
1938 2305 2073 2348 dubie

1175 2363 1278 2406 MS.
1301 2361 1454 2405 Guelf.
1479 2359 1581 2404 edd.
1600 2359 1718 2419 Spir.
1745 2360 1847 2405 Put.
1869 2361 1939 2404 M.
1960 2369 2004 2406 et
2018 2360 2071 2407 V.

1174 2421 1276 2464 Ber.
1300 2420 1401 2464 Alc.
1459 2418 1548 2462 Sed
1581 2418 1639 2461 ita
1664 2417 1839 2477 plerum
1875 2433 1931 2462 ue
1960 2425 2069 2464 vett.

1174 2478 1277 2521 libri
1298 2493 1322 2520 e
1342 2485 1520 2535 ponunt
1543 2491 1626 2533 pro
1652 2486 1726 2519 ae.
1756 2498 1815 2510 -
1918 2477 1973 2518 ox
1995 2475 2068 2519 ed.

1174 2536 1277 2578 Ber.
1322 2548 1407 2577 nec
1444 2535 1683 2584 tribunus,
1732 2531 1855 2592 quod
1884 2532 2005 2576 Vict.
2045 2548 2070 2576 e

1173 2593 1277 2636 MS.
1320 2592 1446 2635 Flor.
1493 2589 1686 2637 correxit
1725 2605 1810 2634 nec
1852 2591 2069 2639 tribunis,

1176 2650 1239 2695 uti
1263 2657 1327 2692 est
1346 2650 1392 2694 in
1418 2648 1518 2694 MS.
1534 2646 1688 2691 Guelf.
1711 2647 1817 2698 edd.
1833 2647 2068 2707 Spinput.

1174 2707 1277 2752 Alc.
1301 2706 1446 2755 Rhen.
1474 2722 1576 2764 sqq.

1174 2767 1179 2770 ’
1233 2765 1577 2810 exhortatione..
1634 2761 1753 2814 Edd,
1786 2760 1891 2808 Put.
1926 2761 1994 2807 M.
2027 2770 2070 2807 et

1175 2820 1232 2868 V.
1269 2823 1584 2863 exortatione.

1172 2892 1488 2986 Erssssssffssssi,
1501 2876 1781 2993 ωἶζῖιῗὲιῐῗῇ.
1802 2876 2070 2979 ῗὲἶὶοξάἒά

1174 2994 1264 3037 An.
1296 2993 1362 3044 14,
1399 2995 1468 3036 10.
1523 3006 1746 3048 pressare
1780 2992 1917 3036 MSS.
1942 2991 2066 3037 Flor.

1175 3054 1295 3107 (test.
1321 3050 1515 3108 Ryckio)
1548 3050 1661 3107 Reg.
1683 3049 1796 3108 Agr.
1823 3048 1964 3094 Corb.
1996 3049 2066 3094 ed.

1175 3109 1293 3166 Spir.
1305 3141 1320 3161 ,
1355 3123 1488 3165 quam
1511 3107 1781 3167 scripturam
1804 3115 1911 3166 puta
1933 3122 2065 3151 exor-

1169 3175 1260 3211 tam
1284 3181 1308 3207 e
1333 3165 1604 3224 compendio
1631 3173 1846 3220 presure.
1906 3161 2065 3209 Victo-

1170 3222 1284 3265 rius·
1298 3222 1517 3271 intactum
1551 3223 1737 3281 reliquit
1762 3223 2070 3277 prebens-are,

1171 3280 1294 3337 quod
1335 3287 1472 3323 exstat
1511 3280 1559 3323 in
1598 3279 1736 3324 MSS.
1773 3278 1896 3322 Harl.
1929 3278 2065 3323 Bodl.

1172 3337 1256 3384 les.
1273 3336 1424 3379 Guelf.
1449 3337 1551 3380 edd.
1574 3338 1677 3388 Put.
1690 3339 1790 3381 Ber.
1806 3335 1909 3379 Ale.
1923 3334 2066 3380 Rhen-

1173 3410 1277 3451 sqq.
1299 3394 1353 3437 ad
1366 3393 1543 3443 Ernest.
1602 3397 1712 3440 Mox
1732 3394 1802 3438 ed.
1816 3393 1935 3452 Spir.
1957 3391 2065 3438 scri!

1170 3453 1236 3495 bit
1260 3454 1517 3496 conlocare.

1231 3509 1475 3563 complecti
1491 3509 1657 3553 armis.
1717 3507 1776 3554 cf.
1802 3507 1929 3577 Virg.
1948 3507 2066 3554 Aen.

1175 3567 1242 3619 12,
1262 3566 1349 3611 432
1373 3581 1473 3624 sqq.
1501 3566 1762 3623 Postquam
1788 3565 1960 3611 habuis
1985 3567 2060 3610 la-

1178 3625 1270 3673 teri
1316 3624 1490 3678 clipeus
1530 3626 1764 3681 loricaque
1805 3631 1937 3679 tergo
1979 3630 2063 3676 est,
2132 3669 2138 3690 .-
