2138 4030
1753 199 1876 239 Am.
1889 199 1972 240 m.

1756 246 1812 284 A.
1829 242 1877 280 c.
1915 245 1974 291 τῇ,

195 203 326 265 502-—
777 195 1491 283 ms'romARUM

197 332 405 394 inania
431 350 662 390 arcana.
718 333 878 392 muri
891 331 1446 408 Hierosolymorum
1471 332 1709 404 diruti,¹
1736 333 2058 393 delubrum

193 418 431 478 mansit.
516 416 663 475 Mox
705 419 867 475 civili
905 417 1061 474 inter
1097 429 1208 473 nos
1245 417 1403 474 bello
1441 431 1753 495 postquam
1783 419 1851 475 in
1878 420 2060 479 ditio..

195 525 334 561 nem
375 502 464 561 Μ.
500 501 753 560 Antonii
795 501 1137 578 provinciae
1180 514 1498 574 cesserant,
1557 524 1656 560 rex
1698 500 2060 565 Parthorum

195 589 457 647 Pacorus
486 586 702 646 Iudaea
730 588 953 664 potitus
984 586 1438 664 interfectusque
1473 609 1506 645 a
1530 587 1599 649 P.
1627 587 1946 661 Ventidio,
2002 601 2062 648 et

194 670 402 732 Parthi
434 685 596 731 trans
624 670 993 748 Euphratem
1024 671 1271 728 redacti:
1317 670 1656 734 ludaeos-C.
1684 672 1890 732 Sosius
1918 676 2062 733 sub-

195 761 332 834 egit.
390 748 638 833 regnum
663 759 738 815 ab
763 754 1030 814 Antonio
1057 755 1288 814 Herodi
1311 758 1517 814 datum
1540 759 1731 817 victor
1753 757 2060 841 Augustus

193 844 373 905 auxit.
467 843 609 902 Post
650 855 901 900 mortem
935 841 1195 899 Herodis
1238 838 1395 898 nihil
1442 856 1766 920 exspectato
1804 843 2055 903 Caesare

195 930 361 988 Simo
400 929 642 1007 quidam
681 928 910 1003 regium
945 947 1166 984 nomen
1204 927 1516 988 invaserat.
1602 929 1654 986 is
1691 949 1724 987 a
1759 929 2058 1003 Quintilio

194 1014 357 1083 Varo
389 1015 693 1072 obtinente
721 1013 955 1091 Syriam
980 1013 1250 1088 punitus:
1297 1026 1354 1071 et
1381 1026 1610 1087 gentem
1643 1016 1955 1074 coercitam
1980 1016 2058 1072 li-

193 1101 323 1158 beri
344 1099 601 1157 Herodis
626 1099 921 1174 tripartito
948 1118 1167 1158 rexere.
1254 1097 1382 1156 Sub
1410 1097 1653 1156 Tiberio
1682 1101 1866 1177 quieS.
1917 1101 2058 1158 dein

192 1187 338 1243 iussi
367 1204 401 1242 a
431 1184 499 1244 C.
525 1183 772 1242 Caesare
792 1184 1046 1257 'effigiem
1086 1183 1211 1240 eius
1251 1183 1315 1239 in
1349 1184 1569 1259 templo
1609 1185 1838 1256 locare,
1895 1206 2058 1244 arma

192 1272 390 1348 potius
430 1287 763 1345 sumpsere:
823 1289 998 1346 quem
1035 1279 1265 1326 motum
1299 1266 1565 1326 Caesaris
1601 1290 1761 1327 mors
1800 1271 2057 1329 diremit.

191 1354 483 1414 Claudius
525 1355 817 1412 defunctis
853 1355 1090 1428 regibus
1122 1366 1224 1411 aut
1247 1355 1321 1410 ad
1350 1355 1654 1412 modicum
1679 1357 1930 1413 redactis
1955 1355 2059 1413 Iu·-

193 1443 399 1498 daeam
426 1441 796 1516 provinciam
829 1440 1125 1516 equitibus
1153 1440 1414 1496 romanis
1443 1452 1544 1496 aut
1570 1441 1797 1498 libertis
1837 1442 2060 1517 permi-

194 1527 286 1583 sit.
375 1546 404 1582 e
442 1526 659 1603 quibus
686 1521 991 1582 Antonius
1025 1524 1192 1581 Felix
1227 1545 1333 1600 per
1372 1545 1607 1582 omnem
1644 1527 1947 1583 saevitiam
1988 1548 2055 1584 ac

191 1611 507 1669 libidinem
550 1611 641 1668 ius
676 1611 902 1684 regium
943 1610 1143 1666 servili
1179 1610 1428 1684 ingenio
1463 1611 1748 1680 exercuit,
1789 1609 2056 1669 Drusilla

194 1696 546 1773 Cleopatrae
596 1708 653 1768 et
692 1693 946 1753 Antonii
993 1707 1167 1771 nepte
1211 1696 1274 1751 in
1309 1695 1758 1753 matrimonium
1799 1708 2060 1773 accepta:

1223 1860 1378 1904 ocavit.
1435 1859 1514 1905 Sic
1545 1859 1679 1904 codd.
1710 1859 1848 1904 MSS.
1880 1868 1924 1904 et
1956 1869 2060 1906 vett.

1165 1918 1399 1967 editiones,
1418 1917 1503 1960 nisi
1526 1918 1647 1975 quod
1671 1917 1784 1960 liber
1797 1918 1912 1962 Bud.
1927 1917 2061 1964 habet

1164 1978 1318 2028 ausit,
1348 1979 1471 2018 unde
1491 1975 1732 2018 Rhenanus
1756 1977 1924 2020 fecerat
1944 1991 2062 2020 son-

1164 2034 1257 2077 xit.
1321 2032 1515 2076 Pichena
1551 2032 1743 2077 restituit
1773 2035 1930 2082 auxit.
1988 2033 2062 2078 De

1165 2107 1213 2135 re
1240 2090 1296 2134 cf.
1323 2091 1495 2148 loseph.
1519 2091 1571 2133 B.
1598 2089 1630 2133 l.
1656 2092 1694 2146 1,
1724 2091 1795 2135 15.

1222 2151 1352 2193 Simo
1376 2150 1581 2203 quidam.
1641 2149 1703 2191 lta
1728 2148 1966 2192 ediderunt
1981 2149 2061 2192 Er·

1165 2212 1280 2247 nest.
1308 2204 1467 2247 Oberl.
1494 2221 1621 2262 sqq„
1651 2205 1754 2262 quia
1781 2206 1902 2248 infra
1927 2222 1968 2249 c.
1995 2208 2061 2251 12.

1168 2263 1299 2304 Simo
1334 2262 1405 2306 vel
1431 2259 1469 2302 S
1495 2277 1572 2303 mo
1603 2271 1669 2304 est
1699 2262 1747 2304 in
1771 2262 1908 2306 MSS.
1930 2263 2060 2312 Flor.

1167 2319 1276 2375 Reg.
1302 2319 1415 2362 Bud.
1434 2278 1584 2361 Gyuels.
1603 2317 1789 2362 Oxonn.
1813 2318 1918 2362 edd.
1941 2320 1972 2364 S
2007 2322 2062 2366 ir.

1166 2377 1268 2421 Put.
1299 2376 1368 2420 Μ.
1405 2384 1447 2418 et
1477 2376 1530 2418 V.
1562 2375 1776 2419 Beroald.
1836 2376 1957 2419 Ante
2008 2378 2063 2422 'r-

190 1861 354 1921 Aptius
380 1862 502 1906 enim
536 1870 650 1907 esset
679 1860 843 1906 scribi:
889 1875 1091 1903 vacuom
1114 1907 1145 1916 .-

191 1924 354 1964 sedem
377 1928 419 1963 et
444 1921 605 1963 inania
637 1934 820 1963 arcana
852 1921 983 1962 nullo
1017 1921 1090 1961 in-

193 1986 269 2021 tus
300 1981 437 2020 deum
470 1978 638 2035 effigie.
709 1978 918 2035 Denique
952 1992 1093 2020 voca-

192 2034 304 2079 bulo
324 2038 462 2078 deum
484 2035 530 2078 in
553 2034 713 2092 plurali
738 2036 885 2093 posito
909 2050 1003 2076 non
1029 2051 1094 2078 sa-

193 2092 250 2139 tis
273 2101 429 2151 aptum
457 2101 519 2135 est
543 2093 711 2150 effigie.

175 2183 179 2208 ἱ
250 2152 409 2194 diruti.
468 2150 571 2193 MS.
600 2149 712 2193 Bud.
751 2150 940 2203 dirupti.
999 2148 1091 2190 Eo-

192 2207 299 2252 dem
323 2207 467 2251 modo
486 2206 834 2251 confunduntur
859 2219 1095 2260 proruere

195 2274 241 2309 et
280 2279 605 2321 prorumpere.
676 2264 735 2308 cf.
775 2273 870 2307 not.
908 2263 962 2306 ad
1000 2264 1092 2308 An.

199 2322 268 2372 15,
292 2323 364 2365 40.
597 2319 603 2326 ¹

255 2381 381 2423 ciuili
411 2382 536 2424 inter
568 2394 654 2422 nos
689 2379 823 2422 bello.
885 2377 962 2421 Sic
992 2377 1094 2426 MS.

197 2437 365 2496 Agr.et
379 2438 483 2481 inde
511 2438 610 2480 edd.
629 2435 771 2494 Ryek.
789 2435 1094 2500 kefin-onor.

197 2512 297 2554 sqq.
379 2495 549 2562 Parum
603 2494 709 2538 inde
755 2493 917 2563 absunt
962 2492 1097 2536 MSS.

195 2553 324 2669 ἓξὲξ·
339 2551 1096 2668 &2⁵13{ts-sai:‘tatami

198 2677 331 2713 runt=
361 2669 483 2711 civili
495 2671 682 2710 interno
704 2669 837 2712 bello.
902 2666 1002 2708 Alio
1027 2681 1098 2729 or:-

199 2728 304 2771 dine
327 2728 445 2769 hello
467 2727 590 2768 civili
610 2726 796 2767 interno
820 2723 919 2767 MS.
943 2722 1097 2766 Guelf.

202 2784 303 2828 edd.
338 2783 444 2826 Put.
479 2800 577 2841 sqq.
609 2782 663 2827 ad
697 2781 965 2831 Pichenam,
1020 2779 1098 2838 qui

202 2850 388 2884 auctore
413 2840 563 2899 Lipsio
600 2839 851 2883 emendavit
883 2841 1003 2889 bello
1039 2839 1094 2879 ci·

204 2899 288 2941 vili
306 2901 429 2941 inter
448 2913 551 2941 nos,
615 2897 717 2941 MS.
742 2896 857 2940 Bud.
880 2896 1004 2939 civili
1023 2895 1098 2937 in-

202 2964 360 3007 terno,
392 2958 510 2998 bello
536 2971 647 3001 voce
671 2952 888 3011 neglecta.

260 3015 308 3057 in
327 3015 565 3056 ditionem.
626 3011 765 3055 MSS.
791 3010 943 3054 Guelf.
967 3009 1102 3053 Bodl.

205 3071 286 3115 les.
322 3070 462 3116 Corb.
499 3071 549 3112 in
581 3071 788 3122 ditione,
844 3069 1009 3113 omissa
1045 3067 1105 3110 li-

202 3128 351 3254 nex-22.
374 3185 660 3281 Pf'erQ‘fm
685 3183 908 3249 Pacorus.
958 3241 967 3250 ·
984 3182 1039 3226 Η.
1065 3199 1104 3225 e.

202 3242 888 3354 astuitia...aazia?
913 3240 1107 3342 ‘tt-13:

207 3358 327 3424 seph.
345 3358 453 3425 Ant..
473 3356 721 3425 1ud.14,*13
741 3374 838 3414 sqq.
856 3357 943 3399 Dio
955 3357 1108 3425 48525.

208 3417 519 3532 Mgigsiuc..
544 3414 1107 3516 ..233120154532513‘32

204 3530 338 3591 seph.
362 3533 467 3575 Ant.
497 3530 590 3574 lud.
619 3531 683 3580 14,
713 3530 782 3574 16.
809 3529 898 3572 Dio
922 3530 992 3577 49,
1010 3530 1081 3572 22.

1167 2434 1362 2476 uestium
1388 2434 1654 2492 vulgabatur
1681 2434 1870 2490 Simon,
1905 2435 1968 2476 uti
1991 2435 2065 2480 hic

1169 2492 1321 2534 ferunt
1334 2499 1500 2534 veteres
1517 2491 1617 2534 libri
1633 2489 1721 2545 (vel
1740 2491 1951 2548 Syneon).
1979 2493 2064 2539 Ed.

1170 2550 1200 2593 S
1236 2550 1286 2592 ir.
1300 2550 1462 2593 Simon
1484 2552 1736 2605 quoddam.
1787 2548 1858 2591 De
1879 2549 2066 2595 homine

1172 2568 1231 2649 eii
1259 2605 1429 2665 loseph.
1453 2610 1562 2650 Ant.
1591 2607 1685 2649 lud.
1713 2605 1781 2658 17,
1809 2609 1871 2649 11.

1228 2666 1264 2706 is
1305 2681 1335 2706 a
1371 2664 1617 2722 Quintilio.
1687 2663 1774 2707 Ed.
1809 2665 1928 2722 Spir.
1967 2667 2068 2721 ipsa

1174 2721 1416 2779 Quintilio.
1489 2726 1495 2733 '
1853 2760 1861 2772 ,

1226 2780 1336 2822 dein
1380 2779 1509 2822 iussi.
1586 2777 1722 2822 MSS.
1757 2777 1882 2822 Harl.
1924 2778 2066 2826 corb.

1171 2839 1339 2879 deinde
1369 2837 1499 2880 iussi.
1556 2835 1627 2879 De
1651 2852 1700 2879 re
1724 2837 1784 2880 cf.
1811 2835 1938 2880 Philo
1959 2835 2067 2895 Leg.
2097 2891 2099 2894 .

1172 2894 1225 2938 ad
1251 2893 1412 2938 Caium
1438 2910 1483 2951 p.
1508 2894 1615 2936 1019
1637 2903 1681 2937 et
1706 2895 1833 2936 1040.

1232 2951 1464 2994 Drusilla.
1528 2951 1604 2995 Sic
1624 2951 1723 2997 edd.
1746 2950 1851 2995 Put.
1877 2966 1979 3011 sqq.
2011 2974 2071 2986 —-

1172 3009 1376 3053 Drusila
1396 3009 1498 3052 MS.
1524 3008 1677 3052 Guelf.
1719 3036 1779 3046 --
1836 3005 2073 3054 Druxilla

1177 3067 1248 3110 ed.
1266 3066 1385 3124 Spir.
1410 3090 1461 3099 —
1506 3066 1652 3109 Paulo
1674 3074 1778 3113 ante
1800 3081 1898 3110 voc.
1915 3070 2068 3119 Anca..

1176 3125 1276 3167 nius
1312 3124 1358 3166 in
1394 3124 1497 3168 edd.
1517 3123 1626 3166 Put.
1652 3123 1721 3168 M.
1741 3133 1785 3167 et
1808 3123 1863 3166 V.
1900 3123 1954 3168 de
1978 3123 1991 3135 ’
2021 3167 2030 3182 i
2050 3122 2134 3180 ‘53³5‘

1176 3190 1319 3224 ratur.
2010 3193 2071 3235 ,Α
2087 3187 2122 3238 ,ἵ

1233 3239 1281 3281 in
1314 3238 1672 3288 matrimonium
1705 3244 1910 3293 accepto.
1984 3255 1985 3258 ¹
2036 3234 2097 3286 5³³&
2119 3254 2133 3289 ἶ.1

1181 3295 1335 3339 Guelf.
1380 3303 1571 3351 accepta
1609 3297 1659 3336 in
1691 3295 2075 3341 matrimonium.
2103 3295 2136 3314 '⁶'

1180 3354 1280 3397 MS.
1309 3354 1430 3396 Flor.
1467 3357 1583 3409 (test.
1607 3351 1751 3409 Vict.)
1785 3353 1855 3396 ed.
1877 3353 1998 3411 Spir.
2029 3357 2077 3397 in

1182 3412 1485 3468 matrimonia
1507 3417 1712 3464 accepta.
1771 3409 1874 3453 MS.
1898 3413 2009 3467 Agr.
2031 3413 2078 3455 in

1181 3470 1506 3513 matrimonio.
1596 3466 1800 3525 Utraque
1857 3468 2080 3526 scriptura

1183 3527 1313 3571 facile
1337 3526 1484 3585 potuit
1508 3526 1614 3570 oriri
1638 3541 1660 3567 c
1682 3525 1960 3582 compendio
1980 3541 2082 3569 ma·
