2138 4030
193 197 320 266 504
557 168 560 171 ’
755 190 1560 274 ‹HJSTORIARU-Mu·
1747 171 1971 284 &2:³32

197 333 359 410 quod
400 332 515 391 soli
551 330 760 393 Iudaei
794 353 928 391 non
956 332 1293 395 cessissent.
1377 331 1560 391 simul
1609 352 1850 393 manere
1897 335 2055 410 apud

197 418 486 477 exercitus
509 418 720 478 Titum
735 464 752 490 ‚
796 420 871 475 ad
898 437 1104 476 omnes
1129 418 1497 495 principatus
1519 419 1664 476 novi
1686 428 1942 477 eventus-⁴
1957 439 2077 478 car

198 523 369 560 susve
415 503 625 563 utilius
671 505 1002 566 videbatur.
1100 499 1290 578 Igitur
1339 504 1573 575 castris,
1637 503 1731 561 uti
1777 504 2056 576 diximu8‚

197 601 334 647 unte
360 589 596 650 moenia
623 589 1178 666 Hierosolymorum
1211 587 1420 666 positis
1450 590 1764 648 instructas
1797 588 2058 664 legiones
2137 599 2138 602 ’

198 674 529 733 ostentavit.

368 758 477 820 XI.
521 757 727 818 Iudaei
756 759 876 815 «sub
913 757 1072 834 ipsos
1106 777 1310 816 muros
1338 770 1598 817 struxere
1625 757 1840 828 aciem,
1880 760 2058 818 rebus

166 872 168 885 ι
198 845 472 903 secundis
500 843 739 918 longius
777 844 980 900 ausuri
1011 854 1095 914 et,
1150 843 1200 900 si
1233 843 1628 918 pellerentur,
1680 856 1884 921 parato
1919 866 2058 922 per-

196 930 378 1004 fugio.
462 931 677 1000 missus
728 928 793 986 in
843 947 943 986 eos
993 948 1170 1006 eques
1215 949 1350 985 cum
1392 930 1675 1005 expeditis
1716 926 2060 989 cohortibus

198 1014 770 1099 ambiguecertavit.
857 1034 995 1071 mox
1031 1033 1250 1071 cessere
1296 1010 1520 1085 hosteS‚
1578 1027 1636 1072 et
1678 1018 2068 1092 sequentibus

199 1101 408 1158 diebus
445 1102 651 1157 crebra
693 1121 800 1176 pro
843 1100 1032 1176 portis
1066 1099 1294 1175 proelia
1330 1102 1628 1157 serebant:
1684 1101 1875 1158 donec
1913 1101 2060 1158 assi-

200 1187 334 1245 duis
363 1185 598 1243 damnis
621 1185 779 1243 intra
801 1186 1040 1242 moenia
1076 1186 1455 1260 pellerentur.
1540 1183 1803 1243 Romani
1840 1188 1915 1243 ad
1952 1207 2061 1263 op—

198 1272 587 1348 pugnandum
604 1271 778 1330 versi.
833 1291 1026 1348 neque
1053 1271 1214 1328 enim
1238 1271 1487 1344 dignum
1511 1271 1823 1328 videbatur
1844 1272 2062 1329 famem

199 1353 462 1414 hostium
493 1356 773 1432 opperiri.
861 1356 1296 1433 poscebantque
1323 1356 1615 1431 pericula,
1655 1376 1800 1454 pars
1826 1359 2063 1427 virtute,

198 1442 374 1499 multi
397 1442 615 1499 ferocia
641 1453 699 1499 et
725 1442 1003 1517 cupidine
1045 1442 1463 1517 praemiorum.
1551 1439 1673 1516 Ipsi
1699 1439 1839 1499 Tito
1865 1440 2062 1500 Roma

201 1538 259 1584 et
286 1548 426 1603 opes
449 1529 896 1604 voluptatesque
925 1538 1060 1584 ante
1096 1527 1326 1584 oculos:
1380 1547 1478 1596 ac,
1526 1527 1591 1582 ni
1624 1527 1820 1583 statim
1844 1526 2064 1585 Hiero-

201 1614 423 1690 solyma
452 1614 832 1670 conciderent
848 1657 864 1682 ‚
908 1611 1131 1670 morari
1152 1611 1527 1671 videbantur..
1596 1611 1715 1669 Sed
1736 1613 1946 1669 urbem
1968 1634 2065 1670 ar-

200 1699 379 1755 duam
415 1698 531 1756 situ
569 1711 747 1774 opera
781 1699 1085 1775 molesque
1122 1698 1526 1766 firmaverant,
1582 1697 1713 1775 quis
1747 1697 1844 1753 vel
1883 1699 2065 1774 plana

201 1783 340 1842 satis
385 1783 780 1845 munirentur.
868 1804 1010 1841 nam
1062 1784 1211 1839 duos
1258 1783 1435 1839 colles
1477 1782 1834 1839 immensum
1876 1784 2064 1842 editos

202 1870 558 1927 claudebant
597 1870 758 1927 muri
800 1890 907 1946 per
957 1879 1140 1925 artem
1191 1868 1477 1945 obliqui„
1519 1879 1620 1924 aut
1658 1868 1950 1925 introrsus
1988 1870 2067 1926 si-

201 1953 395 2011 nuati:
480 1967 546 2013 ut
594 1957 776 2012 latera
831 1953 1305 2031 oppugnantium
1359 1954 1435 2010 ad
1483 1953 1632 2011 ictus
1686 1965 2066 2029 patescerent.

200 2037 481 2096 Extrema
519 2042 687 2118 rupis
726 2043 1002 2116 abrupta:
1073 2051 1130 2096 et
1167 2051 1386 2108 turres,
1446 2039 1553 2096 ubi
1596 2059 1769 2096 mons
1808 2039 2070 2112 iuvisset,

124 2252 127 2255 ,
191 2184 442 2248 tolleretur
455 2213 498 2248 et
510 2205 564 2248 ad
579 2206 805 2263 sequentia
821 2204 1099 2254 reiiceretur,
1170 2203 1327 2247 Titum
1345 2210 1388 2246 et
1403 2202 1631 2260 legionem
1651 2203 1889 2247 decumam
1915 2206 2071 2251 castri·

201 2270 278 2306 aut
313 2270 563 2307 mutaretur
599 2263 644 2306 in
674 2270 741 2306 ut.
802 2263 950 2313 humo
983 2260 1098 2304 illud
1171 2260 1347 2320 pulsam
1374 2269 1614 2305 memorat.

201 2318 349 2387 voluit
371 2319 624 2379 Acidalius,
659 2320 748 2364 hoc
778 2336 885 2363 vero
910 2319 1099 2363 Freins-
1228 2330 1459 2374 serebant,
1531 2330 1635 2374 MS,
1671 2327 1809 2374 Corb,
1848 2331 1917 2375 ed,
1950 2331 2069 2392 spir,

200 2376 408 2430 hermus,
459 2386 509 2420 ut
543 2377 736 2435 legeres:
785 2393 903 2433 pace
928 2391 1019 2448 pel:
1055 2374 1098 2419 Ῑ·
1160 2388 1403 2455 fhrebfznt.
1483 2385 1654 2432 Eadem
1706 2388 1776 2432 ed.
1823 2388 1942 2449 Spir.
1983 2406 2073 2457 prf

198 2443 370 2490 parca,
410 2443 461 2478 ut
485 2444 717 2478 externae
744 2450 886 2493 curae
907 2439 1103 2500 redtere,
1170 2454 1347 2502 pop-213,

202 2496 407 2546 augebat
425 2494 527 2536 iras
549 2503 633 2537 etc.
693 2491 899 2550 Uterque
921 2494 1087 2536 frustra
1234 2503 1458 2559 opperiri.
1514 2503 1652 2548 MSS.
1690 2502 1802 2563 Reg.
1837 2503 2001 2560 Guelf„
2027 2509 2074 2565 (a

203 2549 432 2594 particula
457 2559 502 2593 εἰ
525 2553 641 2620 Val‘Jt
660 2553 797 2594 ‘'uch-
1177 2562 1376 2606 secunda
1402 2563 1556 2619 manu)
1581 2561 1651 2605 ed.
1678 2562 1796 2620 Spir.
1822 2565 2040 2619 expertri.

262 2612 392 2663 apud
445 2618 700 2652 exeremus·
794 2606 932 2652 MSS.
977 2607 1101 2651 Harl.

206 2665 347 2711 Corb.
374 2670 503 2721 opud
524 2667 798 2711 exercitum.

266 2723 427 2767 utilius
451 2725 706 2767 videbatur.
766 2722 842 2767 Sic
867 2720 1105 2766 edd.Pieh.

1234 2646 1290 2674 ao
1310 2628 1365 2674 ni
1377 2631 1560 2676 statim.
1618 2633 1672 2675 ln
1694 2630 1798 2675 MS.
1821 2626 1930 2690 Agr.
1953 2634 2073 2681 desi-

1182 2689 1364 2747 deratur
1386 2705 1458 2731 ac.

204 2781 428 2840 Bernegg.
451 2797 550 2840 sqq.
578 2790 788 2839 tanquam
813 2779 970 2824 codice
984 2778 1108 2824 Flor.
1235 2763 1432 2805 ''¹⁰'‘0ri·
1489 2759 1573 2804 Ed·
1599 2760 1716 2821 8ΡῙΓ·
1742 2766 1882 2808 modo
1905 2779 1934 2808 Γ
1933 2781 1990 2810 ⁰¹⁸
1988 2766 2021 2813 1⁸-

205 2845 406 2882 auctore.
469 2843 528 2884 At
544 2839 579 2882 Ι.
598 2838 858 2882 Gronovius
882 2838 985 2881 inde
1006 2852 1110 2895 pro·
1236 2836 1520 2877 immensum
1541 2834 1705 2879 editos.
1742 2834 1819 2879 Sic.
1837 2836 1942 2880 edd.
1956 2837 2077 2896 Spir.

204 2895 321 2938 didit
342 2897 486 2941 utilis.
546 2896 776 2940 Victorius
801 2897 1019 2940 intactum
1043 2911 1109 2938 re·
1181 2891 1392 2937 Beroatd.
1438 2893 1562 2947 (cum
1603 2890 1755 2951 silent.
1797 2892 1933 2948 Vict.)
1974 2895 2075 2941 Ale.

206 2952 339 3011 liquit
372 2956 508 3007 utile,
558 2955 679 3010 quod
718 2961 852 2997 exstat
889 2953 936 2995 in
971 2951 1109 2995 MSS.
1179 2950 1360 2993 Rhen.s
1396 2963 1439 3006 q.
1470 2973 1527 2982 —
1581 2950 2078 3002 &immensum-MSS.

207 3009 361 3058 Guelf.
402 3011 528 3056 Harl.
559 3010 691 3057 Bodl.
719 3012 803 3055 les.
831 3010 969 3056 Corb.
992 3010 1107 3068 Agr.
1183 3005 1337 3050 Guelf.
1416 3006 1496 3052 arl.
1531 3006 1666 3051 Bodl.
1703 3007 1790 3051 les.
1821 3008 1938 3055 Bud.
1972 3011 2075 3058 edd.

208 3069 450 3126 edd.Spir.
468 3070 571 3113 Put.
591 3084 686 3127 sqq.
706 3070 762 3113 ad
777 3067 1109 3112 Piehenam.-
1181 3065 1284 3108 Put.
1318 3062 1388 3110 M.
1423 3073 1465 3108 et
1491 3063 1550 3107 V.
1611 3064 1699 3108 Sed
1736 3066 1798 3110 cf.
1823 3066 1914 3110 An.
1942 3068 1984 3120 4,
2002 3069 2076 3114 27.

208 3126 310 3169 MS.
337 3126 454 3170 Bud.
482 3129 628 3170 utilis.
1182 3137 1301 3179 quae
1322 3124 1546 3176 gliscebat
1567 3123 1872 3175 immensum,
1912 3133 1955 3168 et
1977 3135 2077 3172 not.

268 3182 342 3226 uli
378 3185 608 3228 diximus.
685 3183 786 3228 Vid.
823 3198 949 3240 supr.
993 3197 1033 3227 c.
1068 3182 1107 3226 1.
1184 3181 1238 3224 ad
1275 3180 1362 3223 An.
1401 3180 1442 3228 3,
1474 3181 1544 3223 52.
1584 3203 1643 3214 -
1708 3188 1757 3225 et
1789 3184 2076 3228 immensum

208 3241 344 3286 MSS.
367 3240 520 3286 Guelf.
547 3241 670 3285 Harl.
699 3250 751 3284 ut
773 3242 996 3285 diximus.
1183 3239 1330 3281 editos
1350 3238 1453 3281 MS.
1482 3238 1621 3284 Corh.

268 3307 379 3343 onte
430 3301 615 3344 moenia
653 3300 1110 3354 Hierosolymorum.
1238 3310 1326 3350 per
1357 3304 1531 3352 artem.
1599 3295 1683 3340 Ed.
1717 3295 1839 3354 Spir.
1871 3313 1963 3354 per
1992 3315 2075 3343 ar-

210 3356 310 3402 MS.
338 3358 477 3402 corb.
502 3357 573 3401 ed.
598 3357 714 3415 Spin
740 3365 854 3399 ante
875 3355 1109 3399 Hieroso·
1180 3368 1299 3400 cem.
2032 3387 2041 3395 ,

208 3418 431 3459 limorum
456 3415 670 3458 moenia.
1239 3418 1324 3454 aut
1346 3411 1602 3454 introrsus.
1638 3409 1774 3455 MSS.
1790 3411 2080 3462 GuelflHad.

269 3471 480 3518 CAP.'⁴11.
522 3473 739 3525 ambigue
765 3473 979 3515 cce-tavit.
1042 3470 1110 3515 Io·
1183 3470 1265 3512 les.
1305 3476 1357 3510 at
1386 3471 1631 3513 introrsus.
1692 3469 1797 3515 MS.
1823 3468 1963 3518 Corb.
2002 3472 2079 3519 ia·
2122 3502 2123 3505 =

212 3529 338 3592 seph·
374 3529 427 3576 B.
459 3531 492 3577 l.
519 3531 560 3585 5,
582 3532 627 3576 2.
664 3528 809 3574 senne
844 3539 1108 3590 oppressum
1182 3535 1411 3573 tronum.
2056 3536 2059 3540 ’
