2138 4030
223 231 450 278 ‘suffla
491 219 498 222 ’

153 284 155 287 ’
235 283 348 319 A.C.
395 286 452 319 7).

714 241 882 304 ΜΒ.
921 242 1041 303 iv:
1083 207 1292 302 'CAR
1331 244 1431 302 68.
1868 243 1994 305 457

76 407 87 433 ι
145 387 372 450 ageret,
437 391 708 430 annonae
743 371 1050 446 praefecit.-
1140 381 1322 446 utque
1357 371 1688 429 Domitiani
1724 377 1993 433 animum

145 460 305 518 Varo
353 455 516 516 haud
563 457 823 513 alienum
868 455 1184 524 deleniret,
1247 449 1602 513 Arrecinum
1634 457 1998 517 Clementem

146 544 354 605 domui
393 541 742 616 Vespasiani
777 560 885 615 per
920 540 1279 597 adfinitatem
1315 540 1607 598 *innexum
1645 556 1700 602 et
1738 547 2000 617 gratissi-

146 618 312 688 limm
348 626 694 685 Domitiano
741 626 1128 701 praetorianis
1178 624 1547 700 praeposuit,
1612 640 1838 701 patrem
1875 631 1997 688 eius
2039 624 2066 675 s

150 717 258 773 sub
288 712 432 772 Caio
460 710 704 769 Caesare
733 711 956 784 egregie
982 707 1250 766 functum
1276 730 1342 766 ea
1368 730 1503 767 cura
1533 712 1833 770 dictitans:
1877 717 2001 772 lae-

149 813 278 859 tum
303 798 596 855 militibus
635 797 793 852 idem
833 815 1052 851 nomen
1087 806 1260 870 atque
1300 796 1491 870 ipsum
1535 817 1874 874 quanquam
1910 821 2001 856 se-
2030 815 2039 858 J

148 884 370 942 natorii
402 882 631 940 ordinis
670 882 744 937 ad
772 893 1019 956 utraque
1044 881 1265 935 ‘munia
1293 882 1571 940 sufficere.
1658 878 2004 942 Adsumun-

148 982 248 1028 tur
272 989 303 1025 e
330 968 563 1024 civitate
595 967 950 1022 clarissimus
979 965 1227 1041 quisque
1252 977 1306 1032 et
1335 966 1437 1020 alii
1461 987 1565 1041 per
1600 969 2001 1030 ambitionem.
2077 1028 2082 1040 ,,

153 1054 330 1111 simul
376 1051 755 1110 Domitianus
805 1049 1238 1125 blucianusque
1288 1051 1743 1124 accingebantur
1785 1054 2007 1129 dispari

155 1140 384 1206 animo,
428 1138 528 1192 ille
553 1158 651 1211 spe
677 1158 740 1192 ac
763 1137 1000 1191 iuventa
1025 1155 1342 1209 properus,
1385 1131 1494 1192 hic·
1523 1158 1716 1194 moras
1750 1152 2006 1210 nectem,

157 1225 288 1302 quis
334 1223 680 1296 flagrantem
720 1222 1028 1288 retineret,
1084 1220 1422 1279 nex-ferocia
1471 1220 1673 1301 aetatis
1720 1235 1777 1279 et
1811 1226 2007 1300 pravis

156 1308 608 1383 impulsor-ibim,
677 1307 726 1362 si
774 1304 1091 1362 exercitum
1142 1304 1479 1376 invasisset,
1543 1307 1674 1382 paci
1733 1308 2008 1388 belloque

159 1395 310 1450 male
363 1393 708 1451 consuleret.
804 1388 1093 1463 Legiones
1137 1390 1434 1459 victrice5‚
1490 1404 1646 1449 sexta
1688 1404 1744 1449 et
1786 1407 2010 1466 octava,

157 1478 615 1535 Vitellianarum
663 1474 1148 1543 unaetvicesima‚
1213 1496 1244 1531 e
1292 1496 1493 1532 recens
1535 1478 1880 1554 conscriptis
1919 1501 2013 1538 se-

160 1565 351 1623 cunda
375 1562 665 1620 Penninis
683 1559 1090 1637 Cottianisque
1114 1555 1400 1636 Alpibus,
1443 1581 1576 1636 pars
1599 1575 1800 1621 monte
1824 1563 2010 1625 Graio

216 1826 457 1869 deleniret.
536 1821 611 1864 Sic
646 1820 782 1879 editio
811 1819 1046 1877 Spirensis.
1174 1821 1357 1875 dispari
1373 1795 1549 1863 enimn.
1610 1818 1712 1864 MS.
1734 1794 1887 1867 Guelf.
1913 1828 2012 1868 dis-

161 1908 217 1917 .-
252 1883 468 1936 deliniret
494 1880 595 1923 MS.
621 1877 773 1922 Guelf.
809 1877 911 1921 edd.
946 1877 1052 1921 Put.
1117 1878 1250 1933 persi
1277 1878 1470 1928 animo,
1510 1877 1558 1920 in
1585 1880 1784 1937 margine
1818 1880 2014 1936 dispari.

162 1957 263 2043 ἔθη.
339 1940 399 1984 ef.
435 1945 530 1982 not.
562 1938 618 1982 ad
640 1937 732 1981 An.
750 1937 794 1988 2,
816 1935 885 1978 33.
914 1943 957 1978 et
982 1937 1050 1983 11,
1118 1934 1394 2048 ἧοὲξῖειίιίω
1421 1951 1526 1979 mox
1555 1943 1620 1980 est
1639 1952 1899 2012 prosper-rus
1926 1957 2011 2000 pro

220 2068 511 2112 Arrecinum.
563 2064 641 2107 Sic
651 2063 783 2112 MSS.
793 2063 919 2107 Flor.
937 2064 1052 2117 (test.

163 2125 310 2177 vict.)
353 2124 470 2167 Bud.
503 2131 546 2165 et
582 2123 640 2164 ita
679 2120 775 2163 fere
815 2121 1051 2177 inscriptio

163 2184 281 2241 apud
304 2181 484 2224 Gruter.
517 2196 565 2237 p.
580 2179 675 2221 104.
737 2177 852 2221 Nam
877 2178 938 2220 ibi
963 2186 1052 2220 est:

166 2242 228 2284 M.
252 2240 500 2282 Art-[cinus
533 2237 756 2279 Clemens.
787 2258 847 2267 --
903 2236 1051 2277 Arre-

167 2301 320 2342 tinum
345 2295 482 2338 MSS.
505 2293 657 2337 Guelf.
673 2292 797 2336 Harl.
821 2292 952 2336 Bodl.
973 2292 1053 2336 les.

167 2357 277 2413 Agr.
304 2351 403 2396 edd.
431 2352 532 2395 Put.
556 2367 657 2408 sqq.
689 2350 742 2392 ad
775 2349 896 2392 hunc
920 2348 1054 2399 diem,

168 2423 212 2457 et
258 2413 317 2454 ita
351 2407 551 2468 Ryekius
584 2409 630 2450 in
678 2406 779 2449 cod.
812 2406 934 2449 Flor.
971 2406 1056 2462 legi

169 2468 389 2528 prodidit,
421 2467 645 2509 incertum
666 2479 753 2522 qua
778 2462 894 2506 fide:
930 2463 1059 2506 vide-

170 2537 244 2571 tur
260 2526 382 2568 'enim
408 2539 430 2565 e
455 2523 676 2565 Pichenae
697 2529 741 2564 et
764 2522 848 2564 lac.
875 2519 1059 2563 Grono-

167 2584 225 2627 vii
261 2581 438 2626 silentio
475 2580 517 2622 id
542 2578 792 2636 collegisse.
873 2581 1059 2620 Arreti-

168 2657 256 2686 nus
276 2640 404 2684 etiam
431 2637 595 2681 dicitur
616 2636 734 2695 apud
759 2637 947 2679 Sueton.
969 2636 1061 2678 Do·

171 2699 270 2742 mit.
315 2714 354 2741 c.
384 2697 453 2739 11.
545 2693 636 2737 Sed
678 2694 915 2735 innumera
959 2701 1062 2735 sunt

172 2755 370 2812 exempla
400 2751 702 2818 confusionis,
738 2766 824 2808 qua
857 2750 903 2792 in
935 2749 1061 2793 libris

172 2820 456 2926 {Effffiffi
455 2811 535 2908 {131¹
540 2815 716 2910 ῑὲἶῖῗᾱί
731 2806 1063 2921 ῑῗςὲξ·ῑρ3)’“ἑῖἓῗ

108 2943 109 2946 ’
176 2925 308 2971 MSS.
342 2925 449 2982 Reg.
494 2931 536 2966 et
567 2923 704 2967 Corb.
739 2924 1061 2966 Arrentinum.

174 2977 256 3027 Ed.
279 2983 399 3041 spir.
426 2980 695 3024 Athz'num.

230 3068 574 3122 gratissimum.
631 3063 716 3107 Ed.
736 3061 858 3120 Spir.
886 3063 1062 3118 gratis·

175 3126 309 3169 sime.
332 3149 389 3159 —-
433 3123 543 3167 Mox
564 3125 736 3166 lectum
764 3136 847 3178 pro
871 3123 1063 3163 laetum.

235 3197 356 3238 idem
397 3187 587 3238 nornen.
679 3191 780 3236 MS.
816 3189 967 3234 Guelf.
1017 3192 1068 3232 id

170 3267 363 3295 nomen.

235 3335 505 3378 quanquam
571 3320 803 3362 senatorii
871 3318 1068 3361 ordinis.

179 3380 281 3424 MS.
309 3379 414 3435 Reg.
442 3386 485 3420 et
510 3377 579 3421 ed.
598 3377 716 3434 Spir.
744 3385 971 3432 tanquam
996 3391 1063 3419 se-

179 3437 360 3480 natorii
376 3437 563 3479 ordinis.
587 3461 645 3471 --
674 3434 840 3478 Eadem
866 3434 936 3476 ed.
951 3432 1070 3490 spis.

180 3510 284 3537 mox
312 3492 477 3537 omittit
494 3493 766 3542 Mucianus,
799 3490 955 3535 relicta
986 3506 1070 3535 co-

183 3551 284 3609 pula
309 3566 410 3607 que.

1180 2084 1320 2119 sexta
1337 2083 1382 2119 et
1397 2084 1577 2121 octava.
1627 2077 1703 2121 Sic
1725 2066 2017 2128 efld.Pieheri.

1124 2133 1347 2190 Bernegg.
1369 2150 1466 2191 sqq.
1504 2152 1556 2178 ex
1592 2137 1904 2181 emendatione
1932 2140 2017 2184 Sa-

1125 2191 1230 2233 vilii.
1293 2190 1354 2234 es.
1379 2191 1493 2236 Hist.
1517 2193 1558 2242 2,
1574 2194 1644 2236 83.
1670 2202 1714 2236 et
1737 2194 1805 2237 85.
1827 2219 1885 2228 -
1917 2199 2017 2243 MS.

1124 2249 1252 2292 Flor.
1276 2250 1461 2292 testibus
1478 2249 1682 2294 Victorio
1705 2267 1810 2294 cum
1825 2253 2019 2300 Pichena

1125 2320 1224 2360 uim
1259 2319 1484 2363 XIVJII.
1546 2319 1680 2364 MSS.
1707 2319 1858 2366 Guelf.
1894 2323 2018 2370 Harl.

1128 2375 1264 2418 Bodl.
1300 2376 1385 2420 les.
1426 2378 1576 2421 Vatic.
1608 2379 1733 2422 1958.
1779 2381 2024 2451 eddL-l-'ust

1129 2462 1226 2502 sqq.
1280 2447 1334 2487 ad
1378 2447 1622 2492 Piehenam
1669 2451 1821 2495 ferunt
1863 2456 1946 2500 VI.
1977 2466 2023 2500 et

1129 2519 1406 2585 XVJJJ3—
1446 2518 1579 2563 MSS.
1597 2519 1889 2566 Vatia-1863.
1913 2525 2024 2586 Reg.

1131 2577 1201 2619 ed.
1261 2576 1379 2630 Spur.
1428 2591 1514 2634 pro
1570 2586 1766 2636 utroque
1829 2597 2021 2629 numero

1130 2647 1377 2690 XXVIII.
1400 2648 1459 2678 ’-
1499 2647 1635 2691 MSS.
1661 2647 1808 2694 Vatic.
1835 2652 1960 2697 1863.
1982 2664 2026 2698 et

1133 2704 1271 2749 Corb.
1327 2703 1489 2747 habere
1536 2712 1753 2749 octavam
1792 2708 2024 2756 Broterius

1132 2760 1360 2819 proclidit;
1428 2761 1537 2818 quid
1593 2764 1784 2821 amplius
1838 2765 2026 2814 babeant

1133 2818 1285 2863 tacuit.
1321 2843 1374 2853 -—
1399 2836 1403 2839 ·
1424 2819 1526 2864 MS.
1550 2818 1661 2878 Age:
1682 2823 1822 2865 tertia
1845 2823 2026 2870 decimu

1135 2897 1317 2932 octava.
1342 2911 1396 2922 —
1433 2889 1536 2933 MS.
1550 2889 1665 2934 Bud.
1691 2882 1866 2945 vies-fl]
1882 2898 2024 2944 VIII.

1135 2945 1272 3012 Vides
1303 2947 1350 2989 in
1387 2954 1605 2990 octavam
1636 2952 1886 3006 posteriore
1922 2955 2025 3001 loco

1132 3013 1325 3061 positam
1351 3020 1508 3047 omnes
1531 3006 1806 3064 conspirare.

1195 3074 1573 3118 unoetvicesimo.
1634 3076 1736 3121 MS.
1765 3079 1804 3123 F
1805 3080 1890 3127 lor.
1917 3092 2024 3128 teste

1138 3131 1345 3174 Victorio
1379 3147 1474 3183 una
1502 3139 1549 3174 et
1575 3134 1842 3183 vicensima.
1918 3142 2026 3185 1!on

1139 3189 1208 3233 ed.
1231 3189 1346 3246 Spir.
1372 3188 1554 3248 negligit
1577 3205 1603 3233 e
1625 3201 1726 3234 ante
1749 3209 1921 3241 reeens.

1199 3258 1421 3301 Penninis
1443 3259 1776 3318 Cottianisque.
1834 3266 1912 3310 Sic
1936 3268 2004 3310 edi

1137 3316 1284 3360 tiones
1318 3315 1524 3360 Oberlini
1562 3334 1611 3376 sq
1648 3351 1659 3362 .
1712 3345 1767 3355 —
1847 3323 2030 3369 Penim’s

1142 3373 1461 3428 Cottianisque
1487 3374 1591 3419 edd.
1616 3334 1768 3434 (ltyek.
1804 3379 1891 3424 lac.
1910 3381 2029 3425 Gro-

1141 3446 1252 3474 nov.
1275 3446 1372 3488 sqq.
1399 3458 1459 3469 --
1504 3431 1687 3476 Peninis
1712 3435 2030 3495 Coctiam'sque

1143 3487 1245 3556 edd.
1263 3487 1385 3546 Lips.
1405 3505 1503 3547 sqq.
1528 3517 1586 3526 --
1624 3489 1839 3540 Poeninis·
1856 3496 2028 3540 Coctia·

1141 3559 1299 3600 nisque
1332 3545 1435 3589 edd.
1466 3547 1566 3590 l‘ut.
1590 3563 1689 3606 sqq.
1725 3549 1778 3591 ad
1812 3550 2027 3612 Lipsium.
