2138 4030
172 215 297 275 446
734 210 1443 301 H1sToR1ARuM
1706 201 1936 301 23:⁸32:
2012 199 2016 202 ’

115 391 125 402 .
169 348 465 403 desertore
494 343 716 419 primae
752 345 1002 420 legionis
1041 348 1275 405 caedem
1304 349 1440 407 ‘eius
1475 343 1811 417 maturavit.
1844 368 1846 370 ’
1895 343 2022 428 He·-

168 431 448 488 rennium
475 440 532 485 et
549 428 886 487 Numisium
915 431 1136 504 legatos
1166 433 1381 491 vinciri
1406 436 1544 494 satis
1569 438 1779 501 visum.
1862 427 2020 499 Dffi‘n

165 516 422 591 ,sumptis
443 512 706 572 Romani
728 514 964 590 imperii
990 512 1322 591 insignibus
1346 520 1410 576 in
1435 531 1622 585 castra
1644 525 1826 583 venit.
1908 535 2022 584 nec

168 603 262 659 illi
286 618 624 678 quanquam
654 601 728 656 ad
763 619 937 656 omne
973 597 1200 658 facinus
1228 604 1435 662 durato
1470 609 1649 666 verba
1684 609 1854 667 ultra
1881 607 2021 688 snp-

166 687 503 763 ped'itavere
549 695 727 762 quam
767 695 834 742 ut
870 698 1299 744 sacramentum
1341 691 1623 750 recitaret.
1735 695 2044 767 iuravere,

169 773 276 850 qui
313 773 587 840 aderant,
645 788 755 845 pro
808 770 1057 845 imperio
1108 769 1461 836 Galliarum.
1578 776 2019 837 Interfectorem

166 857 429 915 Voculae
468 855 600 912 altis
638 854 980 925 ordinibus,
1037 867 1288 928 ceteroS,
1341 870 1407 916 ut
1451 862 1697 940 quisque
1732 865 2021 939 flagitium

148 953 510 1011 ¹navav‘erat,
550 940 826 1014 praemiis
867 941 1101 1001 attollit.
1185 940 1427 1000 Divisae
1465 946 1606 1003 inde
1642 949 1800 1007 inter
1827 949 2021 1008 Tuto-

165 1048 294 1087 rem
322 1038 379 1084 et
400 1024 720 1083 Classicum
747 1045 936 1086 curae.
1027 1024 1223 1084 Tutor
1251 1029 1446 1086 valida
1472 1051 1655 1090 manu
1691 1034 2020 1093 circumda-

164 1124 257 1172 tos
281 1108 775 1186 AgrippinenseS‚
819 1111 1225 1189 quantumque
1261 1109 1716 1193 militum'apud
1752 1106 2020 1195 superio-

164 1219 293 1256 rem
322 1192 528 1256 Rheni
559 1195 783 1269 ripam,
827 1196 893 1250 in
914 1198 1129 1252 'eadem
1171 1199 1351 1255 verba
1387 1202 1599 1276 adigit,
1642 1203 1846 1261 occisis
1881 1203 2019 1261 Ma-

163 1281 422 1359 gontiaci
466 1280 752 1349 tribuniS,
807 1281 978 1355 pulso
1023 1293 1348 1340 castrorum
1382 1289 1672 1361 praefecto
1693 1334 1710 1358 ,
1774 1290 1878 1366 qui
1914 1291 2019 1347 de-
2082 1354 2090 1362 .

161 1376 570 1437 trectaverant.
657 1363 947 1423 Classicus
973 1368 1481 1442 corruptissimum
1522 1393 1814 1451 quemque
1845 1394 1876 1431 e
1908 1376 2020 1432 de·-

162 1453 306 1511 ditis
341 1470 582 1528 pergere
620 1450 695 1506 ad
734 1451 997 1508 obsessos
1038 1453 1229 1523 iubet,
1271 1456 1508 1512 veniam
1548 1469 1930 1530 ostentanteS,
1967 1460 2017 1516 si

158 1537 489 1615 praesentia
530 1548 936 1611 sequerentur:
994 1538 1165 1596 aliter
1205 1535 1360 1595 nihil
1399 1543 1538 1616 spei.
1645 1544 1867 1600 famem·
1895 1545 2018 1602 fer-

117 1655 122 1661 ‹
162 1643 414 1700 rumque
441 1633 497 1679 et
522 1631 775 1677 extrema
799 1641 1089 1697 passuros.
1166 1620 1481 1698 Adiecere,
1521 1628 1626 1704 qui
1644 1628 1808 1687 missi
1834 1642 2016 1710 erant,

164 1709 498 1783 exemplum
527 1726 718 1763 suum.
1066 1764 1072 1774 ,
2011 1776 2013 1778 ,

329 1791 460 1852 LX.
547 1788 835 1868 Obsessos
861 1787 1003 1850 hinc
1025 1794 1170 1850 fides
1204 1794 1352 1852 inde
1384 1809 1605 1871 egestas
1643 1798 1799 1855 inter
1836 1800 2016 1857 decus

160 1903 227 1939 ac
258 1878 549 1952 flagitium
577 1873 998 1937 distrahebant.
1085 1882 1498 1940 cunctantibus
1541 1884 1712 1940 solita
1746 1884 2016 1942 insolita-

164 1954 590 2044 que'alimenta
629 1963 901 2033 deerant,
962 1964 1285 2040 absumptis
1323 1967 1602 2026 iumentis
1641 1969 1922 2047 equisque
1959 1982 2015 2027 et

162 2050 367 2109 ceteris
394 2048 780 2118 animalibus,
824 2069 972 2123 quae
1004 2050 1251 2125 profana
1275 2053 1563 2129 foedaque
1601 2054 1666 2109 in
1700 2074 1871 2112 usum
1906 2075 2014 2111 ne-

215 2296 498 2342 Numisium.
541 2291 657 2336 Edd.
671 2292 880 2336 Beroald.
895 2302 937 2336 et
952 2292 1050 2337 Ale.

155 2356 396 2401 Numium.
479 2350 707 2395 Victorius
739 2366 761 2393 e
794 2350 896 2394 cod.
924 2351 1046 2395 Flor.

157 2413 351 2459 correxit
393 2410 680 2460 Numisium,
739 2407 862 2466 quod
914 2408 1049 2451 ceteri

158 2471 262 2516 libri
283 2471 448 2512 ferunt.

209 2529 334 2572 dein.
392 2524 477 2568 Ed.
504 2524 620 2582 Spir.
645 2525 823 2566 deiude.

211 2583 419 2630 Romani
441 2582 628 2637 imperii
645 2582 915 2634 insignibus.
976 2579 1048 2622 Pi-

155 2643 295 2691 chena
335 2640 501 2698 cogitat
547 2639 601 2682 de
645 2638 826 2696 aquilis,
877 2637 1048 2682 vexillis

153 2700 403 2756 ceterisque
423 2697 619 2740 Romani
643 2694 859 2738 exercitus
887 2694 1050 2753 signis3

151 2756 385 2801 Ernestius
417 2755 584 2798 rectius
609 2752 817 2811 intelligit
841 2755 981 2796 fasces
1005 2762 1048 2796 et

154 2810 352 2858 h‘ctores.
433 2804 595 2855 Sermo
640 2810 757 2854 enim
793 2818 856 2852 est
888 2811 942 2851 de
976 2810 1045 2852 in-

150 2872 378 2930 signibus,
423 2868 521 2928 quis
558 2867 864 2912 circumdatus
899 2867 1045 2910 suerat

153 2929 324 2972 Vocula
349 2929 432 2970 dux
460 2926 680 2969 exercitus
701 2925 911 2968 Romani.
935 2943 938 2948 ·

210 2986 324 3028 altis
373 2983 628 3026 ordinibus.
718 2982 948 3024 Ernestius
989 2982 1042 3024 ad

94 3039 102 3050 ’
150 3044 197 3088 h.
235 3044 266 3087 Ι.
308 3042 597 3098 „primorum
638 3040 849 3082 ordinum
891 3047 1043 3084 centu·

151 3101 327 3145 rionem
350 3098 475 3140 feeit.
490 3102 515 3119 '’

196 3157 436 3215 flagitium
476 3161 757 3196 novaverat.
838 3152 899 3197 cf.
933 3152 1042 3196 infr.

154 3218 195 3266 5,
217 3215 288 3258 25.
317 3216 361 3258 si
375 3212 666 3266 Vespasiano
693 3213 864 3253 bellum
887 3225 1044 3253 nava-

153 3274 319 3317 verint.
394 3268 488 3314 Cic.
526 3284 597 3326 ep.
631 3269 686 3311 ad
729 3268 894 3316 divers.
927 3268 968 3316 9,
996 3268 1043 3311 2.

150 3343 335 3375 navare
355 3341 460 3371 rem
476 3326 726 3383 publicam.

209 3386 428 3430 militum.
486 3381 569 3426 Ed.
591 3380 710 3439 Spir.
733 3383 896 3424 milite.

209 3445 360 3489 occisis
391 3441 454 3484 M.
492 3439 707 3485 tribunis.
769 3439 902 3482 MSS.
930 3439 1040 3497 Reg.

151 3503 268 3547 Bud.
322 3500 391 3543 ed.
421 3495 540 3556 'Spin
585 3496 722 3538 occi'si
753 3497 813 3538 M.
858 3498 1042 3547 tribuni,

155 3567 323 3622 puncto
362 3556 508 3618 posito
550 3561 646 3612 post
691 3554 857 3608 adfigit,
909 3554 1039 3611 idque

1122 2304 1344 2353 punctum
1366 2289 1605 2340 Rhenanus
1634 2297 1768 2342 etiam
1803 2306 2012 2357 posuerat

1122 2355 1389 2412 quanquam‘
1420 2361 1594 2397 retenta
1635 2354 1855 2413 scriptura
1891 2356 2008 2398 occa·-

1120 2410 1185 2454 sis
1210 2441 1222 2454 .
1250 2443 1260 2453 .
1290 2412 1499 2454 tribunis.
1571 2411 1767 2455 Pichena
1796 2411 2012 2456 suadente

1120 2468 1331 2510 Mercero
1354 2468 1463 2511 illud
1485 2484 1639 2512 rursus
1663 2464 1888 2513 transtulit
1909 2477 2010 2529 post

1121 2527 1508 2570 detrectaverant.
1529 2551 1584 2560 -
1625 2526 1717 2569 Pro
1732 2526 2016 2582 Mogontiaci

1120 2583 1219 2625 MS.
1238 2581 1388 2625 Guelf.
1412 2582 1543 2626 habet
1567 2585 1909 2639 ηιαςιιηοίιιειζςς
1938 2585 2006 2628 ed.

1119 2638 1237 2697 Spir.
1275 2641 1575 2693 maguntiaci.
1607 2665 1661 2674 —
1709 2640 1875 2684 Eadem
1905 2657 2008 2684 mox
2039 2690 2050 2700 1,

1120 2697 1286 2739 editius
1318 2712 1401 2754 pro
1435 2712 1459 2739 e
1492 2699 1678 2747 deditis,
1718 2705 1761 2742 et
1788 2699 1843 2740 ni
1862 2713 2004 2753 prae·
2034 2700 2038 2708 ‘

1116 2756 1270 2797 sentia
1291 2770 1372 2812 pro
1395 2757 1439 2798 si
1452 2757 1743 2810 praesentia.

1171 2833 1494 2881 sequerentur.
1555 2825 1658 2871 MS.
1672 2825 1824 2872 Guelf.
1846 2841 2006 2883 seque·

1116 2892 1263 2925 retur.

1173 2953 1296 2993 nihil
1313 2955 1422 3005 spei.
1485 2953 1569 2998 Ed.
1595 2955 1710 3012 Spir.
1733 2957 1806 2998 m'l
1823 2957 1935 3008 spei.
1950 2980 2004 2992 -

1115 3009 1279 3051 Eadem
1290 3010 1480 3064 serrum
1491 3012 1770 3068 famemque
1789 3020 1833 3055 et
1850 3020 2004 3057 extre-

1115 3082 1296 3109 tnorum
1314 3082 1532 3122 passurq.

1173 3139 1286 3184 CAP.
1318 3141 1389 3183 60.
1456 3141 1579 3183 inter
1607 3144 1748 3186 decus
1777 3159 1832 3185 ac
1851 3143 2002 3201 fhzgi-

1116 3197 1247 3240 tium.
1306 3196 1394 3240 Ed.
1413 3197 1534 3256 Spir.
1561 3199 1668 3242 inde
1689 3203 1826 3244 decus
1846 3201 2002 3258 etflo-

1114 3255 1297 3309 gitium.
1338 3277 1380 3286 —
1432 3255 1540 3297 Mox
1561 3258 1715 3299 eadem
1737 3258 2002 3301 animanti·

1114 3314 1196 3354 bus
1223 3327 1307 3370 pro
1331 3314 1623 3355 animanlibus.

1171 3382 1217 3423 in
1239 3396 1391 3425 usum.
1453 3382 1552 3425 MS.
1570 3381 1719 3429 Guelf.
1746 3383 1796 3425 in
1818 3398 1917 3427 usu.
1943 3408 1999 3417 -

1113 3438 1235 3481 Idem
1258 3455 1357 3481 mox
1379 3440 1521 3494 stipes
1551 3440 1839 3498 prostirpes.
1913 3440 1997 3485 Ed.

1113 3495 1234 3596 Splir.
1271 3505 1371 3539 aute
1407 3499 1670 3541 internatas
1702 3496 1883 3556 negligit
1917 3515 2000 3543 co-

1114 3570 1168 3611 pu
1192 3570 1261 3597 am
1285 3562 1341 3595 ct.
