2138 4030
712 180 719 192 '
763 160 1479 276 ,Hls‘rofflARuM
1709 175 1975 287 {58:331

200 203 355 288 406ὴ
419 227 421 230 v
489 210 492 214 ’

207 351 352 402 „sos
375 344 475 391 aut
499 332 740 390 libertas
763 344 1040 409 sequetur
1067 342 1169 388 aut
1195 332 1346 390 victi·
1363 332 1549 394 iidem
1587 334 1864 401 erimus.”
1961 339 2059 400 Sic

206 437 548 487 accensum,
592 420 692 474 sed
717 418 989 476 molliora
1018 417 1234 474 referre
1262 417 1484 494 iussum
1511 419 1773 480 dimittit.
1859 421 1968 482 Ille
1994 437 2059 482 ut

208 501 424 562 inritus
472 503 782 577 legationis
818 503 971 559 redit
1033 513 1222 559 cetera
1267 502 1672 575 dissimulem,
1742 527 2059 584 quaemox

207 607 470 663 erupere.
622 599 629 609 ‘

373 712 658 774 XXXIII.
745 711 954 770 Civilis
994 723 1157 787 parte
1203 713 1504 788 copiarum
1558 726 1784 773 retenta
1830 710 2058 776 'vetera-

204 818 311 855 nas
341 795 609 857 cohortes
640 810 696 855 et
727 799 887 875 quod
915 818 944 854 e
968 795 1283 854 Germanis
1309 800 1557 856 maxime
1586 813 1926 877 promptum
1953 805 2059 860 ad—

202 903 405 941 versus
433 883 720 941 Voculam
751 883 1183 959 exercitumque
1212 883 1335 939 eius
1359 885 1562 943 mittit:
1607 884 1761 944 Iulio
1791 885 2056 946 Maximo

202 981 259 1027 et
288 967 539 1028 Claudio
566 966 805 1025 Victore
842 969 1061 1027 sororis
1102 988 1236 1025 suae
1268 969 1389 1024 filio
1425 970 1691 1030 ducibus,
1758 969 2059 1048 ‘Rapiunt

203 1053 266 1110 in
294 1054 545 1111 transitu
571 1048 820 1110 hiberna
849 1054 974 1109 alae
1000 1050 1335 1127 Asciburgii
1364 1055 1502 1125 sita,
1543 1057 1804 1132 adeoque
1835 1058 2059 1133 impro-

200 1139 313 1213 visi
361 1150 546 1196 castra
601 1138 967 1207 involavere,
1031 1151 1097 1196 ut
1140 1159 1263 1194 non
1303 1140 1574 1216 adloqui,
1635 1161 1761 1197 non
1799 1144 2058 1218 pandere

199 1223 384 1280 aciem
409 1223 654 1280 Vocula.
676 1236 814 1300 potu
824 1225 950 1281 erit.
1036 1225 1098 1280 id
1127 1225 1320 1280 solum
1344 1236 1410 1282 ut
1435 1225 1501 1280 in
1526 1227 1782 1283 tumultu
1802 1229 2061 1296 monuit.

201 1309 561 1386 subsignano
606 1310 797 1367 milite
848 1309 1039 1366 media
1075 1310 1327 1369 firmare.
1434 1311 1650 1368 auxilia
1689 1313 1906 1387 passim
1941 1314 2055 1370 cir-

198 1395 460 1471 cumfusa
500 1405 654 1454 sunt.
749 1392 948 1472 Eques
984 1395 1256 1471 prorupit
1294 1407 1678 1482 exceptusque
1716 1399 2055 1474 compositis

1221 1638 1501 1689 Asciburgii.
1589 1637 1693 1683 MS.
1745 1637 1899 1684 Guelf.
1940 1642 2053 1683 Asi-

254 1642 341 1676 out
364 1636 472 1677 victi
490 1636 630 1677 iidem
652 1639 840 1679 erimus.
879 1636 1090 1696 Ed.Spir.

1161 1696 1327 1749 burgii.
1387 1695 1446 1740 cf.
1469 1702 1564 1738 not.
1588 1697 1643 1739 ad
1666 1693 1824 1749 Germ.
1852 1712 1893 1741 c.
1910 1695 1952 1742 8.

197 1692 292 1734 vita
313 1707 396 1749 pro
422 1693 542 1736 victi.
558 1722 616 1731 --
651 1694 744 1736 Pro
767 1697 903 1738 iidem
919 1728 931 1746 ‚
966 1694 1091 1754 quod

195 1748 437 1792 Rhenanus
490 1752 715 1808 reposuit,
780 1751 881 1797 MS.
936 1751 1088 1796 Guelf-

197 1805 298 1852 edd.
332 1806 451 1863 Spir.
490 1807 592 1851 Put.
629 1810 698 1853 M.
722 1817 766 1852 et
788 1809 1088 1853 V.=Beroald.

196 1864 322 1918 (cum
356 1865 422 1907 sil.
453 1863 595 1921 Vict.)
638 1866 740 1911 Ale.
776 1867 928 1911 ferunt
963 1869 1090 1911 idem

196 1936 278 1979 per
305 1924 691 1974 contractionem,
731 1933 780 1968 ut
803 1941 948 1984 saepe.

249 1992 312 2034 sic
334 2007 594 2036 accensum.
655 1994 739 2038 Ed.
758 1995 877 2052 Spir.
902 2001 985 2039 sed
1006 2013 1087 2041 ac-

195 2062 398 2091 censum.
465 2050 536 2093 De
571 2053 712 2096 verbo
743 2069 992 2098 accensum
1027 2055 1087 2099 cf.

197 2114 292 2149 not.
318 2107 371 2150 ad
395 2123 434 2151 c.
455 2108 526 2152 26.

252 2178 485 2221 molliora.
543 2178 619 2222 Sic
653 2180 786 2224 MSS.
814 2181 938 2225 Flor.
971 2184 1087 2238 (test.

197 2233 321 2278 Vict.
354 2251 460 2278 cum
491 2235 638 2293 Pich.)
671 2238 788 2281 Bud.
827 2239 931 2282 edd.
965 2240 1083 2298 Spir.

194 2290 301 2335 ΑΜ.
327 2290 452 2335 Pich.
476 2292 658 2337 Gruter.
686 2311 783 2353 sqq.
806 2324 865 2333 --
912 2299 1086 2340 molio-

154 2372 168 2377 ——
193 2363 252 2389 ra
280 2348 417 2393 MSS.
438 2349 560 2395 Harl.
594 2353 721 2396 Bodl.
757 2354 858 2397 edd.
880 2353 983 2397 Put.
1021 2356 1086 2400 Μ.

195 2413 238 2448 et
274 2405 326 2449 V.
361 2406 571 2453 Beroald.
612 2433 670 2442 --
743 2413 939 2454 meliora
979 2413 1084 2457 MS.

194 2461 347 2508 Guelf.
381 2464 483 2509 edd.
527 2467 627 2511 Alc.
662 2466 865 2511 Rhenan.
907 2469 1082 2528 Micyll.

194 2519 349 2578 Lipsii.
411 2522 472 2567 cf.
497 2533 590 2567 not.
612 2540 738 2582 supr.
759 2526 821 2573 ad
837 2529 876 2578 l,
896 2528 969 2570 69.

252 2592 390 2637 redit.
475 2593 551 2638 Sic
583 2594 718 2639 MSS.
761 2595 916 2644 Guelf.
957 2598 1084 2642 Harl.

1219 1785 1376 1820 castra
1397 1779 1680 1822 involavere.
1725 1778 1803 1823 Sic
1816 1780 1918 1825 MS.
1932 1780 2052 1827 Harl.

1162 1835 1228 1890 (in
1260 1834 1479 1892 margine)
1513 1831 1614 1878 edd.
1643 1836 1760 1894 Spir.
1786 1837 1900 1896 Lips.
1928 1839 2050 1894 (ann.

1166 1893 1320 1947 1574.)
1356 1908 1456 1951 sqq.
1499 1920 1551 1927 —
1633 1895 1869 1938 inuoluere
1912 1895 2051 1942 MSS.

1162 1949 1312 1994 Guelf.
1350 1949 1474 1993 Harl.
1515 1949 1649 1995 Bodl.
1692 1951 1775 1996 les.
1814 1952 1916 2005 edd.
1945 1953 2048 1999 Put.

1163 2011 1287 2063 (cum
1314 2008 1380 2050 sil.
1406 2008 1507 2050 Vict
1526 2011 1543 2062 )
1563 2024 1660 2067 sqq.
1738 2009 1790 2053 ln
1811 2010 1911 2055 MS.
1938 2012 2047 2071 Agr.

1162 2065 1435 2111 vocabulum
1459 2073 1618 2108 castra
1642 2082 1735 2109 non
1759 2067 1935 2125 legitur.

1216 2145 1267 2179 ut
1299 2139 1344 2178 in
1376 2139 1600 2181 tmnultu.
1678 2137 1965 2185 MS.⁴Guelf.
2000 2152 2050 2186 ut

1156 2197 1424 2238 tcumultus.
1504 2193 1581 2237 Ed.
1613 2193 1733 2252 Spir.
1768 2194 1922 2240 locum
1960 2200 2047 2242 edit

1157 2253 1246 2296 sic:
1284 2259 1334 2292 ut
1355 2252 1404 2293 in
1426 2253 1632 2292 tumultu
1653 2254 1810 2294 nouit:
1839 2260 2048 2299 monuit.-

1156 2311 1433 2362 subsignata
1456 2309 1606 2350 milite
1629 2311 1820 2353 moenia
1826 2312 2047 2367 firmare.

1157 2367 1210 2409 In
1235 2367 1504 2419 subsignata
1527 2367 1671 2414 milite
1695 2382 1798 2411 cum
1829 2369 1909 2412 illo
1934 2387 2045 2414 con-

1156 2423 1293 2480 spirat
1325 2423 1427 2466 MS.
1459 2423 1595 2480 Reg..
1646 2423 1693 2468 in
1728 2428 1914 2469 moenia
1943 2429 2046 2472 MS.

1155 2482 1263 2540 Agr.
1348 2480 1495 2524 Ceteri
1534 2480 1636 2524 libri
1668 2490 1853 2526 tuentur
1890 2484 2048 2542 vulga·

1155 2547 1244 2582 tam
1272 2538 1557 2595 scripturam.
1615 2538 1942 2594 Subsignanus
1962 2545 2045 2586 mi-

1154 2599 1222 2639 les
1261 2596 1336 2653 qui
1371 2595 1450 2643 sit,
1503 2594 1605 2638 satis
1645 2606 1827 2654 apparet
1869 2614 1893 2641 e
1940 2601 2045 2644 loco

194 2647 328 2692 Bodl.
356 2649 440 2694 les.
474 2651 576 2695 edd.
601 2652 724 2710 Spir.
742 2653 844 2698 Put.
870 2656 937 2699 M.
962 2666 1006 2700 et
1025 2658 1078 2699 V.

195 2705 401 2751 Beroald.
424 2708 547 2762 (cum
573 2709 641 2753 sil.
671 2710 809 2766 Vict.)
832 2711 995 2758 Alciat.
1025 2742 1084 2753 --

196 2765 337 2805 rediit
367 2765 498 2810 tacite
532 2767 644 2815 edd.
666 2767 813 2814 Rhea.
849 2771 951 2814 Ald.
982 2787 1081 2830 sqq.

194 2819 281 2863 Sed
305 2837 400 2865 non
425 2830 514 2873 est,
546 2841 630 2869 cur
661 2835 854 2870 veterem
886 2829 1079 2873 formam

194 2885 435 2924 mutemus.

247 2950 564 2998 dissimulans.
621 2953 722 2998 MS.
757 2930 915 3000 Gueif.
942 2957 1081 3001 aissa·-

194 3008 420 3050 mullans.

252 3087 459 3137 Cam-33.
517 3097 742 3140 cohortes.
801 3096 904 3142 MS.
927 3095 1080 3142 Guelf-

194 3147 412 3193 cohortis.

246 3233 426 3275 sororis
444 3246 560 3277 suae
571 3237 693 3292 filio.
752 3237 856 3282 MS.
875 3240 986 3297 Agr.
1008 3253 1081 3281 so-

192 3290 312 3332 roris
332 3303 447 3334 suae
472 3292 582 3341 viro,
610 3309 720 3350 quae
739 3303 803 3339 est
825 3297 1081 3339 emendatio

190 3346 439 3404 scripturae
468 3360 705 3406 corruptae
733 3368 845 3410 quae
874 3360 1006 3397 exstat
1034 3353 1080 3396 in

192 3403 294 3448 MS.
321 3404 430 3465 Reg.
453 3413 496 3449 et
519 3406 589 3451 ed.
605 3408 746 3466 Spin,
778 3410 854 3454 ubi
873 3409 1082 3469 leguntur

195 3463 330 3508 haee:
395 3463 593 3506 Claudio
651 3466 845 3510 victores
899 3468 1080 3511 sororis

192 3534 334 3567 suae:
377 3523 570 3567 victores
591 3523 782 3568 ducibus
806 3528 1007 3580 rapiunt.

1158 2653 1267 2696 Hist.
1298 2655 1336 2700 1,
1361 2653 1432 2695 70.
1469 2652 1544 2695 ubi
1573 2654 1887 2707 stchtgrnonus
1914 2661 2050 2702 miles

1156 2711 1403 2769 opponitur
1436 2711 1559 2768 gravi
1595 2709 1826 2767 legionum
1864 2716 2043 2771 agmini.

1156 2767 1357 2825 intellige
1382 2767 1517 2824 igitur
1550 2766 1738 2810 militem
1771 2780 1944 2827 praeter
1979 2772 2044 2816 le-

1154 2825 1307 2882 giones
1340 2825 1422 2867 sub
1452 2824 1617 2868 vexillis
1642 2825 1842 2871 habitum
1869 2836 1911 2871 et
1933 2833 2033 2875 sub-

1154 2885 1408 2937 signanum
1455 2891 1558 2940 puta
1600 2883 1795 2936 dictum,
1858 2887 1961 2944 quia
1995 2888 2041 2933 in

1151 2940 1245 2984 acie
1293 2939 1339 2982 in
1394 2939 1643 2983 subsidium
1690 2941 1853 2987 locari·
1873 2943 2043 2990 solebat

1150 3005 1251 3055 post
1293 2995 1333 3038 le
1368 2996 1592 3048 ionarios,
1639 2997 1716 3056 qui
1759 3009 1887 3048 erant
1918 3002 2043 3058 quasi

1150 3013 1390 3110 signanifiz.
1417 3071 1457 3100 e.
1490 3055 1646 3112 aquilis
1678 3056 1924 3116 ceterisque
1957 3075 2040 3105 co-

1151 3111 1350 3156 hortium
1378 3111 1516 3169 signis
1540 3112 1790 3171 conspicui.

1207 3182 1394 3224 auxilia
1411 3183 1593 3237 passim
1611 3183 1899 3241 circumfusa
1915 3195 2039 3232 sunt.

1152 3238 1361 3339 Intelliffe
1384 3241 1556 3284 circum
1579 3240 1772 3285 mediam
1803 3243 1923 3287 subsi
1956 3261 2038 3288 na-

1154 3313 1212 3340 no
1250 3298 1310 3338 mi
1332 3298 1389 3340 ite
1420 3297 1642 3340 firmatam
1676 3299 1834 3343 aciem.
1906 3318 1910 3324 ·
1964 3310 2040 3346 ut-

1154 3370 1344 3397 mannus
1376 3363 1502 3412 putat
1526 3355 1581 3398 de
1608 3354 1779 3400 auxiliis
1809 3356 1956 3402 hostes
1984 3361 2037 3404 ab

1154 3420 1340 3468 utraque
1375 3421 1499 3470 parte
1530 3412 1911 3459 circumeuntibus
1945 3431 2041 3460 esse

1156 3469 1463 3525 cogitandum.
1525 3470 1585 3513 At
1608 3485 1757 3514 sermo
1782 3480 1844 3515 est
1875 3471 1931 3517 de
1962 3490 2036 3518 ra-

1157 3526 1275 3569 tione
1307 3526 1418 3572 acici
1444 3525 1686 3572 Romanae.
1744 3527 1921 3586 Etenim
1946 3530 2040 3576 Vo-
