2138 4030
199 230 254 267 A.
271 228 322 264 U.
337 228 424 263 823.

197 271 318 309 Μ,
358 271 420 311 ,0,
603 229 924 323 LIB.1117
1002 225 1482 290 CAP.17.18.
1833 219 1960 293 2771

111 361 269 422 haud
301 364 499 439 plures
525 347 702 436 quain
731 370 968 416 centum
1002 357 1222 435 equites
1248 358 1526 417 restitere.
1614 358 1772 438 Iuvit
1794 362 1958 439 locus
1990 431 1995 441 Ι

107 449 324 506 artiore
351 447 475 504 illic
502 445 594 500 via
625 454 681 500 et
705 443 887 499 fracto
914 442 1303 504 interfluentis
1329 441 1445 497 rivi
1474 455 1685 516 ponte,
1728 443 1832 522 'qui
1859 447 1954 502 in-
1988 441 1990 444 ’

107 544 265 590 certo
291 533 458 589 alveo
486 541 542 586 et
563 528 980 604 praecipitibus
1014 527 1158 602 ripis
1192 528 1388 600 fugam
1423 527 1799 601 impediebat.
1887 527 1952 587 ea

106 618 415 674 necessitas
452 634 553 671 seu
587 615 827 670 fortuna
861 613 1050 687 lapsas
1086 611 1201 667 iam
1238 622 1431 687 partes
1459 611 1730 673 restituit.
1815 614 1950 671 Fir-

103 703 248 759 mati
270 703 424 758 inter
449 719 537 768 se,
581 697 777 765 densis
808 697 1116 753 ordinibus
1151 696 1450 770 excipiunt
1476 692 1827 774 Vitellianos
1863 712 1949 757 te-

101 807 260 844 mere
303 787 546 852 effusoS‚
612 794 786 858 atque
826 782 917 836 illi
954 792 1422 839 consternantur.
1518 776 1825 850 Antonius*
1856 784 1951 839 in-

101 883 252 929 stare
289 869 598 946 perculsis,
653 878 910 922 sternere
949 866 1173 924 obvios,
1261 865 1434 921 simul
1472 866 1680 935 ceteri,
1722 879 1789 937 ut
1822 868 1945 924 cui-

100 976 213 1032 que
248 955 585 1028 ingenium,
633 950 916 1026 spoliare,
972 970 1204 1025 capere,
1257 970 1417 1010 arma
1457 970 1750 1028 equosque
1788 953 1946 1007 abri-

97 1061 253 1114 pere.
339 1052 397 1095 et
432 1037 603 1094 exciti
637 1056 916 1112 prospero
951 1036 1232 1101 clamore,
1279 1035 1381 1110 qui
1421 1036 1596 1092 modo
1632 1057 1736 1110 per
1778 1055 1945 1110 agros

95 1126 230 1199 fuga
260 1126 643 1199 palabantur,
687 1121 965 1176 victoriae
991 1141 1049 1175 se
1076 1119 1415 1177 miscebant.

265 1206 491 1265 XVIII.
533 1203 626 1264 Ad
659 1217 933 1282 quartum
959 1225 990 1260 a
1017 1203 1307 1261 Cremona
1337 1203 1594 1278 lapidem
1617 1205 1831 1269 fulsere
1858 1206 1944 1261 le-v

98 1295 340 1366 gionum
370 1295 563 1366 signa,
604 1290 859 1365 Rapacis
889 1301 1061 1366 atque
1087 1287 1352 1357 Italicae,
1395 1289 1546 1344 laeto
1585 1289 1740 1346 inter
1773 1281 1939 1346 initia

97 1379 361 1455 equitum
395 1397 635 1435 suorum
673 1375 898 1451 proelio
933 1375 1074 1431 illuc
1108 1394 1292 1451 usque
1328 1387 1618 1448 provecta.
1705 1375 1802 1431 sed
1838 1376 1938 1432 ubi

1056 1595 1121 1638 M.
1148 1603 1190 1638 et
1209 1595 1260 1638 V.
1275 1595 1481 1639 Beroald.
1502 1596 1624 1650 (cum
1647 1595 1791 1639 silent.
1809 1594 1945 1652 Viet.)

1055 1653 1153 1696 Alc.
1213 1652 1364 1695 ferunt
1430 1654 1664 1706 periculis.
1775 1653 1940 1696 Eadem

1056 1710 1288 1765 utriusque
1333 1709 1543 1753 vocabuli
1586 1710 1796 1753 confusio
1837 1709 1940 1754 alibi

1053 1768 1183 1810 etiam
1209 1774 1286 1808 est.
1321 1766 1380 1810 cf.
1406 1772 1502 1809 not.
1527 1767 1580 1812 ad
1603 1767 1714 1810 Hist.
1737 1769 1776 1820 Ξ,
1803 1769 1874 1811 96.

1110 1827 1252 1865 simul
1271 1826 1425 1866 ceteri.
1486 1824 1569 1867 Ed.
1594 1823 1711 1883 Spir.
1737 1820 1879 1866 simul
1898 1833 1944 1867 et

1051 1882 1206 1944 cgteri.

1110 1952 1286 1992 capere.
1345 1936 1450 1980 MS.
1478 1938 1585 1995 Agr.
1619 1954 1800 1994 rapere.

1109 2010 1250 2060 armet
1284 2008 1528 2057 eqzcosque.
1589 1995 1664 2038 Sic
1693 1996 1793 2039 MS.
1822 1997 1941 2040 flor.

1054 2058 1170 2106 (test.
1197 2051 1340 2104 Pich.)
1372 2051 1473 2095 edd.
1500 2051 1601 2094 Pus.
1625 2051 1689 2094 M.
1712 2061 1758 2102 xet
1780 2053 1835 2098 V.
1860 2053 1941 2096 Be-

91 1598 239 1651 vict.)
270 1613 367 1666 sqq.
405 1614 507 1642 cum
541 1597 675 1654 Lipsii
711 1598 870 1655 prima.
931 1595 981 1638 In

90 1655 335 1714 edd.Lips1i
358 1656 692 1714 posterioribuS,
715 1654 835 1698 Pich.
851 1652 982 1695 Grut.

79 1723 189 1770 sqq.
222 1713 382 1769 legitur
410 1712 837 1762 transverberavit,
878 1726 933 1752 an
958 1725 980 1751 e

89 1777 197 1815 vett.
225 1770 352 1813 lssbris
377 1787 467 1813 uon
496 1769 725 1827 proditum
754 1776 833 1811 est.
891 1766 977 1808 Er-

88 1827 255 1870 nestius
271 1828 466 1885 priorem
489 1827 752 1883 scripturam
774 1824 981 1875 restituit,

91 1899 236 1941 neque
258 1893 343 1934 cst,
368 1900 451 1928 cur
473 1892 723 1941 spernatur.
763 1882 876 1924 Nam
892 1882 978 1924 An.

92 1943 161 1992 11,
187 1940 256 1984 31.
297 1941 506 1998 legimus:
550 1939 681 1982 Satis
710 1946 895 1982 constat
927 1954 980 1981 eo

84 2014 265 2052 pavore
319 1999 516 2052 offusum
571 1998 816 2039 Claudium
839 2027 852 2044 ,
930 2004 982 2038 ut

88 2057 339 2098 identidem
370 2058 791 2106 interrogaret
823 2061 906 2095 etc.

146 2115 372 2155 restitere.
430 2110 514 2155 Ed.
539 2111 656 2169 Spir.
686 2113 919 2152 resistere.

144 2172 333 2212 artiore.
394 2169 470 2212 Sic
505 2168 576 2211 ed.
609 2167 728 2224 Spir.
779 2195 836 2203 -—
895 2181 976 2208 m·-

88 2228 230 2270 ctiore
268 2226 368 2269 MS.
403 2225 556 2268 Guelf.
595 2225 694 2268 edd.
736 2224 839 2267 Put.
875 2239 973 2283 sqq.

88 2301 191 2328 eum
216 2283 364 2326 silent.
389 2282 595 2325 Victorii.

145 2341 327 2396 effusos,
381 2339 481 2382 MS.
501 2339 619 2381 Bud.
638 2339 789 2393 susos.

144 2405 281 2452 atque
302 2399 371 2438 illi
390 2404 763 2438 consternantur.
809 2395 975 2438 Forma

83 2463 447 2498 consternantur
469 2461 599 2495 exstat
623 2454 666 2494 in
694 2452 828 2495 MSS.
852 2452 974 2494 Flor.

85 2514 200 2567 (test.
238 2510 354 2554 Vict.
389 2526 492 2552 cum
523 2508 683 2567 Ryclz.)
718 2510 834 2551 Bud.
862 2507 971 2564 Reg.

85 2569 209 2612 Harl.
246 2567 328 2611 les.
361 2566 512 2610 Guelf.
551 2567 652 2610 edd.
681 2565 798 2623 Spir.
832 2565 974 2606 Rhen.

84 2625 190 2670 Ald.
216 2641 314 2681 sqq.
349 2647 401 2657 -·-
460 2632 820 2667 consternantur
842 2621 974 2664 MSS.

83 2681 220 2726 Bodl.
242 2684 278 2725 A
315 2698 354 2726 r.
388 2681 490 2725 edd.
514 2681 618 2724 Put.
643 2680 709 2722 M.
735 2688 775 2722 et
799 2679 855 2722 V.
882 2679 972 2720 Be-

83 2739 226 2783 roald.
243 2740 281 2782 A
304 2756 345 2783 e.
367 2767 423 2774 -
442 2737 533 2780 Pro
553 2738 627 2780 illi
646 2735 779 2780 MSS.
806 2746 849 2779 et
869 2736 970 2781 edd.

86 2805 187 2840 ante
208 2796 350 2838 Rhen.
383 2811 538 2838 omnes
572 2796 725 2837 ferunt
753 2796 866 2842 illic,
909 2793 970 2835 ul-

86 2855 194 2896 tima
230 2851 373 2895 littera
409 2868 433 2894 e
476 2853 678 2908 proximo
701 2851 862 2901 ,verbo
907 2858 972 2891 at-

85 2918 241 2953 tracta.
301 2909 542 2951 Rhenanus
564 2925 611 2950 ex
644 2907 826 2965 ingenio
859 2906 970 2949 illud

83 2966 235 3010 vitium
259 2965 447 3009 sustulit.
506 2964 776 3007 Counnento
799 2981 971 3011 eon-um,

86 3023 162 3081 qui
191 3023 438 3067 secundum
463 3021 661 3064 Gellium
686 3025 750 3073 10,
773 3022 846 3064 29.
871 3036 971 3063 cen·

87 3090 185 3123 sent
225 3089 364 3135 atque
405 3078 480 3122 hie
520 3079 554 3122 si
591 3078 771 3122 nificare
808 3078 970 3120 statim

90 3136 166 3191 (ef.
196 3136 230 3179 l.
255 3137 328 3179 Fr.
355 3136 499 3179 Gron.
535 3152 557 3179 a
615 3136 656 3179 h.
682 3134 716 3180 l.
743 3145 786 3178 et
808 3134 970 3177 Rams-

85 3194 219 3237 horn.
252 3192 334 3236 Gr.
366 3210 410 3251 p.
436 3193 575 3247 523),
615 3209 697 3251 ego
734 3208 827 3235 non
865 3193 969 3235 sub-

63 3251 251 3294 'scribm
310 3249 421 3292 Nam
446 3248 574 3292 habet
601 3266 649 3291 ea
679 3247 897 3306 particula
930 3256 972 3291 et

82 3307 158 3351 hic,
177 3323 301 3351 suam
325 3306 439 3358 vim,
469 3315 517 3348 ut
535 3322 637 3349 cum
695 3305 970 3348 raecedenti-

87 3364 171 3407 bus
191 3364 457 3424 coniqngat,
482 3379 593 3419 quae
613 3379 636 3405 a
657 3323 830 3407 ‹liversa
852 3372 974 3420 parte

91 3418 204 3469 facta
228 3429 356 3464 sunu
388 3420 494 3463 nihil
519 3420 722 3476 amplius.

142 3479 376 3531 perculsis.
466 3477 530 3519 lta
587 3477 719 3520 tacite
774 3475 974 3519 Rhenan.

93 3548 188 3593 sqq.
223 3559 275 3569 —
333 3532 601 3578 MS.Guelf.
625 3533 724 3577 edd.
744 3532 974 3592 Spir.Put.

1053 2108 1196 2152 roald.
1244 2114 1368 2161 (cum
1405 2108 1549 2152 silent.
1589 2108 1858 2166 Vict.)A1c.
1900 2119 1939 2153 et

1049 2167 1149 2210 dein
1208 2164 1333 2208 Pich.
1374 2164 1509 2222 Lipsii
1571 2174 1711 2223 postr.
1755 2168 1937 2210 Gruter.

1048 2239 1144 2280 sqq.
1168 2246 1227 2254 —
1255 2237 1425 2265 arma:
1444 2229 1647 2279 quosque
1669 2223 1868 2281 ed.Spir.
1893 2253 1940 2260 —

1048 2296 1215 2334 arma,
1251 2294 1391 2335 equos
1415 2281 1520 2324 MS.
1542 2280 1657 2324 Bud.
1683 2281 1937 2325 edd.Rhen.

1050 2338 1151 2380 ΑΜ.
1178 2337 1313 2395 Lipsii
1342 2339 1527 2393 priores.
1573 2358 1628 2370 ——-
1688 2353 1824 2394 equos
1855 2353 1938 2380 ar-

1047 2411 1217 2449 maque
1240 2395 1338 2438 MS.
1367 2393 1513 2438 Guelf.

1100 2453 1327 2505 abr-isere.
1388 2452 1462 2495 Sic
1484 2449 1583 2493 MS.
1609 2450 1759 2494 Guelf.
1801 2453 1842 2506 (a
1866 2468 1938 2496 se-

1046 2509 1192 2551 cunda
1230 2510 1383 2564 manu)
1421 2508 1521 2551 edd.
1558 2507 1662 2552 Put.
1693 2525 1791 2567 sqq.
1831 2525 1935 2552 cum

1047 2565 1222 2608 silentio
1245 2564 1451 2608 Victorii.
1495 2592 1555 2601 --
1613 2568 1831 2618 arripere
1865 2567 1932 2611 ed.
1989 2575 1994 2580 ’

1046 2622 1162 2680 Spir.
1196 2631 1238 2664 et
1271 2621 1330 2665 ita
1364 2622 1447 2664 fuit
1487 2621 1535 2664 in
1579 2624 1681 2666 cod.
1717 2622 1868 2666 Guelf.
1910 2641 1932 2667 a

1044 2679 1189 2738 prima
1213 2695 1364 2722 mauu.
1393 2678 1448 2722 ef.
1474 2687 1570 2722 not.
1594 2680 1645 2720 ad
1670 2679 1837 2734 Hist.2‚
1862 2679 1931 2724 36.

1074 2743 1146 2778 'et
1178 2736 1332 2778 exciti.
1393 2735 1470 2779 Sic
1495 2735 1633 2781 MSS.
1656 2736 1777 2778 Flor.
1812 2737 1931 2790 (test.

1042 2793 1184 2849 Pich.)
1219 2793 1323 2849 Reg.
1359 2791 1496 2836 Corb.
1531 2791 1632 2835 edd.
1658 2793 1775 2851 Spir.
1803 2793 1932 2838 Pich.

1045 2850 1229 2893 Gruter.
1260 2850 1478 2907 Bernegg.
1503 2864 1599 2906 sqq.
1644 2877 1702 2885 -
1760 2850 1826 2893 Co
1860 2851 1933 2894 ula

1045 2917 1087 2951 et
1125 2905 1344 2949 omittitur
1379 2906 1425 2948 in
1459 2905 1592 2950 MSS.
1629 2905 1779 2951 Guelf.
1854 2908 1933 2951 arl.

1044 2964 1175 3007 Bodl.
1205 2966 1279 3007 les.
1303 2962 1416 3005 Bud.
1441 2963 1540 3007 edd.
1564 2962 1663 3008 Put.
1682 2963 1787 3008 Ber.
1807 2965 1931 3020 (cum

1042 3021 1185 3065 silent.
1211 3019 1346 3075 Vict.)
1371 3019 1471 3064 Ale.
1497 3035 1597 3077 sqq.
1619 3019 1674 3075 'ad
1703 3020 1827 3064 Pich.

1044 3113 1052 3119 .
1095 3079 1426 3132 palabantur..
1489 3077 1592 3120 MS.
1633 3077 1785 3122 Guelf.
1829 3080 1927 3122 edd.

1044 3133 1144 3177 Put.
1169 3136 1237 3177 M.
1264 3142 1306 3176 et
1328 3133 1383 3177 V.
1408 3137 1729 3189 ponebantur.

1100 3207 1151 3234 se
1201 3191 1471 3234 miscebant.
1549 3191 1630 3236 Ed.
1679 3191 1798 3249 Spir.
1852 3209 1925 3256 sug

1044 3251 1309 3291 tntu-ebant.

1103 3303 1210 3348 Cn».
1227 3306 1294 3348 18.
1324 3321 1356 3348 a
1371 3305 1619 3349 Cremona.
1661 3306 1760 3353 MS.
1778 3306 1928 3350 Guelf.

1047 3379 1069 3406 c
1093 3363 1340 3405 Cremona.

1089 3418 1285 3474 fulsere.
1306 3417 1389 3462 Ed.
1402 3419 1728 3478 Spir.fidxe1'c.
1765 3422 1812 3463 ln
1831 3421 1929 3464 cod.

1049 3475 1197 3518 Guelf.
1209 3478 1391 3531 fulsere
1411 3486 1476 3520 est
1495 3493 1519 3519 a
1540 3479 1734 3521 secunda
1757 3494 1903 3521 manu.

1105 3541 1342 3590 provectu.
1384 3539 1480 3581 Sed.
1542 3534 1642 3579 MS.
1668 3535 1789 3579 Flor.
1818 3536 1930 3588 (test.
