2138 4030
222 266 341 348 χε,
367 266 451 346 8ξῇ
641 270 813 362 LIB.
842 270 948 331 111.
1021 224 1214 331 CAP.
1253 270 1352 331 33.
1392 272 1492 332 34.
1865 273 1989 333 297

137 403 297 459 viam
332 400 766 458 iaculabantur:
811 409 992 476 utque
1025 400 1280 458 exercitu
1315 399 1478 455 vario
1522 399 1765 473 linguis,
1809 402 1993 458 mori-

140 488 283 557 hus,
332 486 428 542 eui
462 485 648 554 cives,
697 484 871 553 socii,
913 485 1138 541 externi
1173 485 1547 552 interessent,
1588 485 1848 542 diversae
1888 508 1992 543 cu-

139 572 373 647 pidines
397 583 454 628 et
480 570 644 626 aliud
671 569 881 644 cuique
902 570 989 624 fas
1014 590 1122 625 nec
1149 570 1473 646 quidquam
1499 568 1812 629 inlicitum.
1874 569 1991 627 Per
2079 637 2082 648 ί

139 656 522 732 quatriduum
558 653 848 712 Cremona
898 654 1143 723 suffecit.
1245 673 1379 710 curn
1420 653 1618 708 omnia
1657 673 1815 711 sacra
1852 676 1991 729 pro-
2025 719 2029 721 μ

136 742 388 817 fanaque
425 740 490 795 in
529 739 665 813 igne
700 738 1104 807 considerent,
1148 739 1339 795 solum
1376 733 1663 812 Mephitis
1708 741 1991 814 templum

142 825 300 883 stetit
327 836 462 882 ante
490 824 724 880 moenia
752 824 883 880 loco
910 843 1013 880 seu
1043 824 1289 880 numine
1323 823 1649 881 defensum.

311 933 592 994 XXXIV.
675 932 791 990 Hic
827 934 1012 993 exitus
1037 932 1362 991 Cremonae
1396 953 1553 990 anno
1594 933 1991 992 ducentesimo

140 1021 492 1094 octogesimo
521 1027 680 1076 sexto
706 1040 738 1075 a
762 1019 1089 1094 primordio
1119 1020 1230 1079 sui.
1316 1018 1552 1075 condita
1579 1030 1701 1075 erat
1717 1017 1809 1074 Ti.
1827 1018 1993 1090 Sem-

138 1107 354 1181 pronio
405 1117 461 1163 et
509 1103 789 1163 Cornelio
845 1105 1215 1173 consulibUS‚
1293 1103 1604 1176 ingruente
1647 1103 1714 1159 in
1763 1101 1992 1161 Italiam

139 1189 511 1261 Hannibale,
561 1190 1073 1264 propugnaculum
1113 1190 1389 1245 adversus
1432 1186 1641 1244 Gallos
1679 1199 1842 1244 trans
1876 1188 1991 1246 Pa-

144 1277 291 1332 dum
317 1287 549 1350 agentes
584 1287 641 1332 et
663 1275 714 1329 si
748 1294 864 1350 qua
894 1275 1008 1330 alia
1044 1274 1132 1330 vis
1171 1293 1277 1348 per
1301 1274 1483 1349 Alpes
1521 1284 1733 1334 rueret.
1817 1274 1998 1347 igitur

146 1381 394 1418 numero
460 1362 836 1428 colonorum,
903 1360 1342 1434 opportunitate
1399 1358 1747 1428 fluminum,
1814 1361 1995 1416 ubere

143 1446 298 1520 agri,
339 1448 570 1503 adnexu
601 1443 1029 1522 connubiisque
1067 1444 1328 1517 gentium
1364 1443 1623 1500 adolevit
1660 1439 1996 1522 floruitque,

202 1706 345 1756 utque
366 1698 597 1741 exercitu.
656 1697 733 1741 Sic
754 1697 888 1742 MSS.
907 1696 1033 1741 F.lor

148 1759 277 1860 (Steste
301 1755 339 1797 R
374 1755 500 1811 ekio)
522 1755 760 1813 Agr.l'1.eg
772 1754 911 1823 Co1l).
935 1755 1036 1802 edd.

214 1814 266 1859 ir.
297 1772 441 1860 Βζεῃ
476 1811 583 1860 Ald.
619 1828 746 1869 sqq„
799 1812 882 1856 nisi
914 1812 1035 1870 quod

146 1816 250 1916 lVi’S.
282 1870 394 1928 Agr.
431 1877 474 1914 et
517 1871 587 1915 ed.
617 1869 737 1929 Spir.
781 1886 865 1927 pro
898 1878 1037 1925 utque

147 1930 301 1972 ferunt
340 1935 394 1970 ut
436 1928 536 1984 qui,
593 1936 637 1970 et
676 1928 861 1970 sortasse
891 1927 951 1970 ita
994 1933 1038 1967 et

148 1986 284 2031 MSS.
301 1985 408 2042 Reg.
435 1993 478 2028 et
492 1985 659 2033 Coi-b.,
689 1985 790 2042 quia
810 1984 903 2027 fere
924 1999 1038 2027 sem·

183 2060 232 2087 er
279 2059 384 2088 cum
437 2042 507 2085 ed.
560 2041 679 2100 Spir.
731 2041 1035 2085 consentiunt.

149 2061 418 2145 ‘Victorius'
405 2099 618 2142 intactam
642 2097 819 2155 reliquit
851 2098 1038 2163 scriptu·

149 2175 245 2202 ram
270 2159 366 2213 utzq
368 2173 423 2200 ue
448 2157 684 2205 exercitui,
707 2170 815 2212 quae
837 2163 971 2199 exstat
989 2170 1037 2197 in

150 2215 288 2262 MSS.
315 2173 472 2259 Guelf.
507 2212 589 2267 (ibi
621 2222 689 2257 est
720 2215 876 2268 utque)
907 2211 1034 2255 Harl.

149 2269 289 2317 Bodl.
312 2273 397 2316 Ies.
435 2271 535 2314 edd.
561 2270 664 2313 Put.
689 2269 758 2313 M.
780 2277 822 2312 et
849 2271 901 2313 V.
935 2269 1037 2311 Ber.

145 2332 250 2377 Alc.
339 2328 427 2373 Sed
472 2327 649 2371 ablativi
684 2335 788 2370 sunt
824 2325 1033 2370 absoluti.

150 2388 404 2432 Sententia:
444 2395 583 2444 utque
615 2386 788 2433 evenit,
822 2383 899 2428 ubi
922 2399 1036 2426 exer·

151 2447 264 2492 citus
285 2453 349 2488 est
370 2444 513 2487 varius
536 2451 622 2486 etc.

205 2506 493 2546 interessent.
562 2499 790 2542 Ernestius
821 2498 1036 2541 malebat:

153 2562 371 2604 inessent.
459 2560 519 2604 At
559 2573 642 2601 eur
693 2573 787 2602 nou
839 2557 1038 2598 interes-

154 2618 447 2717 ⁶⁶2³2i3022um.
530 2671 607 2715 sic
637 2670 738 2715 Ms.
771 2669 897 2714 Flor.
933 2677 1042 2712 teste

154 2730 378 2776 Victorio.
411 2758 470 2767 -
536 2730 750 2772 illicitum
788 2728 894 2772 edd.
932 2735 1040 2772 vett.

154 2804 258 2834 cum
284 2787 384 2849 llIS.
409 2786 559 2832 Guelf.

214 2861 534 2917 quatriduum.
592 2859 726 2903 MSS.
761 2858 884 2904 Flor.
918 2859 1039 2913 (test.

157 2918 292 2974 Viet.)
315 2917 469 2960 Guelf.
490 2918 819 2972 quadriduum.
843 2940 900 2948 -
933 2916 1041 2960 Mox

155 2976 261 3020 MS.
285 2974 437 3018 Guelf.
463 2974 715 3019 Cremomi.
768 3007 770 3009 -

215 3045 266 3087 in
294 3045 414 3098 igne.
485 3042 563 3088 Sic
594 3046 699 3089 vett.
733 3043 834 3087 libri
868 3059 1042 3087 omnes.

156 3101 377 3149 Heinsius
397 3101 585 3144 malebat
610 3101 660 3144 ίη
697 3101 852 3155 ignem
885 3101 957 3144 ob
973 3101 1046 3144 lo·

159 3175 265 3204 cum
287 3157 448 3216 Vir-gil.
469 3158 583 3200 Aen.
615 3158 655 3209 2,
674 3158 774 3202 624.
810 3165 911 3200 tum
934 3172 1045 3200 vero

160 3230 296 3259 omne
347 3215 461 3257 mihi
510 3215 663 3258 visam
716 3216 952 3259 considere
1001 3217 1047 3257 in

162 3275 278 3329 ignis
301 3272 470 3316 Ilium.
531 3271 620 3316 Sed
644 3280 886 3339 utrumque
910 3288 1047 3330 genus

162 3330 349 3432 (ἑίεεηάἰ
365 3330 537 3373 bonum
573 3337 639 3373 est
662 3328 834 3374 ratione
863 3329 1048 3388 paulum

200 3403 334 3431 :versa

218 3458 444 3512 Mephnta'S.
488 3453 586 3511 ¹Ed.
612 3424 731 3512 Spir.
757 3431 944 3511 zheficis.

88 3568 91 3570 .
221 3526 334 3571 (ΖΜ).
357 3525 429 3569 34.
489 3524 580 3567 Hic
601 3524 756 3565 exitus
781 3524 1051 3568 Cremonae.

167 3583 247 3628 Sic.
268 3583 401 3627 MSS.
425 3582 535 3639 Reg.
570 3579 710 3625 Corb.
743 3581 852 3638 Agr.
887 3583 929 3637 (a
964 3598 1052 3628 sec.

1108 1696 1262 1752 manu)
1285 1693 1705 1753 εάι1.8μιΕνηεει.
1724 1693 1996 1741 Lallemand.

1106 1754 1234 1798 Brot.
1259 1769 1358 1810 sqq.
1389 1781 1447 1788 -
1509 1752 1584 1795 luc
1617 1753 1776 1794 exitus
1809 1753 1995 1795 Cremo-
2015 1766 2019 1769 ·

1107 1826 1226 1853 nam
1277 1811 1437 1852 habuit
1487 1807 1623 1852 MSS.
1666 1808 1821 1851 Guelf.
1866 1809 1992 1854 Ha1l.

1109 1868 1242 1912 Bodl.
1275 1867 1359 1909 les.
1395 1866 1495 1910 edd.
1530 1866 1631 1909 Put.
1664 1865 1876 1910 Beroald.
1899 1884 1996 1927 sqq.

1109 1925 1182 1969 ad
1182 1926 1222 1967 ,ΞΙ
1226 1925 1459 1967 inestium.
1496 1949 1550 1957 -
1606 1924 1679 1966 hic
1703 1925 1858 1966 exitus
1882 1924 2000 1967 Cre-

1110 1997 1311 2024 monam
1346 1981 1459 2035 (sine
1489 1979 1630 2027 verbo
1661 1980 1838 2036 habult)
1866 1981 1998 2029 MSS,

1110 2040 1234 2083 Flor.
1256 2041 1369 2094 (test.
1394 2037 1509 2081 Vici.
1538 2053 1642 2082 cum
1664 2036 1994 2097 1ac.G10nox.)

1109 2098 1251 2147 Bud„
1291 2111 1403 2152 quae
1433 2091 1654 2161 scriptura
1678 2095 1877 2152 placebat
1903 2098 1998 2141 lac.

1110 2153 1370 2204 Gronovio,
1412 2162 1460 2195 ut
1493 2151 1770 2218 intelligeres
1803 2157 1996 2199 mans-at.

1108 2210 1292 2254 Rectius
1340 2210 1526 2252 fortasse
1569 2209 1849 2252 censebimus
1883 2211 1996 2254 Cre—

1108 2284 1323 2313 Ἡηοηαηι
1332 2277 1532 2310 exortum
1565 2282 1658 2310 esse
1692 2282 1714 2308 e
1745 2268 2000 2312 Cremonae

1108 2340 1192 2369 an.

1166 2399 1196 2425 a
1217 2384 1472 2436 primordio
1494 2381 1583 2425 sui.
1629 2379 1729 2423 MS.
1742 2380 1882 2426 Corb.
1902 2396 1999 2427 suo.

1111 2440 1198 2484 Sed
1224 2441 1455 2497 vulgatum
1485 2447 1550 2482 est
1568 2437 1727 2481 'laciti.

1168 2504 1212 2538 et
1255 2486 1489 2541 Cornelio.
1580 2495 1655 2539 Sic
1704 2495 1834 2541 MSS.
1874 2497 2001 2542 Flor.

1111 2555 1230 2609 (tes-‚1
1267 2556 1353 2597 lac.
1376 2553 1608 2608 Gronov.)
1650 2551 1806 2651 Guels.
1836 2553 2002 2611 aliique

1112 2610 1248 2655 codd.
1270 2610 1406 2653 MSS.
1445 2618 1487 2652 et
1517 2609 1617 2653 edd.
1716 2611 1769 2654 ir.
1805 2610 1907 2655 Put.
1934 2612 2006 2659 M.

1112 2678 1155 2711 et
1179 2668 1234 2711 V.
1263 2666 1468 2710 Beroald.
1493 2667 1614 2722 (cum
1640 2608 1711 2710 ssifi
1733 2666 1868 2724 Vict.)
1897 2669 2000 2713 Alc.

1115 2725 1205 2770 lac.
1232 2724 1438 2768 Gronov.
1464 2740 1562 2781 sqq.
1584 2748 1639 2758 —
1680 2734 1732 2767 et
1748 2725 1814 2770 P.
1824 2719 2004 2769 Corne-

1113 2785 1175 2825 lio
1209 2782 1308 2824 edd.
1336 2781 1539 2824 Rhenan.
1565 2781 1670 2824 Ald.
1699 2798 1802 2840 sqq.
1830 2783 1886 2826 ad
1913 2783 2001 2829 lac.

1115 2839 1301 2884 Οιοηον
1281 2840 1415 2881 vium.

1171 2905 1347 2940 rueret.
1405 2893 1480 2938 Sic
1495 2895 1629 2940 MSS
1649 2894 1782 2939 Flor.
1800 2897 1918 2951 (test.
1930 2897 2003 2940 Vi-

1115 2955 1259 2997 ctorio
1307 2970 1411 2997 cum
1438 2954 1661 3021 οΡίο1ιετηει)
1707 2944 1816 3011 Reg.
1864 2954 2001 3002 Corb.

1115 3011 1230 3055 Bud.
1250 3009 1349 3053 edd.
1372 3011 1433 3067 Sp
1437 3010 1491 3054 ir.
1515 3010 1658 3055 Rhen.
1683 3008 1792 3054 Ald.
1817 3027 1917 3069 sqq.
1947 3041 2006 3049 --

1113 3072 1314 3112 irrueret
1348 3025 1482 3111 MSS.
1519 3066 1674 3128 Guelf.
1711 3064 1833 3111 Harl.
1866 3069 2000 3113 Bodl.

1117 3127 1202 3169 les.
1249 3123 1349 3168 edd.
1383 3125 1487 3168 Put.
1515 3125 1585 3168 Μ.
1621 3133 1664 3168 et
1700 3126 1756 3168 V.
1792 3118 2002 3170 Beroald.

1117 3182 1222 3228 Alc.
1249 3205 1294 3215 -·
1333 3182 1507 3240 Lipsius
1527 3182 1703 3238 volebat
1723 3184 1972 3237 ingrueret.

1173 3242 1370 3282 adnexu
1415 3241 1738 3295 connubiz'sque
1783 3243 2003 3294 gentium.

1119 3295 1220 3340 MS.
1272 3298 1383 3353 Agr.
1433 3312 1663 3341 connexu.
1764 3296 2002 3340 Rhenanus

1121 3354 1386 3399 coniicit-bat
1450 3356 1680 3398 adhaesa.
1776 3354 2003 3412 Bipomini

1122 3411 1229 3466 agri
1269 3413 1461 3454 annexi.
1549 3410 1720 3454 Verum
1761 3414 2006 3453 adnectere

1122 3469 1336 3523 frequens
1376 3476 1440 3512 est
1468 3468 1530 3512 de
1563 3467 1639 3514 tali
1671 3468 2004 3510 coniunctione.

1123 3525 1181 3569 cf.
1202 3541 1322 3583 supr.
1348 3526 1386 3577 1,
1406 3528 1447 3568 4.
1471 3529 1655 3580 mag-nis
1678 3527 1889 3567 domums
1916 3530 2005 3566 ad-

1123 3596 1265 3627 nexa.
1325 3585 1411 3627 An.
1431 3583 1471 3635 5,
1493 3586 1531 3626 1.
1557 3582 1780 3643 sanguini
1812 3582 2014 3638 Augusti
