2138 4030
139 280 274 337 178

765 276 1473 355 HISTORIAKRUM

1744 284 1795 320 A·
1809 282 1864 321 UA
1873 283 1958 320 82³.

1743 326 1795 362 A.
1814 325 1862 364 C.
1897 328 1959 364 70.

191 392 451 469 faventes
489 409 809 479 vocabant,
858 410 1019 485 quod
1068 409 1194 464 sine
1240 411 1450 479 mod0‚
1506 411 1633 469 sine
1670 413 1893 474 iudicio
1931 419 2043 476 doa-

192 508 360 554 naret
386 515 522 564 suat,
566 487 877 566 largiretur
902 494 1109 552 aliena.

192 583 316 657 ipsa
369 581 512 637 vitia
567 600 674 654 pro
725 578 1046 635 virtutibus
1104 578 1661 654 interpretabantur.

1195 494 1371 551 simul
1400 495 1678 554 aviditate
1711 500 2043 576 imperandi

1757 586 1934 644 multi
1977 589 2044 645 in

193 679 443 744 utroque
502 664 756 721 exercitu
812 663 963 719 sicut
1009 664 1264 721 modesti
1311 666 1613 744 quietique
1669 669 1750 727 ita
1792 671 1938 729 mali
1985 683 2044 731 et

188 918 291 955 otor
313 906 526 958 desei-ibit
539 903 704 948 Vitellii
727 919 897 956 mores,
926 905 985 948 ita
1009 912 1077 948 ta-

191 983 319 1014 men,
351 973 401 1007 ut
434 963 565 1006 simul
602 961 828 1012 enuntiet,
863 972 906 1006 et
937 961 1079 1020 qualis

189 1039 340 1069 revera
372 1021 507 1064 fuerit
538 1022 584 1062 'et
615 1019 756 1075 qualis
778 1018 1079 1065 a'faventibus

190 1089 398 1138 acceptus
445 1078 517 1121 sit.
609 1077 785 1118 Etenim
835 1076 882 1120 in
935 1078 1080 1120 maius

191 1141 344 1183 onmia
381 1135 716 1192 accipiebantur
752 1131 794 1175 h.
826 1149 864 1176 e.
895 1135 942 1178 in
975 1150 1080 1176 eum

190 1195 402 1244 modum,
440 1192 566 1249 quasi
597 1190 801 1233 Vitellius
832 1207 924 1234 non
962 1207 1073 1235 con-

188 1252 346 1300 sularis
377 1251 568 1308 legatus,
607 1248 684 1290 sed
720 1250 883 1291 summi
917 1248 1079 1306 fastigii

190 1312 263 1358 vir
297 1316 421 1352 esset.
492 1306 609 1348 Nam
641 1321 752 1363 quae
787 1306 905 1362 apud
936 1308 1080 1349 mino·

187 1386 259 1413 res
309 1365 472 1409 dicitur
510 1363 759 1414 humilitas,
817 1364 865 1406 in
913 1362 1080 1406 summi

189 1423 352 1482 fastigii
376 1418 632 1464 hominibus
659 1429 844 1464 vocatur
867 1422 1079 1464 comitas:

190 1499 303 1543 quae
324 1479 458 1522 nobis
479 1476 861 1531 homuncionibus
889 1487 953 1521 est
974 1494 1080 1521 sana

188 1556 339 1588 mens,
370 1535 626 1594 principum
650 1536 848 1578 virorum
876 1535 1082 1578 laudatur

189 1596 334 1658 praeci
371 1590 427 1637 u‘a
473 1592 702 1650 sapientia.
791 1594 882 1636 Iam
918 1593 1080 1636 Noster

187 1653 317 1715 ponit
380 1651 476 1694 uius
509 1651 571 1692 rei
609 1649 821 1707 exempla.
882 1651 1079 1708 Elegan-

187 1724 257 1759 ter
296 1711 350 1761 ab
393 1708 520 1752 initio
565 1707 706 1750 utitur
752 1707 968 1765 particula
1021 1714 1080 1759 et,

189 1785 303 1830 quae
334 1784 432 1811 eam
465 1766 597 1808 habet
620 1765 737 1813 vim,
769 1773 819 1806 ut
853 1764 1077 1808 rationem

186 1827 345 1874 reddat
379 1824 601 1880 ducatque
630 1822 844 1880 exempla.
905 1823 966 1866 cf.
990 1823 1078 1866 An.

187 1888 230 1936 B,
250 1884 320 1928 38.
346 1883 449 1926 Non
477 1882 599 1922 enim
624 1880 855 1928 Tiberius,
884 1894 978 1922 non
1006 1895 1079 1922 ac-

187 1950 430 1988 cusatores
444 1938 749 1994 fatiscebant.
803 1945 855 1979 et
884 1940 1079 1980 Anclm-

185 2003 285 2045 rius
306 1998 493 2041 Priscus
515 2003 599 2039 etc.
658 1994 883 2038 Particula
908 1996 978 2036 ita
1003 2011 1079 2051 po·

166 2059 311 2103 'nitur
345 2071 428 2114 pro
461 2055 633 2109 itaque.
694 2052 772 2096 Sic
801 2052 905 2094 insr.
939 2069 979 2095 c.
1005 2052 1076 2096 58.

187 2119 205 2167 ἱ
214 2123 276 2158 ta
315 2114 364 2156 in
403 2111 611 2154 custodia
647 2111 848 2152 habitus.
932 2110 1079 2166 Supra

187 2192 228 2219 c.
259 2173 331 2215 45.
372 2171 525 2213 iubere
575 2167 673 2210 iam
727 2174 929 2220 poterat.
990 2167 1081 2208 ita

183 2229 483 2277 simulatione
532 2225 634 2267 irae
683 2224 848 2266 vincin'
895 2225 1078 2266 iussum

185 2298 274 2333 etc.
333 2286 424 2330 An.
447 2286 488 2334 4,
511 2282 578 2325 15.
604 2297 818 2337 unusque
839 2297 863 2324 e
883 2288 1078 2325 senato-

184 2347 313 2391 ribus
332 2342 503 2387 Rhodii
526 2354 731 2382 secessus
757 2354 926 2382 comes.
988 2341 1079 2381 ita

184 2396 455 2462 quanquam
470 2413 589 2441 novo
603 2397 781 2439 homini
794 2404 877 2440 ete.
922 2395 1079 2439 Germ.

185 2478 228 2506 c.
251 2461 324 2505 36.
369 2457 396 2500 1
410 2465 495 2506 ta,
536 2455 617 2511 qui
643 2456 754 2496 olim
780 2455 891 2496 bom‘
915 2454 1077 2509 aequi-

184 2533 271 2575 que
324 2515 564 2564 Cherusci,
627 2526 751 2554 nunc
798 2512 974 2554 inertes
1022 2527 1079 2553 ae

183 2576 319 2620 stulti
338 2581 585 2615 vocantur.
657 2570 750 2612 lam
778 2571 980 2612 membra
1003 2583 1077 2612 eo-

185 2628 368 2676 ha'erent
391 2630 475 2672 sice
509 2626 725 2671 Vitellius
747 2630 872 2680 apud
894 2641 1078 2670 severos

182 2689 395 2734 humilis:
429 2687 498 2729 ita
522 2685 792 2728 comitatem
818 2685 897 2738 (sc.
922 2683 1076 2727 faven-

186 2757 250 2791 tes
303 2745 540 2789 vocabant.
611 2743 662 2783 id
706 2741 1076 2797 intelligendum,

184 2820 280 2849 non
314 2801 600 2845 scribendum
635 2801 742 2854 est):
791 2799 1073 2840 bonitatem-

185 2870 272 2919 ‘que
314 2867 398 2902 etc.
488 2858 638 2912 Quam
701 2854 791 2899 loci
854 2855 1074 2899 rationem

185 2933 323 2978 quum
355 2931 447 2958 non
473 2913 797 2972 intelligerent,
829 2912 951 2956 varie
978 2928 1074 2954 mu·

185 2976 349 3019 tabant.
411 2972 511 3013 MS.
540 2972 644 3028 Agr.
679 2980 776 3028 post
804 2971 1019 3013 Vitellius
1051 2985 1074 3012 a

185 3050 274 3077 sec.
311 3047 372 3073 m.
409 3028 530 3072 addit
561 3037 624 3070 ut.
685 3028 923 3071 Rhenanus
954 3028 1073 3072 vole-

185 3091 285 3134 batae
324 3096 369 3130 et
406 3094 457 3128 ut
486 3086 698 3126 Vitellius
731 3093 816 3129 etc.
885 3084 1075 3127 Grotius

218 3163 269 3191 ro
293 3148 358 3190 ita
384 3142 607 3187 substituit
638 3143 709 3193 id,
740 3142 861 3198 quod
897 3142 1074 3185 edidere

186 3164 359 3248 lijrnest.
396 3217 496 3258 sqq.
592 3199 800 3242 Ceterum
843 3200 912 3244 ed.
954 3199 1072 3256 Spir.

186 3278 270 3322 pro
290 3272 475 3304 seueros
499 3256 571 3298 dat
594 3258 815 3301 Seuoros.

241 3332 385 3376 simul
422 3328 644 3370 aviditate
682 3326 954 3380 imperandi
988 3333 1076 3367 etc.

187 3391 238 3433 ln
276 3389 342 3432 his
384 3400 562 3446 quoque
607 3391 804 3425 veterum
856 3382 1075 3424 librorum

186 3445 486 3503 distinguendi
519 3440 739 3482 rationem
776 3440 937 3481 reduxi.
1000 3437 1075 3481 Nil

185 3505 307 3548 enim
353 3503 444 3545 sani
489 3506 553 3541 est
592 3498 636 3540 in
681 3514 728 3539 ea
773 3496 1075 3545 distinctione,

182 3577 320 3620 quani
341 3558 585 3603 obes-tinus
614 3572 638 3597 a
667 3553 920 3612 Bipoutiuis
951 3568 1075 3595 acce·

186 3626 333 3677 peratz
363 3618 549 3662 aliena:
575 3613 719 3657 simul
735 3614 954 3656 aviditate
979 3611 1071 3652 im-

1145 904 1363 962 perandi.
1418 906 1530 963 Ipsa
1553 910 1660 951 vitia
1676 925 1768 965 pro
1798 912 2044 959 virtutibus

1151 966 1589 1016 interpretabantur
1614 969 1756 1010 multi
1777 977 1860 1013 etc.
1920 969 2039 1018 Avi.-

1152 1022 1333 1063 ‹litatem
1355 1020 1605 1079 imperandi
1627 1026 1746 1068 refer
1768 1027 1820 1069 ad
1847 1042 1937 1078 eos,
1965 1027 2044 1085 qui

1151 1078 1582 1135 interpretabantur;
1615 1081 1811 1141 intellige
1841 1083 2045 1128 fautores

1152 1134 1338 1177 Vitellii.
1400 1135 1453 1182 Hi
1477 1135 1680 1190 aviditate
1703 1140 1937 1184 obtinendi
1960 1143 2042 1184 im-

1151 1194 1330 1249 perium
1365 1197 1490 1246 (nam
1521 1193 1587 1242 sic
1619 1195 1840 1253 imperare
1875 1197 2043 1242 dicun-

1152 1260 1248 1300 tur,
1280 1266 1477 1306 quorum
1513 1250 1599 1293 dux
1630 1252 1871 1311 imperimn
1899 1257 2040 1312 tenet)

1151 1308 1246 1365 ipsa
1271 1308 1376 1350 vitia
1400 1306 1570 1350 Vitellii
1603 1325 1686 1366 pro
1709 1310 1947 1356 virtutibus
1976 1311 2044 1355 in*-

1151 1366 1525 1422 terpretabantur.
1586 1368 1792 1411 Absurda
1830 1378 1895 1413 est
1926 1367 2043 1413 ratio

1151 1439 1332 1474 eorum,
1378 1423 1453 1479 qui
1489 1438 1593 1465 cum
1619 1423 1826 1469 Ernestio
1858 1427 2044 1485 aliisque

1149 1489 1351 1522 veterum
1393 1481 1688 1535 interpretum
1723 1485 1915 1527 verbum
1947 1487 2041 1527 im-

1146 1538 1359 1591 perandi
1387 1536 1613 1593 accipiunt
1649 1539 1898 1596 significatu
1936 1556 2042 1598 pas-

1150 1596 1264 1638 sivo.
1322 1593 1555 1651 Exempla,
1585 1595 1747 1652 quibus
1776 1614 1879 1641 eum
1908 1613 2043 1645 uum

1150 1652 1328 1695 student
1355 1651 1572 1708 probare.
1605 1651 1737 1696 aliam
1762 1653 1893 1712 plane
1915 1671 2043 1698 usur·

1149 1717 1254 1768 pant
1272 1709 1508 1751 rationem.
1554 1709 1676 1753 Male
1697 1711 1829 1755 etiam
1844 1708 2043 1770 Ryckius

1152 1784 1175 1810 e
1196 1766 1301 1810 MS.
1328 1768 1438 1824 Agr.
1463 1768 1632 1824 recepit
1650 1769 1940 1823 impetrandi
1957 1785 2041 1827 pro

1151 1824 1433 1882 imperandi.
1494 1823 1620 1879 Quid
1656 1827 1774 1868 enim
1801 1825 2041 1885 impetrare

1152 1889 1369 1938 cuperent
1391 1879 1476 1923 nisi
1496 1881 1772 1940 imperium?
1820 1882 1914 1926 Iam
1933 1897 2040 1927 vero

1151 1938 1310 1982 melius
1344 1938 1546 1981 dicemus
1577 1941 1854 1983 aviditatem
1891 1942 2042 1996 impe-

1149 1998 1292 2040 randi
1307 1997 1462 2038 eodem
1484 2012 1634 2039 sensu.
1695 1996 1958 2042 Gutmanno
1979 2007 2044 2042 ta·

1153 2069 1257 2095 nien
1293 2053 1435 2110 placet
1465 2053 1775 2107 impetrandi,
1815 2055 1890 2112 qui
1933 2070 2042 2100 con-

1149 2111 1365 2153 iecturam
1382 2109 1540 2166 Ryckii
1565 2126 1660 2153 esse
1684 2111 1807 2156 dicit.
1850 2114 1912 2156 At
1931 2112 2041 2158 scri·

1150 2175 1281 2226 ptura
1308 2165 1410 2210 MS.
1440 2166 1550 2226 Agr.
1585 2176 1665 2210 est.
1728 2170 1858 2213 Vitia
1886 2185 1944 2214 ne
1972 2170 2042 2214 in⁴

1151 2223 1478 2282 telligas-illam
1505 2223 1801 2270 humilitatem
1824 2226 1942 2284 apud
1964 2243 2041 2271 se-

1148 2297 1283 2327 veros
1315 2290 1391 2324 aut
1425 2275 1758 2340 dilargitioner‘n
1790 2284 1857 2327 sui
1882 2281 2039 2329 alieni.-

1149 2355 1261 2396 que,
1309 2338 1386 2381 sed
1422 2339 1620 2397 turpiora
1652 2341 1909 2396 (wirltliche
1938 2341 2039 2385 La-

1148 2398 1286 2452 ster).
1349 2394 1506 2453 Cogita
1530 2397 1585 2440 de
1608 2396 1777 2442 Vitellii
1805 2399 1922 2458 gula.

1218 2467 1361 2508 multi
1397 2466 1445 2508 in
1487 2474 1682 2523 utroque
1722 2475 1808 2514 etc.
1897 2467 2039 2516 Vetus

1148 2531 1368 2583 punctum
1390 2531 1491 2567 ante
1513 2524 1909 2571 multiOberlinus
1933 2543 2038 2572 cum

1151 2581 1328 2638 ssipont.
1354 2582 1616 2634 sustulerat,
1658 2591 1707 2627 ut
1734 2584 1957 2628 ita=rnulti
1989 2586 2038 2629 in

1148 2648 1343 2704 utroque
1399 2639 1620 2690 exercitu,
1678 2639 1796 2684 sicut
1846 2642 2038 2688 modesti

1148 2696 1406 2752 quietique,
1433 2695 1490 2738 ita
1516 2696 1620 2739 mali
1650 2706 1691 2741 et
1721 2698 1916 2750 strenui,
1946 2699 2039 2758 ipsa

1147 2753 1256 2797 vitia
1289 2768 1372 2810 pro
1402 2752 1638 2797 virtutibus
1661 2755 1940 2814 interpretati
1964 2757 2038 2800 di-

1148 2818 1376 2854 cerentur.
1437 2809 1586 2853 Miror
1608 2820 1700 2855 tam
1732 2812 1944 2871 pinguem
1965 2813 2037 2859 in·

1147 2875 1383 2925 eptarnque
1426 2867 1704 2912 locutionem
1749 2869 1855 2914 viris
1895 2870 2040 2916 doctis

1147 2922 1384 2982 placuisse.
1485 2923 1609 2981 Quid
1665 2927 1784 2970 enim
1847 2927 2039 2972 modesti

1148 2980 1372 3039 quietique
1402 2988 1443 3024 et
1474 2982 1579 3025 mali
1614 2983 1880 3042 strenuique
1907 3000 2038 3029 com.-

1147 3053 1282 3080 mune
1327 3038 1515 3081 habeant
1554 3054 1657 3084 cum
1694 3040 1770 3090 iis,
1817 3042 1894 3100 qui
1927 3043 2037 3090 vitia

1146 3111 1230 3153 pro
1248 3095 1487 3138 virtutibus
1503 3096 1927 3156 interpretabantur,
1942 3114 2036 3143 non

1148 3153 1298 3199 video,
1331 3167 1415 3196 nec
1439 3152 1546 3210 quid
1566 3153 1650 3197 sibi
1683 3154 1792 3200 velit
1813 3155 1925 3200 illud
1954 3159 2038 3201 sed

1146 3210 1201 3252 ab
1227 3208 1355 3252 initio
1378 3210 1602 3267 sequentis
1627 3210 1732 3255 loci.
1783 3211 1883 3257 Alia
1938 3212 2037 3257 lane

1147 3266 1310 3309 horum
1334 3269 1577 3310 verborum
1602 3268 1716 3312 ratio
1741 3279 1822 3314 est.
1922 3270 2037 3329 ergit

1148 3324 1311 3367 Noster
1334 3324 1378 3366 in
1407 3324 1702 3368 describendo
1730 3325 1884 3370 habitu
1909 3343 2034 3370 exer-

1149 3380 1336 3423 cituum.
1398 3381 1518 3423 Mali
1544 3390 1836 3440 opponuntur
1861 3386 2036 3440 quietis,

1146 3439 1331 3480 stra-mi
1361 3441 1594 3484 modestis.
1673 3439 1904 3484 Sententia
1946 3450 2034 3486 est:

1148 3495 1183 3537 is
1241 3495 1420 3549 quidem
1474 3495 1661 3540 omnino
1713 3505 1807 3542 erat
1859 3495 2036 3544 habitus

1147 3551 1379 3609 utriusque
1401 3553 1639 3602 exercitus,
1670 3561 1718 3596 ut
1737 3553 1854 3598 inter
1868 3557 2036 3602 multos

1148 3607 1321 3664 quietos
1347 3609 1408 3665 (h.
1432 3626 1469 3653 e.
1494 3610 1570 3668 qui
1592 3626 1665 3655 res
1684 3625 1820 3656 novas
1841 3627 1937 3658 non
1960 3629 2036 3659 cu·
