2138 4030
1776 279 1826 315 Α.
1840 277 1995 317 [mm.

222 280 348 344 418
799 277 1509 342 HISTORIARUM
2032 360 2066 391 m

227 412 490 470 tionibus
511 412 782 485 famosos»
867 409 1242 466 Sariolenum
1267 420 1323 468 et
1334 427 1542 468 'recens
1565 408 1784 470 crimen
1811 401 2078 487 urgebat,

229 499 391 575 quod
426 497 584 573 apud
607 493 917 552 Vitellium
952 493 1198 550 molitus
1233 496 1435 552 eadem
1466 498 1638 555 foret.
1722 515 1832 553 nec
1857 492 2080 556 destitit

227 593 462 640 senatus
494 599 706 638 manus
740 580 1030 635 intentare
1067 576 1360 649 Voculae,
1416 583 1603 638 donec
1641 581 1802 638 curia
1839 584 2082 657 excede-

229 679 336 728 ret.
435 662 533 724 Ad
564 665 834 723 Pactium
871 659 1223 720 Africanum
1273 666 1616 739 transgressi
1667 678 1803 722 eum
1842 683 2080 744 quoque

226 753 608 828 proturbant,
650 763 935 824 tanquam
959 745 1185 804 Neroni
1210 748 1555 808 Scribonios
1588 752 1798 807 fratres
1831 771 2080 809 concor-

229 839 326 895 dia
353 838 681 913 opibusque
710 832 968 907 insignes
999 834 1074 888 ad
1101 834 1342 890 exitium
1369 836 1829 894 monstravisse‘t.
1914 830 2082 894 Afri-

229 943 408 980 canus
448 940 640 998 neque
677 919 848 974 fateri
886 918 1142 975 audebat
1179 939 1372 994 neque
1410 921 1668 977 abnuere
1706 932 1964 996 poterat:
2015 921 2080 978 in

229 1007 478 1065 Vibium
520 1004 827 1079 Crispum,
881 1002 1047 1060 cuius
1096 1003 1449 1077 fatigabatur
1498 1006 2082 1079 interrogationibUS,

225 1095 382 1151 ultro
411 1108 726 1149 conversus
749 1087 1051 1145 miscendo
1075 1109 1222 1165 quae
1249 1090 1564 1147 defendere
1587 1091 1870 1168 nequibat
1895 1092 2082 1149 socie-

226 1190 342 1236 tate
367 1178 570 1251 culpae
593 1173 884 1230 invidiam
913 1173 1250 1233 declinavit.
1434 1246 1442 1252 ³

398 1258 587 1319 XLII.
643 1257 926 1331 Magnam
968 1279 1034 1315 eo
1071 1259 1165 1315 die
1199 1259 1434 1334 pietatis
1471 1258 1958 1337 eloquentiaeque
1992 1261 2083 1319 fa-

224 1368 381 1405 mam
408 1345 733 1422 Vipstanus
759 1342 1033 1400 Messalla
1062 1346 1304 1419 adeptus
1335 1357 1448 1414 est,
1491 1347 1761 1402 nondum
1790 1346 2080 1404 senatoria

224 1445 409 1491 aetate
447 1450 624 1488 ausus
661 1450 769 1506 pro
807 1430 987 1486 fratre
1016 1425 1260 1507 Aquilio
1288 1428 1519 1503 Regulo
1554 1431 1874 1506 deprecari.

281 1592 326 1629 et
346 1598 521 1628 recens.
583 1581 666 1626 Ed.
689 1579 808 1640 Spir.
832 1579 1019 1639 negligit
1038 1597 1117 1626 co-

223 1643 377 1703 pulam
401 1649 459 1685 et.

281 1702 490 1754 urgebat.
557 1697 663 1741 MS.
687 1695 810 1739 Flor.
843 1696 958 1751 (test.
983 1695 1120 1752 Vict.)

220 1758 472 1812 urguebat,
504 1756 567 1799 uti
592 1755 722 1798 solet.
783 1753 891 1796 Mox
917 1754 1119 1811 ed.Spir.

221 1819 348 1873 quod
373 1814 616 1858 Vitelliani
637 1815 800 1854 eadem
830 1812 1020 1854 molitus
1030 1812 1115 1868 fo-

219 1881 292 1916 ret
311 1872 493 1928 (omissa
519 1868 852 1929 praepositione
880 1871 1043 1926 apud).

278 1929 472 1974 destitit.
541 1928 626 1971 Ed.
661 1926 783 1983 Spir.
815 1927 1020 1982 desistit,
1075 1936 1119 1971 et

221 2005 324 2033 mox
347 1988 473 2048 curig
497 2002 579 2045 pro
604 1987 748 2029 curia.

273 2049 579 2100 proturbant.
622 2041 755 2086 MSS.
772 2041 887 2084 Bud.
910 2049 953 2084 et
966 2040 1120 2086 Guelf.

215 2104 517 2157 perturbant.
586 2100 827 2143 Nimirum·
852 2099 1120 2157 compendia

220 2174 456 2229 ,pturbant
490 2171 552 2226 (h.
575 2189 615 2215 e.
640 2174 782 2228 pert.)
816 2180 857 2214 et
887 2174 1120 2224 pturbant

220 2231 282 2285 (h.
299 2247 337 2273 e.
355 2229 500 2284 prot.)
525 2228 658 2273 facile
682 2237 1015 2287 permutantur.
1059 2227 1118 2270 cf.

219 2296 316 2331 not.
341 2287 396 2330 ad
419 2286 508 2331 An.
535 2288 602 2336 11,
626 2288 669 2331 8.

278 2343 549 2409 Scribogn'os
579 2346 780 2402 fratres.
863 2343 939 2386 Sic
979 2340 1118 2384 MSS.

220 2401 345 2446 Flor.
369 2404 484 2457 (test.
511 2401 602 2446 lac.
626 2401 854 2457 Gronov.)
875 2401 981 2456 Reg.
1003 2399 1118 2441 Bud.

220 2459 333 2518 Agr.
364 2460 466 2503 edd.
490 2458 607 2517 Spir.
632 2459 776 2518 Ryclx.
802 2459 889 2502 lac.
912 2457 1116 2501 Gronov.

215 2533 329 2619 ἥς]
351 2541 408 2617 -1-3-
443 2515 795 2617 ‘ltls'cfiboniiadnolg⁸
818 2515 953 2616 MSssJ‘I.
968 2512 1118 2614 GioeVfi

217 2591 343 2678 1321ss
375 2591 501 2687 (αἶψ’
544 2592 690 2675 silai..
726 2582 871 2687 ’νῑὲιῖᾆ
916 2588 1013 2688 5(ὶᾷ
1061 2602 1115 2671 ad

218 2689 458 2748 Ryekium.
492 2689 551 2734 cf.
573 2692 660 2733 An.
681 2688 828 2741 13‚48.
861 2685 1113 2746 xiphil.63,

226 2750 427 2861 17neque
488 2807 693 2849 abtmere
743 2810 951 2857 poterat.
1042 2801 1119 2845 Sic

220 2863 353 2906 MSS.
380 2863 500 2906 Flor.
525 2866 642 2917 (test.
667 2862 806 2916 vict.)
831 2860 976 2905 Vatie.
1001 2861 1116 2914 (test.

219 2919 363 2978 Lips..)
408 2919 557 2964 Guelf.
586 2920 706 2964 «edd.
743 2919 858 2975 Spir.
906 2918 1009 2960 Put.
1050 2916 1118 2960 Μ.

219 2977 337 3034 Lips.
353 2977 471 3031 (iude
493 2979 545 3021 ab
563 2992 683 3021 anno
701 2973 1124 3032 1574.)Pic.h.G1-ut.

221 3050 320 3090 sqq.
371 3061 428 3068 -
507 3035 623 3078 Edd.
668 3034 767 3077 Put.
814 3034 867 3075 V.
907 3032 1120 3076 Beroald.

217 3089 324 3140 Ale.
355 3092 499 3134 Rhen.
535 3091 644 3136 Ald.
681 3090 853 3149 Micyll.
905 3090 1117 3132 omittunt

216 3155 431 3204 poterat,
476 3149 561 3191 nisi
593 3147 754 3200 fallor,
797 3147 924 3207 lapsu
961 3163 1114 3206 opera·

221 3220 322 3249 rum
356 3207 647 3249 Venetarum.

282 3263 466 3306 Vibium
519 3264 747 3317 Crispum.
839 3262 939 3306 MS.
999 3261 1113 3304 Bud.

223 3321 420 3364 Urbium
456 3320 697 3373 scripsum.
769 3320 850 3363 Ed.
887 3319 1002 3378 Spir.
1030 3319 1113 3362 Iu-

219 3380 344 3420 bium
379 3377 611 3431 Crispum.
682 3378 766 3421 Ed.
799 3377 899 3420 Alc.
934 3378 1115 3419 Vibium

221 3435 464 3490 Cri-epium.
524 3433 768 3492 Vulgatum
804 3443 988 3477 tuentur
1012 3434 1116 3478 MS.

218 3491 373 3535 Guelf.
403 3492 505 3535 edd.
537 3490 638 3535 Put.
669 3493 733 3535 M.
760 3501 801 3534 et
826 3491 880 3533 V.
905 3492 1111 3536 Beroald.

220 3559 347 3604 (cuni
370 3549 514 3592 silent.
540 3548 682 3603 vict.)
705 3548 845 3591 Rhen.
868 3565 966 3607 sqq.

275 3607 402 3650 cuius
411 3607 712 3664 fatigabatur
728 3607 1110 3660 interrogationi-

1959 1430 2084 1490 Re-

1191 1583 1291 1626 bus.
1361 1580 1437 1624 Sic
1467 1579 1604 1625 MSS.
1626 1578 1780 1624 Guelf.
1799 1579 1925 1624 Harl.
1951 1579 2085 1625 Bodl.

1192 1639 1276 1682 Ies.
1303 1639 1382 1692 (ibi
1407 1647 1470 1680 est
1480 1638 1746 1693 fatigatur)
1766 1637 1868 1682 edd.
1893 1637 2080 1682 Put.M.

1191 1705 1232 1740 et
1269 1698 1324 1740 V.
1355 1694 1563 1739 Beroald.
1605 1696 1731 1750 (cum
1760 1690 1907 1740 silent.
1941 1694 2083 1752 Vici.)

1190 1753 1292 1797 Alc.
1345 1777 1392 1785 --
1480 1755 1607 1795 cuius
1649 1754 2085 1807 interrogationibus

1175 1812 1485 1868 fatigabatur
1508 1810 1610 1855 edd.
1627 1809 1830 1855 Rhenan.
1853 1809 1961 1854 Ald.
1982 1825 2084 1868 sqq.

1190 1869 1275 1913 Sed
1301 1885 1394 1912 non
1419 1867 1568 1918 video,
1607 1882 1689 1912 cur
1711 1866 1938 1925 displiceat
1958 1875 2085 1912 vetus

1189 1928 1438 1971 verborum
1460 1925 1598 1977 ordo:
1624 1940 1759 1982 quare
1777 1941 1878 1968 eum
1897 1924 2085 1969 restitui.

1192 1984 1276 2028 Ed.
1307 1984 1424 2042 Spir.
1461 1984 1587 2026 cuius
1627 1983 2081 2038 interrogationibus

1176 2043 1490 2098 fatigaretur.
1563 2041 1623 2083 At
1662 2039 1813 2083 nullus
1851 2039 1924 2083 hic
1955 2039 2083 2084 locus

1190 2099 1408 2157 optativo:
1423 2115 1526 2140 nam
1545 2096 1806 2155 exprimitur
1821 2097 2081 2141 membrum

1189 2173 1268 2214 per
1305 2173 1351 2198 se
1394 2164 1630 2207 constans,
1683 2170 1830 2212 neque
1862 2153 1910 2197 in
1933 2170 1987 2197 eo
2018 2163 2087 2198 est

1189 2213 1406 2270 scriptor,
1439 2221 1487 2254 ut
1512 2212 1760 2258 accuratius
1782 2211 2001 2268 significet
2025 2212 2082 2255 il-

1188 2271 1282 2314 lum
1330 2269 1508 2313 Vibium
1557 2269 1796 2326 Crispum,
1854 2269 1902 2312 in
1944 2284 2081 2326 quem

1190 2327 1429 2371 Africanus
1463 2340 1708 2369 conversus
1737 2333 1826 2375 est,
1863 2327 1988 2384 quasi
2011 2326 2084 2370 hic

1191 2384 1350 2427 Vibius
1377 2383 1559 2441 Crispus
1582 2383 1638 2426 sit
1672 2381 1994 2433 discernendus
2027 2383 2082 2426 ab

1190 2443 1285 2486 aliis
1311 2441 1459 2485 Vibiis
1485 2440 1669 2499 Crispis.

1250 2511 1362 2555 CAP.
1395 2510 1466 2555 42.
1530 2513 1807 2566 Vipstanus.
1866 2508 1943 2554 Sic.
1979 2509 2082 2554 edd.

1189 2569 1329 2618 vak.
1361 2570 1535 2614 Ernest.
1573 2583 1670 2627 sqq.
1712 2591 1772 2600 —
1843 2567 2083 2620 Vipsanas

1190 2626 1290 2670 MS.
1316 2626 1465 2669 Guelf.
1495 2627 1597 2670 edd.
1624 2627 1724 2670 Put.
1748 2625 1817 2668 M.
1841 2634 1885 2668 et
1901 2625 1953 2668 V.
1975 2626 2078 2668 Ber.

1187 2688 1310 2739 (cum
1339 2684 1486 2727 silent.
1514 2684 1649 2740 Vict.)
1672 2699 1771 2740 sqq.
1804 2681 1859 2724 ad
1881 2681 2081 2738 Lipsium

1185 2751 1227 2785 et
1249 2751 1400 2800 postea
1418 2744 1503 2785 lac.
1522 2740 1797 2785 Gronovius.
1818 2766 1875 2775 --
1907 2739 2082 2791 Vipsa-

1777 320 1993 371 A.C.g71.
2042 353 2047 359 ,
2101 335 2120 345 κ

1188 2814 1294 2841 mus
1317 2800 1417 2842 edd.
1436 2798 1548 2857 Lips.
1573 2814 1673 2856 sqq.
1693 2798 1747 2841 ad
1763 2796 2003 2896 Rdyclxium.
2023 2820 2083 2830 -
2108 2823 2112 2826 -

1758 2870 1780 2895 e
1819 2883 1830 2895 .

1192 2858 1427 2907 Viptanus
1465 2857 1569 2901 MS.
1602 2856 1717 2899 Bud.
1863 2853 1984 2912 Spir.
2023 2878 2081 2890 --

1194 2915 1244 2957 V
1239 2914 1470 2967 [pstanius
1491 2915 1558 2957 ed.
1581 2910 1787 2957 Broterii.
1819 2909 1881 2955 cf.
1906 2919 2004 2955 not.
2023 2911 2081 2956 ad

1191 2972 1305 3014 Hist.
1328 2971 1369 3019 3,
1393 2971 1435 3014 9.
1462 2980 1503 3015 et
1531 2973 1617 3016 An.
1645 2971 1709 3018 14,
1735 2972 1775 3013 1.
1860 3000 1870 3005 --

1248 3029 1487 3072 Messalla.
1547 3030 1623 3072 Sic
1655 3025 1757 3071 MS.
1789 3025 1945 3070 Guelf.
1978 3025 2080 3069 edd.

1192 3087 1294 3129 Put.
1337 3085 1547 3131 Beroald.
1591 3088 1711 3141 (cum
1749 3084 1897 3128 silent.
1939 3084 2079 3138 Vici.)

1190 3145 1307 3202 Lips.
1339 3159 1436 3201 sqq.
1476 3168 1533 3176 —
1590 3143 1796 3186 Messala
1830 3141 1930 3184 edd.
1959 3140 2078 3199 Spir.

1188 3202 1290 3246 Ale.
1319 3200 1458 3244 Rhen.
1491 3200 1623 3251 Ald.,
1661 3200 1715 3243 de
1751 3214 1836 3256 qua
1868 3199 2079 3242 varietate

1185 3261 1231 3359 ἔτι
1253 3258 1566 3360 guggrioribus
1588 3257 1740 3357 lilarist,
1771 3264 1820 3298 ut
1843 3256 1897 3354 ad
1920 3255 2011 3299 An.
2039 3257 2076 3303 1,

1217 3350 1228 3361 .
1283 3349 1292 3364 ‚
1377 3348 1411 3364 .,
1435 3332 1506 3358 sae
1541 3331 1607 3359 ius
1665 3330 1704 3357 ic
1727 3329 1803 3356 um
1827 3329 1906 3357 es.

1244 3377 1441 3428 adeptus
1465 3332 1555 3422 esic),
1596 3375 1807 3414 nondum
1838 3371 2078 3416 senatoria

1187 3439 1361 3474 aetate.
1429 3429 1517 3472 Ed.
1546 3429 1664 3485 Spir.
1711 3431 1908 3480 adeptus
1949 3440 2072 3469 non·

1186 3495 1299 3532 dum
1319 3488 1609 3530 senatoriam
1629 3493 1854 3529 aetatem.

1239 3546 1426 3603 Aquilio
1457 3545 1653 3600 Regale.
1724 3541 1783 3586 ef.
1817 3541 1938 3585 Plin-
1973 3556 2073 3599 epp.

1182 3607 1220 3653 1,
1247 3604 1286 3647 5.
1320 3603 1362 3654 Ξ,
1384 3603 1455 3646 ΞΟ.
1489 3602 1529 3654 4,
1550 3603 1591 3645 2.
1621 3602 1663 3653 6,
1687 3601 1732 3644 2.

2097 3688 2138 3714 ae‘
