2138 4030
154 270 205 305 A,
225 266 281 306 U.
297 265 380 302 823.

154 312 274 349 Μ,
319 312 383 349 70,
576 265 749 330 Lm.
786 264 864 328 11.
941 233 1136 325 cip,
1179 262 1412 326 77.78.
1799 218 1965 324 2234

72 402 413 472 „exercitus
459 416 626 471 rege,
694 389 846 450 mihi
903 394 1128 451 bellum
1182 403 1240 450 et
1291 391 1652 468 proeliorum
1704 393 1928 453 incerta

0 489 9 550 ἶ,
71 489 300 556 „trade.
398 479 646 541 Acriore
682 477 862 537 hodie
908 479 1222 554 disciplina
1265 477 1408 535 victi
1455 497 1632 553 quam
1677 480 1926 536 victores

0 595 3 602 ²
74 582 323 644 „agunt.
423 565 533 624 hos
574 568 690 634 ira,
733 565 968 634 odium,
1011 563 1258 620 ultionis
1295 561 1587 637 cupiditas
1625 563 1699 618 ad
1735 564 1926 621 virtu-

71 669 237 725 „tem
266 648 559 719 accendit:
623 651 714 706 illi
750 669 855 725 per
893 649 1197 707 fastidium
1241 658 1298 705 et
1349 646 1780 704 contumaciam
1818 646 1926 705 he-

9 727 14 742 ’
74 743 383 810 „bescunt.
480 736 702 811 aperiet
741 746 798 792 et
828 734 1092 791 recludet
1129 743 1391 790 contecta
1441 743 1499 809 et
1545 735 1927 790 tumescentia

70 824 451 896 „victricium
490 821 749 897 partium
788 820 1036 876 vulnera
1076 818 1299 876 bellum
1331 816 1543 892 ipsum.
1635 836 1744 872 nec
1777 815 1929 874 mihi

70 910 309 980 „maior
339 910 404 964 in
440 919 542 964 tua
577 905 917 978 vigilantia,
957 903 1354 979 parcimonia,
1398 901 1682 977 sapientia
1716 901 1930 959 fiducia

71 1006 235 1064 ,‚est‚
278 1013 455 1070 quam
490 993 557 1068 in,
590 989 820 1047 Vitellii
858 1000 1127 1065 torpore,
1164 988 1428 1057 inscitia,
1481 987 1742 1046 saevitia.
1815 989 1929 1067 ,sed

70 1091 173 1150 „et
211 1080 518 1138 meliorem
554 1076 621 1131 in
656 1076 814 1132 bello
853 1092 1087 1131 causam
1122 1093 1300 1149 quam
1339 1073 1586 1149 inpane
1625 1068 1929 1132 habemus,

2 1166 8 1242 'v
76 1186 261 1235 „uam
287 1165 391 1240 qui
422 1163 782 1230 deliberant,
827 1155 1249 1217 desciverunt.”

239 1255 578 1317 LXXVIII.
663 1255 804 1313 Post
829 1254 1099 1312 Muciani
1136 1252 1466 1310 orationem
1501 1254 1678 1311 ceteri
1701 1255 1928 1312 auden-

72 1347 187 1402 tius
222 1344 674 1410 circumsistere,
717 1337 972 1410 hortari,
1026 1358 1304 1414 responsa
1338 1350 1541 1395 vatum
1578 1350 1634 1396 et
1667 1340 1927 1398 siderum

72 1443 268 1488 motus
299 1429 536 1486 referre.
631 1447 739 1482 nec
778 1435 902 1481 erat
942 1426 1195 1483 intactus
1229 1423 1337 1481 tali
1369 1424 1812 1499 superstitione,
1862 1437 1930 1484 ut

73 1516 178 1592 qui
206 1534 344 1570 mox
378 1532 580 1569 rerum
619 1510 898 1567 dominus
923 1509 1236 1567 Seleucum
1270 1510 1568 1586 quendam
1601 1506 1928 1567 mathema-

72 1602 254 1657 ticum
288 1609 574 1655 rectorem
608 1607 663 1653 et
688 1595 1014 1671 praescium
1053 1595 1251 1671 palam
1285 1591 1578 1654 habuerit.

985 1699 1289 1756 cupressus
1312 1680 1490 1736 arbor
1514 1679 1580 1735 in
1608 1681 1762 1754 agris
1787 1681 1931 1752 eim,

4 1672 11 1734 's'
69 1687 213 1742 hant
242 1684 440 1742 animo
464 1693 656 1739 vetera
684 1681 904 1742 omina.

72 1936 179 1974 runt
189 1926 419 1989 Bipontini
438 1937 482 1973 et
492 1927 682 1971 Bekker.
695 1958 706 1975 ‚
729 1942 821 1970 non
836 1923 966 1969 video

74 2005 159 2046 qua
187 1987 464 2031 necessitate.
528 1986 692 2029 Obstat
721 1999 965 2029 consensus

9 2080 13 2086 ,
73 2054 182 2091 vett.
210 2044 445 2088 librorum.

129 2110 179 2144 tu
202 2105 288 2144 hos
307 2101 564 2144 exercitus.
625 2099 702 2143 Sic
733 2098 836 2142 edd.
858 2098 960 2141 Put.

4 2188 12 2212 ς
71 2159 280 2203 Beroald.
312 2159 435 2213 (cum
466 2157 536 2200 sil.
564 2156 700 2212 Vict.)
738 2156 835 2199 Alc.
860 2169 959 2213 sqq.

6 2224 14 2248 ἲ
69 2245 128 2269 ..-
157 2224 263 2258 tuos
285 2217 518 2257 exercitus
539 2214 674 2258 MSS.
696 2213 811 2256 Bud.
836 2211 960 2257 Harl.

71 2275 155 2318 les.
179 2271 330 2316 Guelf.
354 2271 489 2316 Corb.
514 2272 583 2314 ed.
605 2271 721 2328 Spir.
746 2298 806 2307 -
851 2270 963 2313 Ron

70 2331 173 2375 MS.
215 2329 371 2373 Guelf.
410 2332 458 2371 z'n
503 2331 674 2371 bellum
716 2344 802 2386 pro
843 2328 969 2370 mihi

70 2391 264 2438 bellum,
294 2395 338 2429 et
371 2387 474 2430 dein
503 2389 673 2428 tradde
695 2400 779 2443 pro
804 2388 961 2429 trade.

125 2449 210 2488 hos
240 2447 342 2492 ira,
379 2445 561 2486 odium.
622 2442 705 2486 Ed.
725 2441 846 2500 Spir.
873 2444 964 2484 bos

69 2505 215 2547 irael
239 2502 414 2543 odium.
482 2501 551 2543 De
586 2500 962 2558 pronominibust

20 2586 27 2595 s
62 2565 154 2616 ,hos
191 2591 206 2604 .
231 2591 243 2603 .
269 2588 282 2602 .
305 2588 319 2602 .
352 2559 423 2601 illi
459 2558 548 2601 vid.
583 2566 679 2600 not.
711 2558 765 2600 ad
798 2559 889 2600 An.
919 2558 963 2608 2,

127 2683 336 2718 contecta
377 2682 422 2717 et
459 2674 763 2716 tumescentia
799 2671 960 2714 victri-

0 2732 24 2767 ᾖ
73 2734 190 2777 cium
216 2734 428 2789 partium
461 2734 676 2773 vulnera.
751 2729 850 2771 Hoc
881 2744 961 2771 or-

40 2791 175 2834 ‘dine
223 2791 358 2832 verba
418 2796 523 2831 sunt
572 2787 618 2829 in
661 2786 795 2830 MSS.
836 2785 961 2830 Flor-

72 2848 188 2903 (test.
213 2846 357 2902 Pich.)
389 2845 527 2890 Corh.
557 2844 674 2888 Bud.
709 2845 810 2887 edd.
836 2843 960 2901 Spir-

71 2904 196 2950 Pich.
239 2905 458 2961 Bernegg.
494 2917 591 2959 sqq.
622 2930 681 2938 --
752 2908 960 2948 contecta

71 2962 326 3004 victricium
365 2962 578 3015 partium
615 2967 659 3000 et
694 2967 956 3001 tumescen-

32 3014 36 3018 ’
68 3027 138 3061 tza
167 3022 362 3061 vulnera
391 3018 526 3060 MSS.
551 3016 672 3063 Harl.
705 3013 836 3058 Boffl.
870 3015 956 3058 les.

73 3076 223 3119 Guetf.
247 3075 347 3117 edd.
368 3075 471 3117 Put.
495 3072 704 3117 Beroald.
741 3074 862 3128 (cum
884 3071 956 3115 sil.

15 3154 22 3187 3
72 3132 207 3189 Vici.)
231 3147 329 3189 sqq.
363 3131 416 3174 ad
440 3131 697 3174 Picbenam.
770 3129 823 3171 ln
853 3129 957 3173 edd.

17 3194 26 3205 ’
72 3189 186 3248 Lips.
220 3189 399 3244 (1607.)
431 3196 474 3230 et
509 3187 640 3231 Grut.
674 3186 838 3247 legitur
878 3194 959 3228 tu-

0 3253 38 3272 ἓ·
70 3248 347 3291 mescentiae
379 3261 402 3288 e
438 3245 542 3288 vitio
573 3253 775 3303 typogr„
804 3251 854 3287 ut
887 3246 959 3288 vi-

73 3304 218 3348 detur.

121 3361 433 3415 parcimonia.
495 3358 593 3401 Hoc
622 3358 771 3416 Lipsio
805 3373 959 3418 suspe-

4 3463 10 3474 β
71 3425 207 3460 ctum.
286 3418 462 3475 Nescit,
512 3431 595 3458 cur
626 3415 868 3459 Mucianus
909 3415 957 3460 in

23 3477 356 3533 -ὶζρανειίηοηιά
389 3473 600 3516 fiduciam
634 3473 742 3515 boni
769 3481 957 3518 eventus

50 3530 288 3581 collocet,
333 3547 416 3575 nec
451 3530 682 3588 quomodo
716 3529 848 3588 digna
885 3529 956 3582 sit,

27 3588 31 3597 '
67 3600 178 3643 quae
207 3588 262 3631 ad
296 3588 532 3646 imperium
573 3586 722 3631 ducat.
787 3587 954 3631 Verum

1394 1821 1416 1831 r

1036 1935 1102 1971 est
1132 1943 1266 1986 quam
1295 1927 1510 1980 maxime,
1558 1926 1840 1984 potissimum
1880 1926 1928 1971 in

1037 1984 1115 2028 tali
1138 1985 1216 2043 qui
1241 1994 1334 2030 tum
1359 1994 1454 2029 erat
1475 1984 1653 2042 imperii
1675 1992 1807 2029 statu„
1866 1984 1926 2030 cf.

1033 2042 1250 2100 Xiphilin.
1282 2039 1352 2094 65,
1376 2043 1417 2087 9.
1450 2043 1664 2098 συνέλεγε
1689 2038 1926 2102 χρήματα,

1035 2099 1103 2142 ὡν
1148 2115 1242 2143 που
1282 2102 1360 2142 καὶ
1409 2102 1464 2142 τὰ
1511 2096 1714 2153 μάλιστα
1756 2100 1927 2158 ἔχρῃζε.

1035 2156 1200 2200 Noster
1234 2157 1343 2201 infr.
1381 2157 1524 2201 05'84.
1561 2172 1638 2200 eos
1680 2172 1778 2200 esse
1820 2158 1932 2200 belli

1033 2215 1174 2257 civilis
1215 2229 1397 2257 nervos.
1476 2215 1533 2258 Et
1571 2214 1813 2258 Mucianus
1855 2213 1932 2260 hic

1033 2272 1222 2317 vii-tutes
1252 2272 1449 2332 singulas
1480 2289 1572 2315 non
1608 2272 1800 2330 opponit
1829 2273 1930 2315 sin-

1035 2329 1149 2387 gulis
1180 2329 1322 2380 vitiis,
1353 2331 1430 2374 sed
1463 2330 1512 2373 in
1548 2330 1810 2372 universum
1843 2329 1928 2373 sibi

1034 2386 1133 2430 vult
1165 2402 1259 2431 non
1293 2387 1377 2431 sibi
1415 2388 1634 2431 maiorem
1673 2386 1722 2429 in
1753 2387 1926 2444 Vespa-

1032 2443 1144 2487 siani
1167 2444 1410 2487 virtutibus
1438 2445 1646 2488 fiduciam
1674 2459 1767 2487 esse
1795 2459 1930 2500 quam

1032 2501 1080 2543 in
1104 2499 1271 2544 Vitellii
1302 2502 1434 2546 vitiis.
1507 2501 1720 2545 oratorie
1753 2502 1926 2559 singula

1033 2557 1197 2606 laudat,
1222 2558 1384 2615 quibus
1404 2567 1594 2617 uterque
1611 2566 1703 2602 erat
1723 2558 1928 2604 eximius.

1032 2615 1276 2672 Rupertius
1298 2615 1417 2659 haud
1442 2617 1590 2674 inepte
1617 2630 1702 2672 pro
1725 2616 1926 2659 saevitia

1035 2671 1201 2715 Vitellii
1225 2672 1451 2715 substituit
1469 2672 1653 2726 sagina,
1686 2681 1733 2715 ut
1754 2674 1813 2716 ita
1835 2672 1926 2716 sin·

1033 2729 1134 2786 gula
1161 2729 1344 2785 singulis
1370 2731 1687 2787 respondeant.
1747 2730 1808 2772 At
1826 2737 1926 2774 tum

1032 2788 1272 2841 sapientia
1299 2787 1432 2831 etiam
1466 2787 1549 2829 erit
1579 2786 1789 2844 ponenda
1820 2795 1924 2841 ante

1028 2844 1392 2898 parcimoniam.
1432 2867 1491 2876 —
1561 2843 1671 2886 Mox
1702 2843 1774 2888 ed.
1800 2843 1922 2904 Spir.

1031 2916 1128 2943 non
1149 2900 1279 2944 habet
1300 2909 1345 2943 et
1365 2909 1467 2944 ante
1487 2903 1744 2944 meliorem.

1089 2958 1202 3002 CAP.
1231 2958 1301 3001 78.
1370 2957 1632 3002 audentius.
1704 2958 1780 3003 Sic
1815 2958 1921 3003 MS.

1032 3013 1184 3059 Guelf.
1208 3016 1308 3059 edd.
1330 3014 1447 3072 Spir.
1473 3015 1577 3059 Put.
1600 3031 1620 3058 s
1686 3047 1698 3059 .
1729 3039 1787 3049 —
1831 3032 1921 3059 au-

1029 3075 1230 3116 dientius
1251 3071 1352 3116 MS.
1365 3073 1402 3115 F
1404 3073 1490 3116 lor.
1512 3075 1628 3129 (test.
1686 3074 1804 3129 ict.)‚
1829 3075 1921 3118 vul-

1030 3130 1122 3187 gari
1147 3130 1274 3173 vitio.
1329 3130 1388 3174 ef.
1411 3139 1509 3174 not.
1534 3130 1588 3173 ad
1610 3130 1722 3176 Hist.
1751 3131 1922 3180 1‚6.—

1028 3189 1314 3229 audientium
1336 3186 1440 3232 MS.
1465 3187 1580 3232 Bud.

1088 3253 1252 3287 vetera
1285 3246 1460 3290 omina.
1536 3245 1610 3288 Sic
1649 3244 1753 3289 MS.
1795 3246 1918 3291 Flor.

1028 3301 1147 3356 (test.
1172 3301 1289 3345 vict.
1323 3316 1430 3345 cum
1455 3301 1601 3359 Pich.)
1635 3305 1736 3346 edd.
1771 3303 1916 3347 Rhen.

1030 3358 1135 3401 Ald.
1149 3358 1325 3416 Micyll.
1339 3357 1475 3418 Lipsii
1488 3361 1774 3418 posteriores,
1795 3362 1917 3405 Pich.

1030 3413 1216 3459 Gruter.
1240 3431 1291 3473 sq
1327 3446 1338 3458 .
1359 3444 1419 3467 -‚-
1467 3423 1629 3460 vetera
1659 3420 1818 3460 omnia
1850 3434 1919 3462 ce-

1029 3472 1112 3515 teri
1146 3471 1280 3516 codd.
1367 3473 1447 3518 SS.
1478 3483 1521 3518 et
1550 3473 1650 3516 edd.
1682 3483 1783 3517 ante
1806 3473 1920 3517 Rhe·

1027 3545 1195 3573 nanum
1219 3545 1323 3573 cum
1337 3531 1472 3588 Lipsii
1493 3530 1653 3591 prima.
1709 3532 1755 3573 In
1769 3530 1919 3575 Guelf.

1027 3595 1070 3629 et
1102 3585 1174 3631 hie
1205 3595 1338 3632 exstat
1361 3592 1456 3632 οἷα.
1518 3588 1579 3634 cf.
1608 3595 1700 3632 not.
1729 3588 1783 3632 ad
1805 3588 1918 3633 Hist.

1663 1615 1930 1653 recursa-
1992 1591 2009 1602 ⁶
