2138 4030
232 221 335 259 Aru
359 220 444 256 823.

227 267 276 302 Α.
297 266 342 301 C.
385 266 442 300 70.

677 221 849 283 LIB.
882 221 990 284 111.
1070 220 1264 284 CAP.
1305 221 1358 283 8.
1402 223 1458 284 9.
1870 231 1997 290 263

67 421 75 425 ,
139 357 422 415 exercitus
455 373 562 430 per
593 349 861 410 Raetiam
899 349 1194 428 Iuliasque
1232 346 1445 426 Alpes,
1498 373 1563 408 ac
1605 374 1678 409 ne
1721 355 1993 430 pervium,

53 435 62 446 ⁸
136 443 240 516 illa
287 437 656 498 Germanicis
709 436 1055 493 exercitibus
1102 438 1280 504 foret,
1348 437 1695 511 obsepserat.
1820 438 1991 513 Quae

137 527 340 601 ignara
365 522 727 598 Vespasiano
756 532 857 576 aut
877 521 1083 577 vetita:
1128 521 1344 596 quippe
1369 517 1678 597 Aquileiae
1703 524 1827 580 sisti
1860 526 1989 582 bel—

133 607 258 669 lum
294 606 724 684 exspectarique
749 603 1098 662 Mucianum
1130 606 1376 662 =iubebat
1409 606 1832 683 adiiciebatque
1874 608 1989 665 im-

136 697 299 772 perio
355 693 698 760 consilium,
755 691 992 766 quando
1032 686 1363 767 Aegyptus²
1416 691 1665 747 claustra
1700 712 1986 765 annonae,

131 779 434 854 vectigalia
469 774 1048 851 opulentissimarum
1092 775 1537 850 provinciarum.
1562 776 1985 848 obtinerentur,

0 921 1 937 ¹
46 924 50 931 ,
129 886 296 942 posse
335 860 566 919 Vitellii
606 859 920 917 exercitum
969 871 1214 932 egestate
1261 860 1537 939 stipendii
1589 861 1986 938 frumentique

131 952 203 1007 ad
249 944 621 1007 deditionem*
647 944 856 1017 subigi.
945 946 1145 1000 eadem
1169 943 1484 1001 Mucianus
1523 946 1740 1001 crebris
1768 947 1986 1021 episto-

129 1036 203 1093 lis
233 1034 542 1099 monebat,
594 1031 960 1086 incruentam
998 1041 1052 1085 et
1088 1029 1211 1098 sine
1246 1029 1410 1086 luctu
1444 1029 1749 1087 victoriam
1790 1043 1847 1088 et
1869 1032 1984 1088 alia

130 1117 538 1177 huiuscemodi
561 1115 972 1190 praetexendo‚
1012 1115 1108 1169 sed
1140 1114 1358 1187 gloriae
1383 1115 1590 1171 avidus
1613 1127 1789 1191 atque
1809 1137 1983 1178 omne

130 1207 274 1262 belli
300 1206 474 1260 decus
498 1201 611 1257 sibi
641 1199 918 1257 retinens,
1006 1211 1260 1255 ceterum
1300 1220 1366 1255 ex
1408 1199 1761 1258 distantibus
1783 1211 1988 1258 'terra-

131 1311 264 1347 rum
292 1288 493 1364 spatiis
517 1285 758 1342 consilia
786 1295 919 1358 post
941 1304 1032 1341 res
1059 1284 1489 1343 adferebantur.

303 1383 406 1442 IX.
492 1380 680 1455 Igitur
730 1379 1040 1454 repentino
1084 1379 1326 1456 incursu
1361 1374 1663 1438 Antonius
1707 1381 1985 1439 stationes

42 1466 50 1470 “
124 1467 386 1529 hostium
462 1464 793 1540 inrumpit,
872 1464 1222 1541 tentatisque
1298 1465 1416 1522 levi
1473 1467 1698 1541 proelio
1766 1467 1980 1523 animis

186 1733 271 1774 per
282 1719 526 1762 Raetiam.
583 1717 660 1759 Sic
683 1716 790 1771 (sive
806 1731 890 1770 per
902 1717 1018 1760 Rhe-

129 1779 251 1821 tiam
273 1793 305 1820 s.
319 1776 583 1829 Rhoetiam)
597 1772 729 1816 MSS.
743 1773 857 1817 Bud.
869 1773 1018 1816 Guelf.

131 1835 233 1878 edd.
257 1834 360 1876 Put.
384 1832 591 1876 Beroald.
613 1830 717 1875 Alc.
742 1830 887 1873 Rhen.
917 1831 1018 1874 Ald.

130 1891 248 1950 Lips.
275 1890 409 1934 Grut.
436 1914 491 1946 ‘.··
534 1889 636 1932 MS,
656 1887 777 1931 Flor.
800 1887 918 1941 idem
944 1904 1021 1930 ex·—

129 1949 251 1992 hibet
284 1964 364 2006 per
382 1944 700 2005 compendium
730 1939 884 2000 ῥ’ἷιάηι
919 1952 1022 1988 test.

130 2005 249 2048 Vict.
287 2021 391 2048 cum
429 2004 553 2047 Pich.
656 2002 704 2044 Id
744 2018 853 2047 vero
890 2018 1019 2047 com-

129 2062 343 2121 pendium
364 2061 458 2104 aliis
485 2059 628 2103 fraudi
652 2059 758 2111 fuit,
791 2067 841 2102 ut
858 2058 1022 2103 scribe-

126 2127 227 2164 rent
253 2120 480 2175 pretiam,
520 2116 643 2174 quod
673 2124 806 2158 exstat
842 2117 888 2159 in
915 2115 1019 2159 MS.

94 2178 95 2181 '
127 2177 239 2234 Reg.
277 2185 320 2219 et
351 2176 421 2219 ed.
456 2175 602 2233 Spir.‚
642 2172 711 2216 vel
740 2173 1019 2231 negligerent

123 2249 211 2290 per
232 2241 540 2292 ponerentque
563 2232 778 2282 Reciam,
810 2240 860 2273 ut
883 2229 1019 2272 MSS.

128 2294 229 2335 Vat.
263 2300 308 2335 et
328 2291 514 2334 Fames.
542 2289 667 2343 (teste
690 2287 856 2346 Lipsio)
882 2287 1019 2332 Corb.

127 2350 242 2416 Agr.
328 2347 452 2390 Haec
496 2355 645 2388 tamen
690 2346 803 2389 ratio
837 2360 942 2388 acce
975 2352 1017 2386 ta

126 2406 211 2448 suit
230 2405 451 2449 Pichenae
466 2437 479 2456 ,
510 2404 751 2461 Bernegg„
771 2402 921 2450 Brot.‚
945 2360 983 2443 ἵζ’·

1090 1724 1198 1761 vett.
1225 1715 1376 1759 libris:
1407 1715 1599 1760 restituit
1621 1716 1836 1774 Ryclzius.
1894 1717 1984 1762 No-

1090 1781 1245 1816 strates
1267 1781 1416 1816 tamen
1441 1774 1591 1817 locum
1617 1773 1982 1831 interpretantur,

1089 1841 1302 1888 tanquam
1330 1847 1385 1873 ac
1418 1831 1609 1881 abesset,
1642 1847 1780 1889 quum
1806 1833 1982 1876 debuis-

1090 1897 1187 1931 sent
1230 1888 1449 1932 scribere:
1519 1890 1631 1931 Una
1663 1890 1889 1932 zwisehen
1920 1891 1979 1933 R.

1091 1949 1189 1988 und
1226 1949 1317 1987 den
1348 1944 1394 1987 J.
1425 1947 1578 2000 Alpen
1615 1948 1762 1988 durch
1797 1949 1877 2002 lag
1909 1949 1982 1990 ein

1090 2003 1214 2045 Ileer
1241 2005 1339 2043 'und
1358 2005 1511 2050 hatte,
1553 2003 1705 2045 domii
1729 2003 1850 2045 nicht
1873 2007 1981 2046 dot-t

1091 2061 1168 2102 die
1220 2059 1582 2102 Germam‘schen
1636 2059 1791 2103 Heere
1845 2063 1982 2105 einen

1089 2117 1379 2170 Durchgang
1400 2119 1584 2168 hatten,
1614 2120 1855 2161 denselben
1882 2135 1981 2160 ver-

1090 2182 1257 2227 sperrt.
1341 2173 1550 2217 Ceterum
1575 2174 1677 2218 cod.
1703 2176 1812 2233 Agr.
1840 2184 1884 2220 et
1907 2177 1980 2219 ed.

1089 2231 1206 2289 Spir.
1238 2247 1321 2289 pro
1358 2233 1631 2287 obsepserat
1663 2231 1816 2276 ferunt
1845 2235 1981 2275 obse-

1089 2293 1255 2340 derat;
1295 2289 1397 2331 cod.
1421 2287 1504 2332 les.
1532 2291 1812 2333 oboesserat.
1893 2290 1978 2333 Ed.

1090 2345 1206 2404 Spir.
1226 2347 1446 2401 parvium
1473 2361 1555 2405 pro
1575 2347 1811 2399 pervium.

989 2401 1019 2442 i·
1149 2417 1268 2459 quae
1298 2404 1467 2457 ignara
1503 2410 1589 2447 etc.
1662 2403 1831 2462 Accipe
1862 2418 1979 2459 quae

127 2472 282 2521 pont„
321 2469 371 2504 ut
400 2461 729 2517 coniungerent
755 2462 1021 2513 obsepsemt

128 2520 351 2563 Raetiam
362 2518 597 2574 Iuliasque
607 2518 766 2571 Alpes.
815 2516 878 2560 At
898 2516 1016 2558 enim

129 2594 237 2623 vero
260 2575 460 2620 Raetiam
489 2574 709 2631 Iuliasque
729 2573 867 2632 Alpes
900 2588 1019 2615 exer-

131 2635 246 2679 citus
296 2629 554 2677 interiectus
605 2647 699 2674 non
747 2633 1019 2688 obsepserat,

131 2691 253 2750 quod
288 2693 473 2758 longum
508 2688 688 2732 fuisset:
727 2688 867 2732 immo
900 2687 1018 2731 viam

130 2751 245 2793 inter
266 2748 464 2791 Raetiam
489 2747 704 2803 Iuliasque
733 2744 895 2802 Alpes,
935 2759 1020 2800 qua

131 2804 394 2850 Germanici
443 2803 696 2860 potuissent
742 2802 1021 2859 inrumpere.

131 2862 399 2920 Intelligitur
442 2859 660 2904 exercitus
699 2859 752 2903 ad
789 2874 1022 2926 occupan-

134 2922 237 2964 dam
271 2919 427 2976 ,ripam
459 2915 578 2962 Aeni
621 2915 820 2960 fluminis
859 2931 1022 2960 mlssus

134 2977 210 3031 (cf.
242 2992 365 3034 supr.
398 2991 438 3018 c.
463 2975 555 3028 5.)‚
606 2974 828 3031 docetque
863 2974 1025 3017 Noster

56 3050 63 3052 *
134 3035 253 3078 hisce
274 3033 416 3076 verbis
438 3040 578 3075 tutam
595 3032 850 3085 bonamque
872 3031 1022 3073 sedem

126 3090 252 3135 bello
292 3099 337 3132 et
365 3098 600 3147 propterea
625 3088 758 3131 fuisse
779 3087 1024 3136 Veronam,

167 3148 238 3191 uia
270 3146 528 3189 interiectus
567 3155 660 3189 erat
693 3144 910 3188 exercitus
945 3159 1025 3201 per

134 3164 194 3249 ᾖ.
227 3212 270 3248 et
300 3203 336 3246 Ι.
369 3203 426 3247 A.
466 3212 596 3260 atque
637 3203 895 3258 obsepserat
927 3215 1022 3244 eam

136 3262 283 3311 viam,
322 3276 377 3303 ne
410 3261 611 3318 pervium
645 3259 720 3302 illa
746 3258 804 3301 Gr.
827 3257 1025 3301 exerciti-

137 3320 220 3365 bus
254 3318 385 3360 foret.
469 3315 609 3372 Igitur
645 3317 731 3361 Iac.
759 3314 1026 3359 Gronovius

139 3374 253 3420 bene
285 3374 514 3418 *sevocavit
540 3374 807 3431 scripturam
829 3380 932 3415 ante
953 3370 1026 3414 Pi·

141 3432 325 3477 chenam
349 3431 593 3486 vulgatam.

198 3504 253 3532 ac
286 3502 344 3532 ne
377 3490 604 3542 peruium.
693 3484 887 3531 Piehena
924 3502 1026 3530 sua-

149 3545 278 3590 dente
308 3545 458 3604 Lipsio
497 3543 721 3590 deleverat
754 3559 833 3596 ac,
881 3543 1031 3590 invitis

1090 2460 1145 2503 de
1179 2459 1388 2503 omnibus
1422 2459 1580 2509 rebus,
1630 2475 1737 2517 quas
1767 2468 1868 2519 post
1893 2477 1982 2519 oc-l

1091 2525 1296 2575 cupatam
1331 2516 1583 2575 Aquileiam
1614 2518 1844 2563 Antonius
1877 2535 1978 2576 ges-

1090 2583 1222 2617 serat.
1459 2593 1462 2595 ·
1709 2611 1712 2614 .

1146 2639 1231 2673 aut
1260 2632 1417 2674 vetita.
1476 2630 1560 2675 Ed.
1584 2631 1714 2689 spir.
1751 2634 1878 2676 haud
1910 2648 1983 2677 ve·

1094 2691 1195 2731 cita.
1283 2687 1448 2731 Eadem
1500 2705 1656 2730 rursus
1698 2691 1982 2746 Aquilegiae.

1094 2747 1202 2788 Mox
1247 2745 1592 2801 adiciebatque,
1646 2754 1690 2789 et
1725 2749 1869 2795 subici
1899 2764 1981 2808 pro

1092 2802 1256 2856 subigi.

1152 2860 1488 2904 obtinerentur.
1547 2859 1650 2903 MS.
1685 2859 1838 2906 Guetf.
1865 2857 1979 2908 'obti—

1093 2925 1238 2961 neret.
1300 2916 1412 2959 Edd.
1434 2915 1537 2959 Put.
1550 2916 1608 2959 V.
1631 2917 1840 2963 Beroald.
1861 2911 1997 2973 (cum-

1095 2974 1165 3019 sil.
1188 2973 1325 3026 Vict.)
1350 2973 1451 3016 Alc.
1478 2973 1639 3015 Vitelli
1657 2989 1739 3032 pro
1759 2976 1803 3019 V
1803 2977 1949 3031 ilellt'i.

1104 3054 1126 3079 ,—
1153 3039 1370 3074 ceterum.
1426 3030 1512 3074 Ed.
1534 3031 1652 3089 spir.
1671 3040 1870 3077 *cer-tam.

1150 3095 1259 3142 post
1290 3101 1385 3130 res.
1464 3086 1568 3133 MS.
1597 3088 1707 3147 Reg.
1733 3100 1840 3146 post
1871 3099 1982 3135 tres.

1094 3145 1213 3188 Hinc
1239 3143 1564 3196 emendationis
1586 3161 1718 3190 causa
1741 3146 1854 3192 Bud.
1877 3157 1982 3204 post

1097 3212 1191 3246 tres
1214 3215 1415 3244 menses.

1154 3258 1267 3302 CAP.
1295 3259 1340 3301 9.
1400 3259 1637 3314 inrumpit.
1695 3260 1798 3306 MS.
1833 3260 1981 3305 Guels.

1096 3317 1282 3368 irrupit.
1325 3311 1407 3358 E‘d.
1431 3316 1549 3374 Spir.
1577 3318 1837 3373 im'upit.--
1875 3316 1982 3362 Mox

1101 3374 1380 3428 lenitatisque
1412 3373 1514 3417 MS.
1549 3373 1704 3419 Guelf.
1742 3376 1844 3418 edd.
1876 3374 1981 3420 Put.

1099 3430 1169 3472 Μ.
1196 3428 1305 3472 etV.
1325 3430 1550 3484 Rhenan.;
1579 3435 1854 3487 limatisque
1881 3433 1983 3476 edd.

1103 3487 1146 3588 ᾖ
1167 3485 1222 3554 ir.
1255 3487 1462 3533 Beroald.
1500 3491 1633 3546 (cum
1664 3489 1811 3534 silent.
1838 3488 1986 3547 vict.)

1164 3554 1262 3589 enat.
