2138 4030
701 244 874 309 LIB.
914 247 962 309 Ι.

192 249 242 286 Α.
262 247 315 284 tJ.
332 247 415 283 823.

191 295 246 337 A,
263 292 310 330 c.
357 292 422 331 το.

1037 245 1233 310 CAP.
1266 249 1369 309 29.

1879 250 1969 311 '47

109 383 279 456 „non
322 381 461 459 quia
500 399 632 435 meo
668 379 926 435 nomine·
956 377 1279 435 tristiorem
1321 397 1522 436 casum
1558 399 1852 456 paveam,
1901 393 1968 440 ut

108 469 260 546 „qui
297 469 570 524 adversas
600 483 694 520 res
733 474 1002 538 expertus
1039 483 1174 520 cum
1207 464 1463 520 maxime
1501 465 1723 522 discam
1758 486 1839 523 ne
1874 486 1966 523 se—

107 554 376 624 „cundas
399 550 640 628 quidem
666 549 865 606 minus
895 548 1253 607 discriminis
1279 545 1526 606 habere:
1579 552 1763 626 patris
1792 563 1849 610 et
1874 571 1966 609 se-

108 719 281 776 tinguas
322 724 397 759 aut
440 712 771 772 interpreteris,
827 712 1000 757 nemini

141 772 392 819 ersuadebis
401 772 566 829 satum
586 771 774 814 fortuito
798 771 847 814 in
867 771 1002 815 codd.

107 792 300 875 K‘lsstos
334 831 525 875 venisse.
604 828 651 872 Si
683 827 844 874 vitium
880 829 1000 878 latet,

108 889 213 934 alibi
258 887 566 946 quaerendum
608 894 688 929 est.
760 886 878 929 Sunt
923 885 1000 942 qui

108 954 321 1007 quaenant
366 944 415 988 in
454 944 594 989 verbo
636 950 719 986 est.
804 942 882 986 Sic
930 941 1001 984 vir

107 1006 267 1047 doetus
307 1002 355 1045 in
390 1002 619 1059 Supplem.
654 1000 879 1058 ephemer.
915 998 1000 1042 litt.

107 1061 286 1104 Halens.
326 1059 449 1103 1825.
479 1075 548 1102 nr.
571 1058 669 1101 114.
701 1073 747 1116 p.
773 1059 884 1107 908,
925 1055 1002 1114 qui

107 1118 236 1175 legit:
269 1133 359 1174 quo
390 1149 403 1160 .
425 1147 437 1160 .
457 1147 471 1161 .
498 1115 665 1172 fatum
688 1145 700 1157 .
724 1145 738 1158 .
765 1146 777 1159 .
793 1115 1003 1170 positum

110 1190 205 1219 esse
216 1192 234 1227 ,⁷
257 1190 352 1218 non
374 1176 482 1231 quia
501 1181 585 1216 etc.
649 1172 752 1230 Quo
774 1172 839 1215 illi
859 1169 999 1214 refer·

107 1241 182 1276 tur
213 1232 269 1276 ad
291 1233 420 1283 dies,
457 1239 507 1274 ut
529 1229 589 1273 ita
611 1245 699 1286 quo
720 1230 794 1271 die
815 1227 871 1272 sit
890 1242 998 1286 pro:

108 1293 188 1333 sed
228 1291 362 1332 hodie
403 1291 501 1331 iam
539 1295 653 1336 etc.,
704 1286 825 1344 quod
869 1284 998 1328 nullo

108 1346 246 1391 modo
279 1345 389 1389 ferri
418 1352 578 1403 potest.
646 1343 703 1387 Et
737 1351 848 1387 tunc
881 1351 1000 1386 certe

106 1418 200 1448 non
225 1412 320 1446 erat
340 1412 516 1460 tempus
539 1409 615 1445 aut
640 1400 794 1450 locus,
824 1408 875 1443 ut
893 1399 1000 1442 Piso

106 1476 260 1506 coram
318 1459 514 1504 militum
573 1459 756 1502 auribus
813 1456 1003 1508 doleret,

109 1517 232 1576 quod
266 1517 425 1560 domus
449 1532 552 1560 suae
570 1523 614 1559 et
634 1516 699 1559 rei
719 1531 762 1573 p.
785 1514 929 1558 fatum
953 1513 1001 1556 in

109 1591 269 1620 eorum
298 1574 502 1618 manibus
534 1572 731 1632 positum
767 1573 838 1616 sit.
906 1571 997 1613 Ea-

113 1634 214 1676 dem
246 1631 408 1675 invidia
443 1630 757 1689 intempestiva
793 1628 925 1672 estin
947 1644 998 1672 ea

109 1690 441 1740 emendatione,
470 1704 606 1746 quam
630 1688 873 1746 Rupertius
894 1701 997 1745 pro·

107 1746 282 1805 posuit:
324 1746 460 1803 Quod
488 1749 656 1789 domus
686 1752 877 1788 nostrae
914 1751 999 1786 aut

107 1807 180 1849 rei
200 1805 413 1859 publicae
434 1803 600 1859 fatum
623 1804 673 1845 in
707 1817 750 1846 υ.
772 1818 835 1844 m.
867 1800 992 1856 posi·

110 1870 212 1905 tum
236 1869 330 1910 est,
366 1876 461 1903 non
495 1861 574 1915 (sc.
596 1858 747 1913 doleo)
779 1858 891 1916 quia
915 1865 1000 1900 etc.

109 1919 279 1962 lterum
310 1917 615 1961 animadverto
648 1918 838 1963 verbum
867 1917 1000 1958 doleo

107 1977 156 2019 in
187 1990 284 2042 sqq.
320 1983 386 2018 sat
418 1974 603 2024 habere,
650 1989 740 2030 quo
781 1973 1002 2031 pertineat

109 2044 195 2077 nec
214 2033 421 2075 idoneam
442 2046 535 2074 esse
555 2030 822 2073 dictionem:
851 2028 999 2080 dolen,

110 2089 231 2147 quod
254 2089 394 2132 fatum
417 2119 429 2132 .
447 2117 485 2132 ..
512 2087 560 2129 in
581 2096 729 2132 vestra
750 2103 887 2131 manu
910 2102 997 2145 po-

110 2147 245 2190 situm
277 2154 364 2197 est,
401 2146 436 2189 si
457 2144 608 2204 perire
629 2160 814 2188 necesse
839 2151 902 2187 est
920 2150 999 2197 ,aut

110 2203 330 2248 occidere.
370 2202 526 2246 Minus
541 2201 671 2244 etiam
685 2202 789 2245 loco
802 2200 998 2245 consuli·

108 2270 184 2305 tur
234 2275 315 2318 per
364 2260 672 2303 coniecturam
723 2258 996 2302 Gutmanni:

110 2320 221 2375 quoi
235 2317 298 2373 (h.
322 2332 360 2360 e.
386 2318 474 2373 cui)
499 2316 715 2371 ....fato
740 2325 823 2360 etc.
881 2315 997 2359 Nam

108 2392 206 2420 eam
235 2375 503 2418 sententiam
535 2374 698 2417 melius
730 2374 873 2417 inesse
902 2373 997 2416 Pu-

108 2432 272 2476 teolani
314 2432 560 2489 scripturae
601 2447 736 2474 nemo
779 2447 875 2474 non
922 2433 999 2474 in-

107 2488 284 2548 telligit.
380 2488 472 2531 Iam
521 2495 621 2531 ante
662 2488 743 2531 hos
784 2487 999 2531 undecim

109 2562 251 2592 annos
285 2545 591 2590 coniecturam
624 2547 870 2604 proposui,
913 2561 999 2603 qua

112 2605 347 2649 censebam
394 2603 547 2647 locum
593 2619 684 2647 esse
728 2603 999 2662 legendum:

110 2664 231 2719 quod
267 2665 437 2703 domus
475 2669 587 2713 etc.,
636 2676 890 2718 quanquam
923 2677 998 2703 ve-

107 2734 205 2764 ram
229 2717 316 2762 loci
338 2718 557 2761 rationem
584 2728 678 2762 tum
707 2718 911 2761 nondum
936 2734 1000 2762 sa-

108 2779 163 2820 tis
196 2789 518 2834 perspexeram.
586 2776 745 2818 Persto
780 2774 1002 2833 hodieque

107 2835 155 2878 in
186 2831 403 2876 sententia
464 2831 616 2876 aulum
644 2833 873 2876 immutata
900 2849 1001 2878 ver-

109 2892 273 2935 borum
355 2848 663 2947 expi’ieatione.
773 2889 1000 2933 Nimirum

111 2950 234 3005 quod
259 2979 272 2991 .
297 2979 307 2990 .
332 2947 520 3002 .satum
544 2947 712 2991 dictum
737 2954 800 2990 est
818 2948 874 2991 ad
895 2963 999 2990 mo-

111 3006 218 3049 dum
246 3004 333 3048 loci
353 3002 641 3048 Ciceroniani
665 3004 719 3047 de
741 3005 871 3063 Legg.
896 3005 995 3054 δά).

115 3062 290 3106 Omnes
337 3062 560 3117 antiquae
608 3069 771 3115 gentes
822 3065 1000 3118 regibus

111 3122 350 3176 quondam
374 3127 660 3174 paruerunt:
713 3124 865 3175 quod
900 3135 999 3175 ge-

110 3191 228 3219 nus
256 3177 509 3230 imperii
530 3175 743 3230 primum
768 3180 833 3219 ad
851 3179 999 3220 homi-

111 3247 195 3277 nes
228 3232 507 3276 iustissimos
543 3241 589 3275 et
623 3235 999 3288 sapientissimos

110 3291 419 3347 deferebatur.
480 3290 578 3332 Vox
590 3291 757 3346 fatum
778 3307 831 3335 eo
852 3293 1002 3350 respi-

111 3347 197 3401 cit,
226 3347 347 3404 quod
368 3346 475 3390 Piso
498 3354 624 3390 antea
645 3347 773 3392 dixit:
805 3349 1000 3404 ignarus

99 3405 262 3460 futuri
290 3412 335 3446 ee
371 3406 468 3446 sive
506 3408 762 3457 optandum
791 3408 873 3448 hoc
908 3421 995 3450 no-

113 3476 220 3504 men
254 3463 349 3504 sive
370 3463 627 3505 timendum
650 3471 777 3518 erat,
822 3463 998 3506 Caesar

113 3519 313 3562 adscitus
331 3532 451 3562 sum.
509 3517 624 3561 Nam
646 3517 735 3563 hoc
757 3529 844 3563 est:
874 3521 994 3578 igna-

113 3590 187 3618 rus
211 3575 284 3620 fati
300 3609 312 3629 ,
345 3575 466 3633 quod
489 3591 535 3619 ex
562 3575 642 3622 hac
663 3576 904 3636 adoptione
928 3593 995 3622 ca·

1071 713 1146 757 det
1168 711 1216 758 in
1236 712 1425 756 domum
1451 722 1651 758 nostram
1683 722 1757 758 aut
1790 732 1886 760 rem
1916 733 1964 776 p.

1072 771 1234 814 Caesar
1277 770 1472 815 adscitus
1513 787 1630 815 sum.
1705 771 1824 818 Hinc
1868 785 1967 832 apte

1070 827 1296 886 pergitur:
1321 831 1444 883 quod
1463 860 1526 873 ...
1537 830 1704 885 fatum
1726 838 1813 874 etc.
1856 830 1967 874 Ger-

1069 885 1244 927 manice
1270 884 1390 928 dices
1404 901 1418 928 z
1452 891 1549 934 und
1568 889 1714 931 dieses
1731 885 1968 931 Schicksal

1074 955 1270 985 anseres
1300 942 1490 986 Hauses
1522 947 1636 987 oder
1663 948 1745 988 des
1774 944 1971 988 Staate's

1071 1000 1185 1053 liegc
1227 1001 1276 1042 in
1324 1014 1487 1043 euerer
1526 1001 1687 1046 Hand.
1754 1001 1967 1046 Ceterum

1072 1056 1181 1101 vitia
1215 1056 1375 1099 similia
1405 1066 1511 1101 sunt
1545 1059 1591 1102 in
1627 1059 1697 1103 ed.
1718 1060 1835 1118 Spir.
1854 1057 1966 1102 infr.

1073 1130 1115 1158 c.
1135 1113 1210 1157 41.
1247 1115 1327 1169 qui
1347 1117 1516 1159 diceret
1537 1131 1622 1174 pro
1645 1118 1756 1173 quid
1776 1117 1967 1160 diceret.

1128 1186 1229 1213 non
1262 1172 1372 1227 quia
1401 1204 1414 1216 .
1442 1205 1452 1215 .
1477 1201 1492 1216 .
1516 1189 1722 1229 paveam
1744 1181 1828 1218 etc·
1889 1170 1968 1218 Sic

1071 1244 1111 1271 c.
1149 1227 1218 1271 15.
1263 1243 1361 1271 non
1400 1231 1512 1286 quia
1548 1232 1839 1288 propinquos
1879 1238 1967 1274 aut

1069 1286 1220 1328 socios
1244 1287 1353 1328 belli
1381 1303 1478 1330 non
1507 1290 1736 1332 habeam.-
1771 1292 1859 1332 sed
1880 1298 1966 1334 etc.

1071 1341 1278 1402 Elliptice
1304 1343 1477 1387 dictum
1507 1362 1591 1404 pro
1622 1362 1716 1390 non
1749 1348 1865 1391 haec
1881 1347 1968 1402 fa·

1072 1400 1169 1450 cio,
1213 1401 1343 1453 dico,
1381 1405 1509 1454 volo,
1558 1406 1667 1460 quia
1700 1411 1787 1448 etc.
1855 1403 1966 1447 vid.

1073 1457 1346 1503 Ramshorn.
1383 1457 1464 1506 Gr.
1503 1460 1546 1517 §.
1580 1461 1675 1504 186.
1736 1463 1833 1507 Sed
1863 1468 1967 1504 ante

1067 1518 1247 1571 patris,
1275 1524 1327 1558 ut
1349 1532 1504 1574 saepe,
1542 1518 1787 1568 omittitur,
1828 1535 1968 1577 eaque

1073 1573 1256 1616 omissio
1279 1572 1328 1616 in
1350 1576 1573 1632 praesenti
1596 1575 1774 1619 Pisonis
1797 1577 1851 1619 ad
1874 1575 1968 1618 mi-

1069 1629 1168 1673 lites
1189 1631 1391 1674 oratione
1413 1632 1559 1691 praeci
1595 1649 1698 1676 uam
1720 1632 1875 1677 debuit
1897 1649 1966 1677 ex-

1068 1704 1216 1732 serere
1264 1687 1368 1731 vim.
1453 1690 1516 1735 cf.
1608 1689 1835 1735 amshom.
1882 1690 1965 1736 Gr.

1069 1762 1115 1804 p.
1139 1743 1241 1788 535.
1262 1747 1321 1801 a).

1109 1805 1357 1845 'adversas
1390 1817 1468 1846 res
1499 1833 1512 1848 .
1541 1835 1554 1848 .
1580 1834 1594 1848 .
1623 1808 1858 1849 secundas
1879 1814 1966 1852 etc.

1071 1860 1147 1904 Sic
1176 1868 1286 1903 teste
1307 1858 1503 1904 Pichena
1523 1861 1626 1906 MS.
1647 1862 1772 1907 Flor.
1796 1872 1840 1908 et
1862 1863 1967 1909 inde

1072 1917 1189 1976 edd-s
1218 1916 1364 1975 Ryck.
1409 1933 1508 1977 sqq.
1557 1922 1870 1980 consentitque
1917 1923 1966 1966 in

1071 1990 1168 2018 eam
1219 1973 1491 2031 scripturam
1540 1977 1644 2021 MS.
1692 1977 1818 2024 Harl.
1903 1980 1969 2025 At

1069 2029 1301 2074 Victorius
1324 2039 1510 2076 testatur
1532 2034 1577 2077 in
1601 2034 1699 2079 MS.
1723 2034 1848 2080 Flor.
1879 2035 1966 2096 legi

1070 2092 1301 2131 adversas
1334 2103 1499 2132 rerum
1535 2092 1618 2147 (sic
1646 2091 1796 2148 r'c‘m),
1876 2095 1967 2139 uod

1067 2146 1184 2188 haud
1211 2146 1344 2189 dubie
1365 2148 1683 2205 reponendum
1704 2152 1805 2196 erit.
1844 2110 1968 2197 tinde

1068 2211 1188 2261 patet
1221 2204 1454 2262 quomodo
1489 2205 1598 2249 oriri
1635 2209 1831 2266 potuerit
1859 2226 1966 2255 cor-

1068 2270 1200 2317 rupta
1240 2262 1463 2318 scriptura
1506 2264 1609 2308 MS.
1651 2265 1762 2325 Reg.
1808 2276 1851 2311 et
1894 2269 1966 2311 ed.

1069 2317 1190 2375 Spir.
1219 2322 1472 2362 adversam
1499 2334 1647 2377 remp.
1675 2355 1687 2368 .
1703 2354 1716 2367 .
1734 2355 1747 2368 .
1765 2356 1778 2368 .
1805 2339 1968 2368 secun-

1070 2379 1178 2418 das:
1209 2375 1331 2419 unde
1351 2378 1676 2423 emendationis
1699 2397 1827 2425 causa
1848 2382 1968 2428 facta

1069 2441 1200 2481 sunt,
1231 2449 1344 2490 quae
1368 2434 1582 2492 leguntur
1601 2436 1648 2480 in
1671 2439 1807 2482 MSS.
1830 2440 1964 2485 Bodl.

1070 2490 1152 2533 les.
1169 2490 1285 2534 Bud.
1303 2489 1454 2535 Guelf.
1484 2495 1526 2547 (a
1548 2509 1620 2552 pr.
1641 2498 1724 2552 m.)
1748 2497 1962 2542 edd.Put.

1069 2548 1137 2591 M.
1164 2557 1206 2590 et
1230 2548 1283 2589 V.
1316 2548 1418 2592 Ber.
1451 2549 1554 2593 Alc.
1615 2556 1842 2597 adversas
1874 2584 1887 2599 .
1915 2586 1927 2598 .
1952 2588 1966 2601 .

1070 2609 1324 2653 secundas,
1388 2608 1554 2650 omisso
1603 2610 1822 2655 vocabulo
1873 2627 1964 2657 res.

1070 2663 1277 2706 Secunda
1311 2678 1471 2706 manus
1505 2664 1556 2707 in
1588 2664 1737 2710 Guelf.
1777 2672 1967 2715 correxit

1071 2723 1321 2763 aduersam
1365 2735 1470 2763 rem
1507 2737 1556 2775 p.
1597 2732 1642 2766 et
1689 2724 1962 2771 secundam.

1072 2777 1189 2820 Edd.
1242 2776 1385 2821 Rhen.
1426 2777 1532 2823 Atd.
1575 2780 1698 2840 Lips.
1750 2799 1849 2842 sqq.
1908 2786 1962 2830 ad

1071 2833 1323 2893 Ryckium:
1355 2838 1555 2880 adversa
1577 2869 1643 2883 ...
1669 2846 1888 2887 secunda.

1127 2908 1229 2934 cum
1265 2894 1478 2935 maxime
1521 2897 1718 2949 discam.
1788 2898 1963 2944 Vocem

1071 2964 1174 2991 cum
1195 2950 1407 2992 maxime
1454 2953 1682 2998 raeferunt
1695 2955 1829 3000 MSS.
1842 2957 1963 3004 Flor.

1070 3005 1320 3061 (test.Vict.
1346 3022 1385 3050 c.
1408 2966 1555 3065 Ιξίοὶι.)
1577 3012 1694 3056 Bud.
1720 3012 1832 3071 Agr.
1852 3013 1963 3074 Reg.

1072 3063 1212 3131 Corb.¹
1231 3063 1331 3107 edd.
1354 3063 1473 3122 Spir.
1491 3066 1636 3112 Rhen.
1661 3085 1759 3128 sqq.
1777 3098 1837 3107 -—
1861 3079 1964 3116 tum

1071 3135 1284 3162 maxime
1329 3121 1465 3166 MSS.
1504 3125 1637 3170 Bodl.
1680 3129 1762 3171 les.
1806 3128 1962 3174 Guelf.

1071 3177 1174 3221 edd.
1210 3177 1311 3222 Put.
1344 3179 1415 3224 M.
1451 3189 1495 3224 et
1524 3181 1582 3227 V.
1615 3182 1723 3228 Ber.
1757 3185 1856 3230 Alc.
1898 3185 1960 3232 cf.

1071 3242 1164 3278 not.
1203 3233 1258 3278 ad
1290 3235 1379 3279 An.
1407 3236 1449 3287 3,
1476 3239 1547 3283 59.
1575 3240 1618 3290 4,
1649 3242 1722 3286 27.
1760 3249 1803 3286 et
1836 3244 1956 3288 alibi.

1072 3291 1281 3335 Ceterum
1329 3293 1428 3338 edd.
1470 3295 1573 3341 Put.
1618 3298 1721 3343 Ber.
1764 3299 1865 3344 Alc.
1916 3309 1959 3344 et

1071 3348 1231 3415 deinde
1281 3351 1372 3395 Iac.
1415 3350 1623 3402 Gronov.
1667 3372 1765 3415 sqq.
1814 3357 1959 3401 inter-

1068 3414 1361 3462 punctionem
1393 3420 1569 3466 ponunt
1600 3423 1702 3471 post
1736 3423 1963 3468 expertus

1068 3470 1111 3505 et
1146 3464 1427 3524 coniungunt
1466 3470 1715 3526 sequentia.
1787 3471 1958 3516 Contra

1068 3519 1171 3561 edd.
1198 3519 1341 3567 Rhen.
1363 3539 1461 3582 sqq.
1490 3541 1594 3570 cum
1624 3529 1839 3572 maxime
1868 3538 1955 3574 tra-

1066 3576 1175 3620 hunt
1210 3578 1266 3624 ad
1300 3590 1544 3637 expertus,
1596 3584 1768 3642 virgula
1811 3585 1955 3644 posita
