2138 4030
598 198 811 278 4411ss:
843 215 912 277 v,
999 214 1198 279 OAP.
1241 218 1298 279 9.
1347 220 1440 279 10.
1834 217 1958 277 503

107 362 175 409 ut
225 348 486 406 eiusdem
538 340 793 402 Antonii
841 345 1008 404 Felix
1057 354 1374 423 progener,
1439 344 1751 419 Claudius.
1776 367 1958 424 nepos

87 447 273 494 ‘esset-

273 542 350 601 Χ.
389 539 646 599 Duravit
679 551 877 597 tamen
910 541 1197 618 patientia
1220 539 1452 603 Iudaeis
1489 561 1676 619 usque
1703 545 1776 599 ad
1803 542 1954 601 Ges-

104 632 258 689 sium
285 628 533 685 Florum
564 638 1024 701 procuratorem.
1111 628 1221 684 sub
1247 647 1313 683 eo
1341 626 1565 682 bellum
1591 639 1809 688 ortum.
1898 639 1956 687 et

60 715 64 721 ’
103 714 491 794 comprimere
517 721 881 785 coeptantem
911 709 1173 768 Cestium
1201 710 1442 769 Gallum
1469 709 1671 787 Syriae
1697 713 1954 785 legatum

102 802 263 858 varia
291 795 517 875 proelia
544 815 610 851 ac
641 796 868 871 saepius
896 798 1136 853 adversa
1175 816 1464 871 excepere.
1554 793 1677 868 Qui
1699 799 1805 853 ubi
1832 799 1950 855 fato

102 898 204 944 aut
245 883 437 948 taedio
479 880 724 950 occidit,
781 882 964 938 missu
998 880 1253 943 Neronis
1280 879 1677 957 Vespasianus
1713 883 1953 960 fortuna

97 976 371 1046 famaque
412 978 467 1023 et
505 966 746 1039 egregiis
786 967 1074 1023 ministris
1110 967 1265 1024 intra
1303 968 1448 1024 duas
1477 976 1718 1021 aestates
1745 980 1951 1026 cuncta

99 1073 442 1131 camporum
477 1071 797 1128 omnesque
831 1063 1060 1126 praeter
1090 1050 1500 1130 Hierosolyma
1530 1051 1706 1106 urbes
1733 1052 1953 1110 victore

99 1141 355 1223 exercitu
400 1137 654 1196 tenebat.
741 1135 1053 1193 Proximus
1091 1157 1282 1194 annus
1320 1138 1480 1194 civili
1510 1135 1666 1191 bello
1693 1136 1952 1193 intentus

88 1237 388 1306 >quantum
425 1223 499 1278 ad
532 1219 779 1278 Iudaeos
814 1242 920 1295 per
955 1222 1144 1278 otium
1182 1222 1434 1282 transiit.
1519 1217 1669 1276 Pace
1702 1241 1807 1296 per
1835 1219 1958 1278 Ita-

99 1313 241 1370 liam
295 1319 462 1387 parta
519 1319 576 1364 et
630 1317 903 1363 externae
959 1327 1132 1364 curae
1185 1308 1431 1367 rediere.
1518 1307 1767 1380 augebat
1819 1307 1955 1376 iraS‚

188 213 245 292 2:
258 213 312 293 3.·
328 212 414 293 ⁸32⁴.-

95 1531 339 1579 trimom‘ff.
397 1527 510 1571 Mox
537 1525 609 1571 ed.
634 1526 756 1586 Spir.
785 1527 883 1570 eius
905 1543 990 1573 oro

95 1592 321 1635 eiusdem.

153 1646 269 1692 CAP.
318 1645 385 1687 10.
448 1642 679 1686 Gessium.
737 1641 823 1684 Ed.
867 1641 988 1698 Spir.

95 1706 334 1760 Egessum.
394 1700 502 1744 Mox
527 1701 635 1742 belli
654 1708 764 1742 ortu
786 1716 869 1758 pro
893 1701 992 1742 bel.

96 1766 196 1806 lum
228 1766 400 1803 ortam.
463 1757 564 1800 MS.
587 1756 740 1801 Guelf.
767 1759 886 1801 bello
910 1771 992 1799 or-

96 1828 216 1864 tum.
334 1856 337 1858 ,

150 1874 459 1930 comprimere
531 1880 842 1926 coeptantem.
929 1871 991 1914 Ex

11 1975 17 1986 ,
96 1931 409 1978 emendatione
460 1929 692 1979 Rhenani,
750 1930 804 1973 ad
855 1945 991 1987 quam

94 1989 286 2051 praeivit
307 1987 528 2045 scriptura
552 1987 719 2030 codicis
733 1987 848 2030 Bud.
871 2003 990 2028 com·

92 2052 297 2106 primere
328 2053 658 2100 receptantem.
727 2045 842 2088 Cum
874 2044 991 2087 Bud.

99 2105 359 2162 conspirant
393 2102 526 2145 MSS.
549 2102 673 2144 Flor.
707 2101 828 2156 (test.
856 2101 991 2155 Vici.)

95 2163 206 2220 Reg.
239 2161 377 2205 Corb.
414 2160 484 2202 ed.
514 2158 631 2216 Spir.
677 2182 730 2192 -
790 2161 991 2212 compri-

70 2224 72 2227 '
93 2234 224 2264 mere
246 2231 350 2260 reos
371 2222 662 2271 coeptantem
684 2214 774 2270 (vel
799 2223 989 2269 ceptan-

95 2280 214 2332 tem)
238 2274 374 2318 MSS.
400 2272 549 2316 Guelf.
574 2272 704 2315 Bodl.
746 2273 849 2315 edd.
891 2274 990 2315 Put.

98 2335 167 2378 Μ.
196 2343 238 2376 et
264 2333 316 2374 V.
341 2329 547 2373 Beroald.
571 2329 669 2372 Ale.
708 2358 767 2365 —-
831 2330 991 2372 Victo-

95 2390 190 2435 rius
226 2399 272 2432 ex
310 2388 488 2445 ingenio
525 2387 714 2430 correxit
746 2394 794 2429 ut
818 2386 988 2428 Rhena-

96 2465 196 2491 nus.
280 2446 377 2488 MS.
423 2445 504 2487 les.
551 2458 656 2485 reos
701 2451 986 2498 captantem.

92 2505 194 2549 MS.
219 2503 336 2545 Harl,
367 2516 447 2545 eos
471 2509 755 2555 captantem.
911 2543 916 2548 ,

152 2563 372 2607 Cestium.
431 2559 519 2602 Ed.
545 2559 662 2616 Spir.
689 2558 954 2624 Cflestium.

150 2633 389 2669 excepere.
466 2616 570 2662 MS.
604 2615 721 2659 Bud.
759 2617 987 2668 excipere.

95 2677 197 2721 MS.
238 2675 349 2733 Reg.
395 2681 437 2715 et
478 2673 547 2716 ed.
589 2673 710 2731 Spir.
764 2675 984 2726 accipere.

97 2735 284 2791 Vulgata
316 2732 536 2789 scriptura
568 2747 661 2774 non
685 2731 886 2773 Rhenani
916 2730 979 2772 in·

98 2791 230 2850 genio
251 2790 462 2840 debetur,
495 2788 558 2830 uti
584 2788 784 2845 prodidit
805 2787 983 2830 Oberli-

96 2863 208 2892 nus:
255 2848 330 2889 sed
366 2845 596 2888 invenitur
632 2847 677 2888 in
699 2845 802 2887 MS.
832 2844 982 2888 Guelf.

98 2906 200 2949 edd.
239 2904 338 2946 Put.
372 2903 438 2946 M.
470 2912 512 2946 et
536 2901 590 2944 V.
618 2903 823 2946 Beroald.
860 2904 982 2957 (eum

91 2961 392 3017 silent.Vict.)
416 2960 542 3011 Alc„
577 2961 659 3003 nisi
682 2961 804 3018 quod
826 2960 991 3003 Puteo-

94 3020 222 3064 lanus
251 3018 386 3062 edidit
415 3032 682 3072 excoepere.

154 3080 313 3121 missu.
371 3074 454 3118 Ed.
476 3075 598 3132 Spir.
621 3075 802 3118 missus.

154 3135 281 3177 intra
321 3137 440 3175 duas
477 3140 699 3175 aestates.
771 3131 847 3175 Sic
887 3132 988 3174 edd.

95 3190 238 3236 Rhen.
259 3190 362 3234 Ald.
383 3205 483 3247 sqq.
543 3190 594 3232 In
626 3189 988 3247 castigationibus

93 3247 334 3291 Rhenanus
376 3246 753 3304 praepositionem
806 3247 987 3290 submo-

94 3305 288 3351 vendam
313 3313 562 3347 censuerat.
604 3333 664 3339 —
720 3305 844 3346 inter
866 3308 988 3346 duas

94 3370 304 3409 aestates
342 3361 479 3405 MSS.
513 3360 666 3404 Guelf.
704 3361 823 3404 Harl.
858 3362 987 3404 Bocll.

94 3420 183 3462 les.
210 3420 249 3463 R
309 3451 319 3462 .
347 3417 487 3461 Coi-b.
521 3419 622 3461 edd.
647 3419 766 3476 Spir.
791 3418 891 3461 Put.
919 3418 987 3465 M.

92 3473 139 3517 “t
174 3479 229 3518 V.
269 3477 478 3519 lero-ald.
514 3479 636 3530 (cunt
673 3476 816 3520 silent.
852 3476 990 3532 Vici.)

99 3533 263 3579 Aleiat.
325 3533 411 3577 Sed
435 3533 643 3592 frequens
671 3543 736 3582 est
761 3534 990 3592 utriusque

1064 1527 1191 1572 vocis
1222 1525 1472 1585 permixtio.
1530 1526 1590 1572 cf.
1622 1535 1717 1572 not.
1754 1526 1810 1578 ad
1839 1526 1955 1572 Hist.

1065 1588 1104 1638 1,
1127 1585 1196 1630 71.
1226 1586 1267 1636 Ξ,
1292 1585 1363 1630 52.

1121 1651 1284 1686 cuncta
1307 1656 1602 1696 camporum.
1659 1642 1794 1687 MSS.
1819 1642 1957 1687 Corb.

1063 1710 1106 1746 et
1130 1699 1242 1756 Agr.
1269 1709 1433 1742 cuncta
1456 1703 1727 1754 composuit.

1120 1759 1468 1813 Hierosolyma.
1527 1757 1602 1800 Sic
1627 1757 1709 1813 (vel
1735 1752 1956 1800 Hieroso-

1062 1817 1201 1871 lz‘ma)
1235 1815 1336 1857 edd.
1358 1815 1460 1858 Put.
1494 1815 1562 1858 M.
1600 1824 1642 1858 et
1667 1813 1721 1857 V.
1747 1813 1954 1859 Beroald.

1063 1876 1184 1929 (cum
1210 1871 1360 1919 silent.
1386 1872 1520 1927 Vict.)
1542 1887 1643 1929 sqq.
1674 1897 1733 1906 --
1789 1872 1959 1915 Hiero-

1060 1934 1291 1988 sob‘mam
1325 1930 1391 1973 vel
1425 1929 1791 1978 Hierosolimam
1822 1930 1958 1975 MSS.

1065 1987 1218 2031 Guelf.
1250 1986 1373 2030 Harl.
1407 1986 1542 2029 Bodl.
1576 1986 1653 2031 les.
1679 1986 1817 2030 Corb.
1843 1987 1954 2043 Reg.

1062 2046 1180 2090 Bud.
1227 2044 1296 2087 ed.
1333 2044 1454 2100 Spir.
1514 2042 1576 2086 cf.
1619 2052 1714 2086 not.
1750 2044 1807 2087 ad
1841 2061 1883 2089 c.
1913 2046 1956 2088 2.

1059 2105 1170 2147 Ron
1197 2117 1354 2144 omnes
1380 2101 1482 2144 libri
1505 2101 1656 2144 ferunt
1678 2102 1954 2156 Hierosoly-

1058 2174 1248 2203 morum
1267 2190 1280 2207 ‚
1343 2167 1397 2203 et.
1432 2175 1483 2202 c-
1514 2160 1580 2202 11.
1625 2159 1955 2215 Hierosolyma

1058 2220 1367 2261 conciderent.

1109 2275 1357 2330 proximas
1378 2287 1545 2315 annus.
1574 2272 1783 2315 Heinsius
1805 2286 1954 2315 emen·

1058 2334 1212 2375 dabat:
1253 2333 1492 2386 proximis
1521 2331 1657 2372 annis
1686 2333 1804 2371 bello
1833 2330 1959 2372 civili

1059 2393 1283 2433 intentas,
1353 2389 1466 2430 Nam
1493 2388 1590 2445 plus
1615 2402 1708 2429 uno
1734 2403 1854 2429 anno
1878 2387 1953 2429 in-

1062 2446 1351 2504 terquievisse
1381 2445 1508 2488 illum
1536 2444 1758 2487 adfirmat.
1820 2443 1952 2487 Falli-

1061 2514 1152 2547 tur.
1211 2502 1325 2545 Nam
1347 2518 1472 2544 anno
1498 2518 1539 2559 p.
1558 2501 1665 2546 Chr.
1687 2501 1759 2544 66.
1783 2501 1951 2544 bellum

1062 2571 1214 2604 ortum
1247 2570 1326 2603 est.
1387 2559 1523 2603 Anno
1549 2560 1620 2602 67.
1644 2558 1765 2601 Nero
1790 2557 1954 2616 Vespa·

1060 2620 1233 2662 sianum
1259 2617 1394 2660 misit.
1457 2617 1565 2659 lnde
1594 2632 1670 2674 per
1695 2615 1802 2659 duas
1820 2623 1954 2658 aesta·

1061 2687 1124 2719 tes
1157 2675 1241 2730 (67.
1265 2685 1306 2717 et
1329 2675 1423 2724 68.)
1461 2673 1657 2718 bellavit.
1719 2672 1955 2715 Proximus

1055 2749 1197 2776 annus
1212 2732 1327 2788 (69.)
1367 2748 1415 2774 er
1435 2733 1575 2774 otium
1598 2730 1787 2775 transiit.
1818 2731 1953 2774 Anno

1054 2792 1126 2837 70.
1150 2749 1459 2848 llie1·0soiyn=a
1483 2788 1758 2832 ceciderunt.

1110 2862 1228 2902 pace
1257 2861 1343 2899 per
1366 2847 1406 2888 I.
1428 2854 1590 2901 parta.
1651 2845 1713 2887 Ex
1737 2844 1950 2887 emenda-

1059 2906 1182 2948 tione
1198 2903 1425 2951 Rhenani,
1450 2919 1581 2959 quam
1605 2903 1710 2945 item
1725 2901 1954 2945 Victorius

1061 2963 1107 3063 ἰὸι
1152 2962 1509 3061 ευοῑὲκὶιῙῙξΡΙέΐί
1538 2958 1760 3061 bBeroald.
1804 2959 1954 3001 suasit.

1103 3035 1243 3061 onsen
1265 3035 1277 3059 ι
1485 3036 1536 3061 or
1573 3049 1584 3060 .
1623 3040 1677 3052 —
1735 3031 1848 3070 pace
1868 3029 1955 3069 per

1062 3079 1105 3120 Ι.
1124 3083 1301 3131 parata
1332 3076 1469 3119 MSS.
1494 3075 1644 3118 Guelf.
1667 3074 1790 3118 Harl.
1817 3073 1950 3115 Bodl.

1064 3136 1142 3178 les.
1177 3133 1287 3189 Reg.
1322 3134 1438 3176 Bud.
1476 3133 1576 3176 edd.
1598 3133 1718 3190 Spir.
1744 3132 1847 3174 Pul.
1879 3130 1950 3173 M.

1061 3201 1103 3234 et
1139 3191 1192 3234 V.
1224 3190 1436 3235 Beroald.
1465 3191 1587 3245 (cum
1623 3191 1768 3233 silent.
1806 3187 1950 3243 Viet.)

1061 3248 1163 3292 Alc.
1222 3247 1281 3291 cf.
1307 3248 1495 3292 Sueton.
1525 3247 1631 3292 Oct.
1653 3263 1694 3289 c.
1717 3247 1790 3290 22.
1820 3253 1952 3287 terra

1061 3306 1276 3361 marique
1290 3321 1407 3362 pace
1426 3314 1587 3362 parta.
1650 3303 1750 3347 Vid.
1775 3311 1871 3346 not.
1896 3301 1950 3346 ad

1060 3364 1150 3408 An.
1181 3361 1250 3416 16,
1274 3364 1317 3406 2.

1117 3428 1162 3464 et
1191 3431 1424 3464 externae
1445 3435 1586 3463 curae
1609 3421 1802 3462 rediere.
1832 3418 1946 3461 .Er-
2032 3422 2036 3424 ’

1063 3477 1229 3520 nestius
1251 3479 1304 3523 ad
1329 3479 1372 3524 h.
1399 3481 1428 3522 l.
1456 3479 1592 3520 salsus
1615 3486 1680 3520 est
1701 3478 1756 3519 de
1775 3477 1949 3520 Freins-

1062 3534 1236 3588 hamio,
1273 3553 1408 3595 quem
1434 3535 1543 3580 dicit
1569 3535 1789 3587 voluisse,
1830 3543 1879 3578 ut
1908 3543 1950 3578 et
