2138 4030
140 228 372 321 233383733
545 229 719 331 L‘IB.
768 229 873 291 IV.
947 225 1143 293 CAP.
1184 226 1282 290 15.
1322 232 1419 291 16.
1789 235 1915 298 383

61 365 369 440 inrumpit.
412 378 415 385 ·
447 359 576 418 Nec
613 358 1026 435 praeviderant
1055 359 1344 434 impetum
1381 354 1644 417 hostium
1674 351 1918 435 milites,

63 471 206 522 nec,
259 450 310 504 si
342 445 769 523 praevidissent
785 489 803 514 ‚
868 444 1008 501 satis
1043 444 1265 502 virium
1303 444 1380 500 ad
1418 448 1740 504 arcendum
1774 461 1917 510 erat.

64 546 230 611 capta
261 533 441 608 igitur
467 541 522 588 et
547 530 774 605 direpta
801 540 1005 586 castra.
1094 529 1232 586 dein
1252 548 1432 602 vagos
1468 541 1526 587 et
1554 533 1713 606 pacis
1737 535 1918 591 modo

65 620 280 677 effusos
304 619 452 675 lixas
474 616 981 690 negotiatoresque
1005 613 1312 672 Romanos
1335 615 1644 675 invadunt.
1724 617 1920 681 Simul

69 705 309 762 excidiis
342 701 717 760 castellorum
763 691 1203 770 imminebant,¹
1223 719 1373 776 quae
1411 720 1445 756 a
1478 700 1783 775 praesectis
1818 726 1921 762 co·—

67 787 330 847 hortium
366 789 603 845 incensa
643 796 808 854 sunt,
858 785 997 861 quia
1034 786 1273 842 defendi
1311 785 1656 862 nequibant.
1756 789 1921 863 signa

67 875 398 950 vexillaque
435 884 494 930 et
530 872 688 948 quod
723 871 983 927 militum
1027 871 1093 926 in
1127 870 1486 946 superiorem
1524 871 1751 928 insulae
1782 886 1923 949 par-

68 972 188 1018 tem
210 970 639 1032 congregantur
665 957 811 1012 duce
834 950 1080 1032 Aquilio
1109 956 1496 1031 primipilari,
1543 972 1763 1021 nomen
1792 980 1922 1016 ma-

70 1045 156 1119 gis
194 1044 477 1101 exercitus
515 1043 691 1117 quain
733 1042 935 1100 robur.
1045 1041 1261 1116 quippe
1312 1042 1540 1099 viribus
1586 1038 1920 1102 cohortium

57 1130 337 1188 'abductis
361 1126 640 1186 Vitellius
677 1147 707 1182 e
745 1126 1030 1201 proximis
1064 1124 1425 1183 Nerviorum
1455 1124 1923 1188 Germanorum-

74 1236 186 1292 que
211 1215 375 1290 pagis
401 1232 637 1288 segnem
661 1232 974 1269 numerum
1001 1211 1181 1279 armis
1206 1223 1567 1279 oneraverat.

242 1323 407 1384 XVI.
506 1322 715 1393 Civilis
776 1323 913 1379 dolo
948 1322 1359 1395 'grassandum
1410 1304 1572 1380 ratus
1637 1325 1927 1385 incusavit

72 1411 228 1468 ultro
274 1411 629 1486 praefect05‚
696 1408 856 1484 quod
906 1408 1139 1464 castella
1178 1408 1586 1468 deseruissent.
1692 1430 1752 1467 se
1789 1433 1925 1469 cum

73 1643 338 1709 scripturam
374 1647 507 1691 hodie
545 1647 788 1706 vulgatam.
848 1646 962 1690 Nam
1091 1655 1446 1703 congregantur.
1535 1648 1619 1696 Ed.
1657 1650 1773 1710 Spir.
1816 1667 1924 1696 eon-

74 1709 208 1753 MSS.
246 1707 428 1750 Fames.
468 1705 620 1748 Guelf.
659 1704 783 1747 Harl.
826 1703 962 1747 Bodl.
1033 1708 1372 1759 gregabantur.

74 1768 161 1810 les.
183 1766 294 1821 Reg.
323 1763 459 1808 Corb.
477 1763 590 1819 Agr.
615 1762 733 1805 Bud.
771 1761 840 1805 ed.
862 1762 966 1805 Put.
1092 1765 1293 1819 Aquilio.
1353 1762 1429 1806 Sic
1463 1763 1565 1808 libri
1595 1774 1803 1830 veteres,
1835 1769 1928 1813 Nu·-

76 1824 146 1866 M.
170 1823 392 1877 proximo
413 1828 651 1874 occupato.
723 1819 838 1862 Edd.
863 1819 966 1862 Put.
1036 1835 1117 1878 per
1155 1819 1368 1863 nonnulli
1406 1836 1509 1863 cum
1546 1822 1772 1869 Oberlino
1811 1828 1929 1872 scria.

78 1882 133 1925 V.
159 1878 366 1924 Beroald.
399 1879 520 1934 (cum
550 1879 617 1919 sil.
640 1877 778 1933 vict.)
802 1876 965 1923 Alciat.
1038 1886 1226 1936 pserunt
1250 1878 1474 1933 Aquinio.
1610 1885 1614 1888 “

76 1940 281 1982 Rhenan.
323 1952 421 1994 sqq.
455 1936 681 1989 proximo
729 1941 966 1988 occupato.
1095 1949 1236 1990 quam
1259 1937 1419 1978 robur.
1467 1939 1632 1993 quippe
1655 1939 1927 1986 viribuse‘o'-
1993 1963 1994 1966 ¹

77 1993 368 2040 Dottevillius
393 2010 415 2036 e
439 1991 596 2036 codiee
630 2008 712 2035 suo
742 1991 965 2048 prodidit:
1037 1993 1242 2034 hortium
1266 1995 1486 2038 abductis.
1547 1995 1624 2039 Sic
1646 1996 1781 2042 MSS.
1803 1999 1928 2046 Flor.

80 2056 165 2095 uni
209 2054 404 2095 hiberna
459 2051 684 2103 proximo
743 2055 968 2102 occupata
1038 2050 1155 2103 (test.
1180 2048 1320 2102 Vict.)
1348 2049 1458 2108 Reg.
1483 2050 1621 2096 corb.
1641 2051 1764 2099 Harl.
1793 2059 1835 2110 (a
1857 2061 1928 2102 se-'

81 2111 279 2154 Oceano.
355 2106 584 2151 Acidalius
614 2104 832 2150 malebat:
872 2121 967 2162 qua
1038 2107 1186 2150 cunda
1223 2110 1376 2163 manu)
1419 2108 1520 2153 edd.
1557 2109 1731 2169 Micyll.
1762 2114 1928 2170 (1557.)

71 2169 300 2224 proxima
312 2172 548 2219 occupatu.
600 2163 808 2206 Ceterum
826 2163 966 2206 Ocea·
1038 2162 1155 2221 Lips.
1183 2165 1350 2222 (1574.)
1374 2181 1473 2223 sqq.
1543 2166 1601 2211 Et
1620 2168 1795 2227 Lipsius
1819 2173 1946 2218 haec·

77 2241 138 2268 no
170 2225 338 2268 indicat
367 2223 514 2272 viam,
551 2237 637 2279 qua
671 2221 746 2264 ille
777 2221 970 2275 inrupit.
1039 2221 1230 2265 restituit
1261 2223 1524 2267 auctoribus
1566 2225 1691 2270 libris
1735 2227 1931 2281 (Vaticc.

78 2283 137 2328 ef.
162 2290 255 2326 not.
279 2280 333 2323 ad
349 2281 434 2323 An.
450 2279 568 2332 1‚60.
590 2303 646 2310 —-
676 2277 769 2321 Pro
790 2280 971 2321 inrum-
1039 2282 1182 2337 puto).
1211 2308 1270 2315 —
1329 2296 1474 2336 quam
1502 2284 1645 2324 robur
1667 2287 1832 2342 quippe
1856 2288 1930 2330 vi-

74 2343 170 2395 pit,
221 2337 344 2396 quod
379 2338 438 2380 ita
469 2344 603 2380 exstat
635 2336 681 2379 in
713 2336 812 2379 cod.
844 2334 970 2378 Flor.
1038 2339 1164 2378 ribus
1186 2338 1391 2380 cohortis
1407 2341 1622 2382 adductis
1636 2344 1930 2390 edd.Puteol.
2014 2343 2015 2347 ¹

78 2406 179 2441 test.
216 2395 364 2443 Vim..
410 2394 481 2437 ed.
514 2392 638 2453 Spir.
671 2393 803 2436 habet
836 2393 967 2435 inru-
1039 2393 1252 2439 Beroald.
1278 2396 1439 2439 Aleiat.
1467 2420 1526 2428 —
1574 2398 1624 2441 In
1644 2401 1716 2444 ed.
1739 2401 1840 2446 Put.
1861 2404 1932 2448 M.

77 2455 148 2506 pit
159 2471 175 2504 ‚·
216 2452 320 2497 MS.
355 2445 506 2496 Guelf.
542 2451 642 2494 edd.
673 2450 847 2495 Puteol.
870 2465 969 2510 sqq.
1040 2459 1107 2494 est
1129 2455 1349 2496 abductis.
1407 2452 1491 2497 Ed.
1510 2455 1651 2513 Spir.=
1680 2473 1827 2515 quam
1845 2475 1936 2511 ro,-

81 2512 315 2566 irrumpit.
1039 2510 1141 2551 bur.
1176 2510 1340 2563 quibus
1365 2511 1536 2555 viribus
1557 2517 1817 2560 cohortium
1838 2522 1932 2564 ad..

132 2586 485 2639 praeviderant.
544 2579 626 2624 Ed.
659 2580 776 2636 Spir.
807 2580 971 2633 provi·
1040 2567 1188 2608 ducti-⁹
1222 2567 1418 2610 Vitssllfss
1447 2583 1511 2610 ’ν’-ἰ’
1540 2573 1712 2624 primis
1741 2578 1936 2620 nervia-s

80 2647 277 2690 der-anu
305 2641 381 2685 sed
406 2656 508 2683 mox
530 2638 854 2701 prgvidae'ssent.
1039 2638 1146 2665 rum
1170 2632 1255 2691 Εἲς·
1315 2623 1416 2668 MS·
1439 2624 1578 2694 Euda
1612 2643 1755 2685 quam
1785 2636 1934 2679 roba,-

165 2721 183 2755 t
205 2713 306 2754 dire
340 2720 390 2753 ta
462 2710 530 2753 Ed
559 2711 589 2752 S
626 2711 662 2751 ir
697 2724 752 2751 ac
768 2712 868 2752 dire
903 2718 970 2752 ta.
1040 2683 1300 2747 calor-cmm
1331 2685 1584 2752 ‘'b-ducas&
1603 2688 1937 2742 neglectis--V⁰‘·

79 2730 249 2815 Eaedem
274 2727 379 2812 αξη
393 2743 564 2810 'deinde
585 2726 677 2825 ξω.
693 2767 814 2811 dein.
867 2725 900 2764 ρ
1040 2736 1209 2783 1131111113
1254 2739 1446 2782 d⁰⁰bu⁵'
1529 2741 1649 2787 Hmc
1689 2743 1938 2798 Rhenanus.

127 2843 339 2914 pesenae.
400 2840 498 2885 MS.
528 2839 683 2884 Gueif.
710 2838 967 2895 defenden-
1038 2795 1931 2908 {532ssffaffigssssurh'afissfflffifi}ij

83 2906 148 2945 ἀι.
1040 2925 1183 2967 quam
1205 2913 1348 2953 robur
1371 2915 1629 2959 cohortium
1676 2920 1929 2967 abductum

139 2973 260 3027 quod
295 2969 508 3011 militum.
582 2967 666 3011 Ed.
699 2966 816 3024 Spir.
848 2967 972 3022 quod
1041 2976 1129 3012 etc.
1152 2967 1287 3011 MSS.
1315 2967 1468 3013 Guelf.
1497 2971 1619 3017 Harl.
1637 2949 1773 3022 'Bodh
1798 2972 1882 3025 Ies’.

82 3029 290 3072 mititem.
1101 3041 1126 3069 e
1145 3026 1398 3078 proximis.
1459 3028 1557 3073 MS.
1577 3030 1712 3079 corb.
1738 3051 1804 3080 ex
1816 3053 1929 3092 pro·

82 3099 511 3201 s‘inffllgpserige?
535 3099 730 3200 ἒηεῖὶαε
744 3104 968 3197 dplargerp.
1040 3083 1396 3193 ῗὲηὲἶὲωιὲΜδ·
1430 3083 1540 3144 Reg·
1574 3104 1679 3134 cum
1708 3094 1779 3140 ed.
1805 3095 1926 3154 Spir.

116 3175 158 3203 ιο
324 3187 336 3199 .
422 3170 967 3198 u.or.e.1r.
1293 3173 1304 3184 ·

80 3217 281 3259 Rhenan.
304 3212 408 3256 Ald.
434 3228 453 3255 s
487 3228 532 3270 q.
554 3239 613 3248 -
657 3212 705 3252 in
725 3170 969 3266 superiiire
1099 3197 1552 3268 Germanorunfque,
1623 3205 1830 3268 Intellige
1864 3211 1928 3254 eis

82 3275 267 3318 amulae
301 3277 440 3326 parte
533 3270 611 3313 SS.
651 3267 804 3311 Guelf.
841 3268 965 3312 Harl.
1039 3254 1248 3324 Rhean
1279 3255 1541 3305 colentium.
1599 3263 1659 3307 cf.
1682 3265 1774 3309 An.
1800 3270 1839 3316 1,
1856 3267 1926 3313 56.

80 3331 212 3374 nodi.
248 3323 463 3371 les.'edd.
494 3326 598 3370 Put.
623 3325 695 3369 M.
727 3334 770 3369 et
793 3324 846 3370 v,
878 3326 965 3369 Be-
1095 3326 1569 3380 armwflnemvemt·
1627 3320 1712 3367 Ed·
1731 3323 1854 3380 Spir·
1883 3334 1929 3370 et

81 3388 221 3431 roald.
243 3387 366 3438 (cum
387 3381 458 3427 sil.
484 3383 625 3440 Vici.)
650 3382 748 3426 Alc.
772 3406 828 3415 —-
890 3383 967 3426 Pi·
1038 3368 1137 3414 MS·
1163 3369 1307 3424 vanc·
1333 3372 1458 3418 1853·
1483 3388 1741 3423 ornaverat
1761 3383 1924 3427 armis.

84 3443 222 3487 claena
262 3451 304 3485 et
339 3441 429 3485 lac.
465 3439 725 3485 Gronovius
766 3439 821 3483 de
858 3441 963 3484 cod.
1100 3441 1214 3486 CAP.
1258 3443 1329 3489 16.
1419 3449 1527 3491 dolo
1592 3443 1921 3503 grassaridum.

83 3500 209 3544 Flor.
231 3505 401 3549 tacent,
441 3498 548 3542 dum
572 3498 708 3542 edunt
743 3497 792 3539 in
827 3512 961 3552 supe·
1034 3498 1118 3542 Ed.
1149 3498 1265 3555 Spir.
1303 3502 1421 3546 bello
1459 3512 1727 3572 crassandg.
1818 3513 1921 3559 MS,

82 3558 253 3600 rior-em
275 3565 360 3602 etc.
1036 3555 1186 3602 Guelf.
1211 3558 1327 3602 bello
1350 3559 1438 3606 fert
1461 3561 1508 3607 in
1529 3567 1741 3623 margine.
