2138 4030
16 206 40 248 θ’

190 256 237 288 Α.
253 251 301 286 υ.
322 252 405 287 823.

190 297 238 346 A.
259 295 305 331 C.
346 297 404 331 τυ.

615 252 792 318 mn.
831 227 935 317 111.
1018 255 1210 319 cAr.
1250 253 1308 318 9.
1344 256 1440 336 ιο.
1826 242 1952 325 2δέ

100 406 210 463 pro
234 385 595 462 Vespasiano
625 385 960 460 magnifice,
1003 407 1110 462 pro
1153 397 1322 443 causa
1357 388 1636 460 fidenter,
1682 393 1755 448 sle
1790 409 1954 450 exer—

101 473 220 529 citu
258 471 463 540 securi,
506 471 570 526 in
593 469 903 527 Vitellium
923 483 989 528 ut
1011 465 1260 540 inimici,
1302 493 1755 549 praesumpsere,
1802 480 1953 535 facta

100 556 356 614 tribunis
390 555 952 631 centurionibusque
989 557 1312 625 retinendi,
1367 578 1515 634 quae
1551 558 1824 618 Vitellius
1858 562 1954 619 in'-

99 641 398 710 dulsisset‚
441 660 558 716 spe.
646 652 818 717 atque
852 641 1043 715 ipsum
1078 640 1387 698 Caec'in'am
1424 663 1546 699 non
1590 645 1836 702 obscure
1875 649 1951 704 ad

98 726 504 784 transitionem
530 722 937 785 hortabantur.
991 727 1261 783 recitatae
1290 747 1396 801 pro
1425 729 1708 786 concione
1737 731 1952 805 episto-

99 813 186 867 lae
210 811 487 867 addidere
513 811 816 879 fiduciam,
855 812 1016 886 quod
1041 811 1326 867 submisse
1349 809 1627 883 Caecina,
1669 815 1840 872 velut«
1858 818 1950 873 of·-

96 887 335 952 fendere
351 893 774 969 Vespasianum
801 895 1030 964 timens,
1074 897 1337 970 ipsorum
1366 898 1541 955 duces
1566 901 1948 976 contemptim

99 992 377 1057 tanquam
405 981 753 1037 insultantes
787 979 1026 1037 Vitellio
1053 980 1435 1055 scripsissent.
1624 991 1627 993 ’

264 1063 340 1125 Χ.
426 1062 703 1122 Adventu
740 1066 952 1121 deinde
998 1067 1250 1122 duarum
1285 1067 1615 1140 legionum,
1670 1087 1704 1124 e
1738 1068 1953 1146 quibus

96 1150 325 1207 tertiam
371 1147 593 1206 Dillius
648 1146 1026 1225 Aponianu3‚
1085 1161 1349 1206 octavam
1399 1150 1702 1210 Numisius
1748 1153 1954 1231 Lupus

96 1235 418 1303 ducebant,
461 1247 751 1292 ostentare
787 1235 939 1291 vires
967 1247 1023 1291 et
1051 1235 1294 1315 militari
1319 1237 1476 1294 vallo
1502 1235 1798 1296 Veronam
1838 1239 1955 1296 cir-4

96 1320 371 1377 cumdare
419 1319 655 1395 placuit.
759 1321 909 1377 forte
952 1318 1289 1378 'Galbianae
1333 1319 1555 1396 legioni
1599 1324 1661 1379 in
1711 1326 1953 1382 adversa

145 1580 233 1619 pro
275 1564 563 1618 Vespasiano
570 1596 579 1605 .

93 1635 398 1687 Vespasium).

662 1562 746 1607 Ed.
781 1563 905 1624 Spir.
944 1583 985 1636 ᾳ
1054 1564 1279 1617 tumeliis,
1345 1563 1598 1614 conviciis,
1675 1566 1954 1623 opprobrii&

1057 1639 1168 1679 quae
1201 1624 1246 1665 in
1272 1622 1505 1665 inimicum
1539 1622 1759 1666 cumulari
1778 1623 1952 1678 solent.

1058 1682 1222 1724 Casum
1257 1679 1444 1729 obiecti,
1486 1680 1589 1735 quia
1622 1679 1752 1723 facile
1788 1681 1951 1737 intelli-

1058 1738 1202 1795 gitur,
1233 1752 1361 1779 more
1384 1753 1467 1778 suo
1486 1737 1653 1780 Noster.
1670 1737 1835 1781 omittit
1857 1753 1950 1781 ver¹⁵

1056 1795 1254 1852 bumque
1289 1793 1417 1851 ponit
1449 1795 1667 1838 absolute.
1746 1795 1814 1838 De
1851 1811 1948 1838 ver-

1055 1853 1114 1894 bo
1133 1865 1431 1905 praesumere
1453 1851 1513 1894 cf.
1527 1852 1615 1895 An.
1645 1851 1767 1901 1‚48.
1796 1852 1863 1903 14,
1876 1851 1946 1895 64.

1056 1909 1387 1951 Freinshemius
1430 1909 1595 1951 frustra
1635 1909 1831 1952 coniecit
1868 1924 1947 1952 re-

1054 1968 1296 2017 scripsere.
1400 1964 1598 2024 Ryckius
1641 1980 1948 2020 praesumere

1056 2023 1172 2067 male
1193 2023 1507 2079 interpretatus
1535 2031 1603 2067 est
1626 2025 1824 2077 opinari.

147 1724 203 1759 de
225 1721 431 1761 exercitu
452 1720 615 1762 securi.
677 1716 754 1762 Sic
777 1717 909 1763 MSS.
942 1726 986 1761 et

94 1776 196 1819 edd.
225 1775 402 1818 Puteol.
430 1791 530 1832 sqq.
565 1776 619 1818 ad
654 1777 874 1833 Lipsium,
909 1776 984 1834 qui

95 1833 350 1876 emendavit
383 1835 441 1874 de
476 1833 609 1874 exitu
640 1836 805 1876 securi.
895 1833 983 1876 Sed

93 1889 288 1948 Ryckius
323 1890 436 1932 bene
468 1890 778 1933 animadvertit
810 1892 984 1934 securi-

92 1956 227 1989 tatem
263 1947 318 1989 de
356 1948 471 1990 exitu
512 1947 599 1989 iam
634 1964 726 1990 esse
761 1948 805 1990 in
841 1948 984 1990 verbis

88 2019 176 2057 pro
225 2019 371 2046 causa
414 2005 632 2062 fidenter.
726 2004 874 2047 Verba
926 2009 985 2046 de

90 2064 293 2104 exercitu
323 2076 473 2103 secun
506 2060 755 2118 respiciunt
794 2061 847 2104 ad
884 2063 986 2104 lau-

92 2120 196 2169 des,
233 2117 331 2174 quis
353 2117 613 2161 Germanici
645 2119 859 2162 exercitus
886 2120 983 2164 vir-

91 2185 161 2219 tus
195 2191 219 2218 a
244 2175 435 2220 Caecina
467 2174 755 2226 attollebatur
788 2175 834 2219 in
867 2193 982 2226 conf-

89 2232 316 2277 tumeliam
342 2232 669 2276 Flavianorum.
729 2233 867 2277 Recte
895 2234 985 2292 igi-

90 2300 164 2333 tur
200 2289 447 2333 Oberlinus
491 2306 596 2333 cum
630 2290 813 2348 Bipont.
851 2300 981 2334 vete-

93 2365 190 2391 rem
214 2346 480 2405 scripturam
504 2346 711 2391 restituit.
771 2347 982 2392 Ceterum

92 2404 194 2448 MS.
223 2406 330 2459 Agr.
365 2421 456 2447 non
487 2404 619 2447 habet
647 2420 807 2448 vocem
837 2407 990 2447 securi

94 2472 137 2507 et
156 2462 228 2506 ed.
255 2461 372 2519 Spir.
407 2471 525 2504 earet
555 2461 703 2519 verbis
736 2465 906 2513 securi,
935 2465 982 2505 in

96 2520 335 2562 Vitellium
368 2526 418 2560 ut
446 2519 633 2572 inimici.
665 2543 718 2550 ——
782 2520 872 2560 Iam
903 2536 982 2564 ve-

93 2586 207 2620 teres
233 2576 285 2618 ab
309 2575 396 2619 hoc
418 2575 520 2618 loco
553 2584 782 2619 transeunt
807 2576 860 2618 ad
883 2593 982 2621 ver-

91 2634 145 2677 ba
167 2648 266 2691 cap.
288 2635 328 2677 5.
389 2632 442 2674 Et
459 2632 560 2676 cod.
579 2634 831 2688 F101·.(test.
846 2634 978 2690 vict.)

91 2691 254 2749 pergitz
305 2689 366 2732 In
414 2690 652 2734 Vitellium
703 2698 755 2733 ut
805 2691 986 2734 inimici

90 2749 257 2791 innomi
305 2749 564 2789 exercitum
609 2748 811 2790 moesico
861 2751 982 2791 cele-

91 2811 239 2848 taret.
306 2804 406 2846 MS.
439 2803 590 2848 Guelf.
619 2807 858 2848 Vitellium
891 2806 982 2860 (ne-

91 2860 233 2919 glecta
256 2862 584 2919 praepositione
617 2865 680 2917 in)
711 2870 763 2904 ut
784 2864 983 2905 inimici:

91 2926 142 2960 ut
173 2920 342 2961 ῐηοευᾶ
381 2920 590 2962 exercitt}
625 2921 825 2962 moesico
858 2922 979 2962 cele-

90 2975 269 3020 braret.
374 2975 456 3019 Ed.
501 2975 624 3034 Spir.
676 2981 733 3019 cle
780 2980 985 3020 exercitu

94 3035 290 3075 moesico
312 3036 559 3076 celebrare.
606 3037 673 3076 Ac
693 3049 753 3076 ne
776 3036 983 3076 inermes

93 3098 178 3132 etc.
237 3089 363 3134 Edd.·
387 3090 490 3132 Put.
525 3090 592 3134 M.
621 3100 664 3134 et
687 3092 740 3134 V.
771 3090 982 3134 Beroal‘d.

93 3147 189 3191 Alc.
209 3164 228 3189 s
263 3163 304 3203 q.
328 3147 380 3190 ad
406 3146 651 3191 Pichenam
683 3147 853 3190 faciunt
875 3163 979 3191 cum

91 3201 193 3246 MS.
231 3202 390 3254 Juelf„
434 3203 519 3246 nisi
548 3205 672 3263 quod
697 3205 872 3248 Puteol.
909 3205 981 3247 ha·

90 3260 164 3304 bet
205 3262 473 3312 messinam,
524 3263 696 3305 ceterae
729 3262 981 3304 Moesicum

92 3333 175 3375 pro
209 3319 431 3369 moesiae:
467 3327 511 3362 et
541 3322 776 3362 celebrare
801 3335 884 3378 pro
907 3334 981 3362 ce-

93 3377 343 3419 lebrarent.

155 3470 530 3512 praesumpsere.
642 3458 699 3505 H.
759 3475 799 3502 e.
858 3459 983 3518 prius

96 3526 320 3574 sumpsere
366 3532 500 3574 quam
544 3512 884 3567 decerneretur,
927 3531 982 3559 an

96 3572 306 3615 sumenda
342 3582 502 3622 essent.
585 3572 742 3633 Cogita
775 3574 829 3618 dc
865 3589 980 3619 con-

1099 2092 1240 2148 facta
1283 2093 1479 2135 tribunis
1515 2092 1950 2150 centurionibusque

1057 2158 1144 2193 ete.
1223 2149 1300 2194 Sic
1340 2149 1478 2193 MSS.
1507 2149 1631 2193 Flor.
1677 2152 1795 2205 (test.
1831 2150 1960 2195 Vici.—

1056 2223 1160 2251 cum
1182 2206 1375 2263 Ryckio)
1407 2209 1517 2264 Agr.
1545 2205 1669 2250 Harl.
1690 2207 1945 2268 edd.Ryck.

1056 2265 1146 2308 lac.
1173 2264 1385 2308 Gronov.
1408 2280 1502 2321 sqq.
1530 2293 1588 2300 -
1625 2265 1767 2320 facta
1793 2267 1947 2310 tribu-

1052 2324 1127 2364 nis
1159 2331 1202 2364 et
1234 2322 1579 2364 centurionibus
1609 2322 1711 2364 edd.
1742 2322 1945 2367 Rbenan.

1049 2395 1151 2437 sqq.
1175 2379 1231 2421 ad
1254 2378 1493 2436 Ryckium.
1526 2404 1581 2414 «-
1624 2377 1765 2434 facta
1793 2398 1826 2423 a
1858 2384 1947 2424 tri-

1056 2438 1189 2479 bunis
1221 2437 1644 2492 centurionibusque
1663 2435 1766 2480 MS.
1790 2437 1946 2484 Guelf,

1055 2494 1122 2536 ed.
1151 2493 1270 2548 Spir.
1294 2520 1350 2528 —-
1377 2493 1426 2548 f.
1450 2511 1481 2535 a
1503 2501 1562 2537 tr.
1587 2503 1631 2535 et
1655 2509 1692 2536 c.
1715 2495 1816 2540 MS.
1829 2495 1945 2541 Bud.

1055 2551 1156 2593 edd.
1181 2550 1284 2593 Put.
1306 2549 1518 2592 Beroald.
1543 2550 1646 2595 Ale.
1688 2549 1689 2552 ¹

1111 2623 1176 2662 ad
1216 2621 1579 2663 transitionemf
1643 2619 1746 2665 MS.
1783 2622 1946 2670 Guelf.

1054 2681 1121 2720 ad
1141 2679 1527 2719 transactionem.
1909 2702 1911 2706 -

1113 2748 1428 2800 contemptim.
1508 2745 1609 2789 MS.
1644 2747 1799 2794 Guelf.
1826 2763 1945 2795 ‘con-

1055 2803 1254 2858 temptti.
1314 2803 1398 2846 Ed.
1422 2803 1540 2862 Spir.
1563 2809 1830 2862 contempti.

1491 2886 1601 2932 .MS.
1645 2889 1796 2935 Guelf.
1833 2894 1949 2936 scri-

1108 2888 1412 2943 scripsissent.

1047 2948 1216 3000 psisset
1225 2977 1234 2987 .

1108 3030 1222 3073 CM».
1257 3031 1327 3076 10.
1388 3031 1681 3083 Aponianus.
1743 3032 1878 3078 MSS.
1904 3043 1946 3077 et

1055 3094 1157 3129 vett.
1190 3085 1292 3129 edd.
1327 3087 1638 3141 Apamenas,
1679 3090 1800 3145 quod
1823 3089 1945 3133 Rhe-

1054 3159 1195 3186 nanus
1254 3143 1450 3187 correxit
1503 3143 1552 3186 in
1588 3148 1868 3199 ,Aponianus
1922 3164 1945 3190 e

1055 3216 1150 3259 cap.
1173 3216 1265 3268 seq.
1282 3231 1294 3249 ,
1325 3201 1403 3245 ubi
1426 3181 1596 3246 lilari'in
1620 3203 1702 3247 hac
1725 3206 1945 3263 scriptura

1055 3267 1327 3315 conspirant.

1115 3342 1390 3386 Galbianae.
1449 3343 1527 3386 Sic
1540 3342 1673 3387 MSS.
1687 3342 1808 3387 Flor.
1829 3345 1942 3398 (test.

1057 3400 1191 3454 Vict.)
1216 3397 1368 3441 Guelf.
1392 3399 1530 3443 Corb.
1555 3401 1655 3444 cdd.
1671 3400 1787 3458 Spir.
1803 3396 1945 3445 Rhen.

1058 3459 1127 3514 (ut
1165 3455 1342 3500 videtur
1379 3474 1403 3500 e
1441 3457 1574 3513 liud.)
1610 3457 1715 3500 Ald.
1749 3473 1846 3514 sqq.
1887 3484 1946 3494 —-

1057 3514 1252 3612 Gizlbiae
1301 3512 1400 3558 edd.
1433 3514 1535 3558 Put.
1574 3514 1640 3557 Μ..
1674 3522 1715 3557 et
1750 3515 1806 3557 V.
1842 3516 1942 3561 Ber.

1056 3574 1092 3614 A
1117 3572 1218 3615 ciat.
