<?xml version="1.0" encoding="UTF-8"?>
<!DOCTYPE html PUBLIC "-//W3C//DTD XHTML 1.0 Transitional//EN"
    "http://www.w3.org/TR/xhtml1/DTD/xhtml1-transitional.dtd">
<html xmlns="http://www.w3.org/1999/xhtml" xml:lang="en" lang="en">
 <head>
  <title>
</title>
<meta http-equiv="Content-Type" content="text/html;charset=utf-8" />
  <meta name='ocr-system' content='tesseract 3.04.00' />
  <meta name='ocr-capabilities' content='ocr_page ocr_carea ocr_par ocr_line ocrx_word'/>
</head>
<body>
  <div class='ocr_page' id='page_1' title='image "./operarecensuitet03taciuoft/operarecensuitet03taciuoft_0387.png"; bbox 0 0 2138 4030; ppageno 0'>
   <div class='ocr_carea' id='block_1_1' title="bbox 160 292 386 380">
    <p class='ocr_par' dir='ltr' id='par_1_1' title="bbox 160 292 386 380">
     <span class='ocr_line' id='line_1_1' title="bbox 160 292 386 380; baseline 0 -5"><span class='ocrx_word' id='word_1_1' title='bbox 160 294 218 380; x_wconf 61' lang='lat'><strong>2:</strong></span> <span class='ocrx_word' id='word_1_2' title='bbox 229 293 283 377; x_wconf 62' lang='lat'><strong>3:</strong></span> <span class='ocrx_word' id='word_1_3' title='bbox 299 292 386 375; x_wconf 62' lang='lat'><strong>⁸33:</strong></span> 
     </span>
    </p>
   </div>
   <div class='ocr_carea' id='block_1_2' title="bbox 640 292 1359 358">
    <p class='ocr_par' dir='ltr' id='par_1_2' title="bbox 640 292 1359 358">
     <span class='ocr_line' id='line_1_2' title="bbox 640 292 1359 358; baseline 0.003 -2"><span class='ocrx_word' id='word_1_4' title='bbox 640 294 814 358; x_wconf 91' lang='lat' dir='ltr'><strong>LIB.</strong></span> <span class='ocrx_word' id='word_1_5' title='bbox 851 293 958 358; x_wconf 90' lang='lat' dir='ltr'><strong>IV.</strong></span> <span class='ocrx_word' id='word_1_6' title='bbox 1023 292 1221 357; x_wconf 91' lang='lat' dir='ltr'><strong>CAP.</strong></span> <span class='ocrx_word' id='word_1_7' title='bbox 1263 298 1359 358; x_wconf 69' lang='lat'><strong>12.</strong></span> 
     </span>
    </p>
   </div>
   <div class='ocr_carea' id='block_1_3' title="bbox 1805 286 1999 360">
    <p class='ocr_par' dir='ltr' id='par_1_3' title="bbox 1805 286 1999 360">
     <span class='ocr_line' id='line_1_3' title="bbox 1805 286 1999 360; baseline 0 0"><span class='ocrx_word' id='word_1_8' title='bbox 1805 299 1931 360; x_wconf 75' lang='lat'><strong>377</strong></span> <span class='ocrx_word' id='word_1_9' title='bbox 1995 286 1999 289; x_wconf 48' lang='grc'><strong>’</strong></span> 
     </span>
    </p>
   </div>
   <div class='ocr_carea' id='block_1_4' title="bbox 73 422 1932 674">
    <p class='ocr_par' dir='ltr' id='par_1_4' title="bbox 73 422 1932 674">
     <span class='ocr_line' id='line_1_4' title="bbox 76 422 1929 506; baseline 0.001 -18"><span class='ocrx_word' id='word_1_10' title='bbox 76 433 232 491; x_wconf 86' lang='lat' dir='ltr'><strong>inter</strong></span> <span class='ocrx_word' id='word_1_11' title='bbox 270 428 423 492; x_wconf 72' lang='lat' dir='ltr'><strong>vada</strong></span> <span class='ocrx_word' id='word_1_12' title='bbox 463 428 634 486; x_wconf 85' lang='lat' dir='ltr'><strong>sitam</strong></span> <span class='ocrx_word' id='word_1_13' title='bbox 673 444 1086 501; x_wconf 54' lang='lat' dir='ltr'><strong>occupavere,</strong></span> <span class='ocrx_word' id='word_1_14' title='bbox 1126 446 1304 506; x_wconf 84' lang='lat' dir='ltr'><strong>quam</strong></span> <span class='ocrx_word' id='word_1_15' title='bbox 1346 446 1508 485; x_wconf 88' lang='lat' dir='ltr'><strong>mare</strong></span> <span class='ocrx_word' id='word_1_16' title='bbox 1543 422 1856 487; x_wconf 82' lang='lat' dir='ltr'><strong>Oceanum</strong></span> <span class='ocrx_word' id='word_1_17' title='bbox 1894 451 1929 489; x_wconf 85' lang='lat' dir='ltr'><strong>a</strong></span> 
     </span>
     <span class='ocr_line' id='line_1_5' title="bbox 73 508 1929 585; baseline -0.002 -11"><span class='ocrx_word' id='word_1_18' title='bbox 73 519 270 575; x_wconf 77' lang='lat' dir='ltr'><strong>fronte</strong></span> <span class='ocrx_word' id='word_1_19' title='bbox 289 560 308 585; x_wconf 87' lang='lat'><strong>,</strong></span> <span class='ocrx_word' id='word_1_20' title='bbox 383 508 637 571; x_wconf 86' lang='lat' dir='ltr'><strong>Rhenus</strong></span> <span class='ocrx_word' id='word_1_21' title='bbox 688 511 878 567; x_wconf 85' lang='lat' dir='ltr'><strong>amnis</strong></span> <span class='ocrx_word' id='word_1_22' title='bbox 930 521 1159 585; x_wconf 87' lang='lat' dir='ltr'><strong>tergum</strong></span> <span class='ocrx_word' id='word_1_23' title='bbox 1215 531 1280 569; x_wconf 84' lang='lat' dir='ltr'><strong>ac</strong></span> <span class='ocrx_word' id='word_1_24' title='bbox 1328 512 1512 569; x_wconf 82' lang='lat' dir='ltr'><strong>latera</strong></span> <span class='ocrx_word' id='word_1_25' title='bbox 1567 513 1929 572; x_wconf 71' lang='lat' dir='ltr'><strong>circumluitt</strong></span> 
     </span>
     <span class='ocr_line' id='line_1_6' title="bbox 73 594 1932 674; baseline -0.001 -15"><span class='ocrx_word' id='word_1_26' title='bbox 73 619 182 659; x_wconf 72' lang='lat' dir='ltr'><strong>nec</strong></span> <span class='ocrx_word' id='word_1_27' title='bbox 264 598 479 674; x_wconf 85' lang='lat' dir='ltr'><strong>opibus</strong></span> <span class='ocrx_word' id='word_1_28' title='bbox 559 594 852 655; x_wconf 83' lang='lat' dir='ltr'><strong>Romanis</strong></span> <span class='ocrx_word' id='word_1_29' title='bbox 942 596 1214 655; x_wconf 69' lang='lat' dir='ltr'><strong>societate</strong></span> <span class='ocrx_word' id='word_1_30' title='bbox 1301 596 1660 656; x_wconf 84' lang='lat' dir='ltr'>validiorum</span> <span class='ocrx_word' id='word_1_31' title='bbox 1746 600 1932 657; x_wconf 80' lang='lat' dir='ltr'><strong>attriti</strong></span> 
     </span>
    </p>
   </div>
   <div class='ocr_carea' id='block_1_5' title="bbox 72 756 972 1506">
    <p class='ocr_par' dir='ltr' id='par_1_5' title="bbox 72 756 972 1506">
     <span class='ocr_line' id='line_1_7' title="bbox 131 756 964 810; baseline -0.01 0"><span class='ocrx_word' id='word_1_32' title='bbox 131 767 254 810; x_wconf 82' lang='lat' dir='ltr'><strong>inter</strong></span> <span class='ocrx_word' id='word_1_33' title='bbox 294 767 421 807; x_wconf 82' lang='lat' dir='ltr'><strong>vada</strong></span> <span class='ocrx_word' id='word_1_34' title='bbox 461 763 622 807; x_wconf 76' lang='lat' dir='ltr'><strong>sitam.</strong></span> <span class='ocrx_word' id='word_1_35' title='bbox 707 759 786 804; x_wconf 86' lang='lat' dir='ltr'><strong>Sic</strong></span> <span class='ocrx_word' id='word_1_36' title='bbox 827 756 964 803; x_wconf 89' lang='lat' dir='ltr'>MSS.</span> 
     </span>
     <span class='ocr_line' id='line_1_8' title="bbox 72 813 966 868; baseline -0.008 -2"><span class='ocrx_word' id='word_1_37' title='bbox 72 823 220 868; x_wconf 82' lang='lat' dir='ltr'><strong>Vatie.</strong></span> <span class='ocrx_word' id='word_1_38' title='bbox 247 820 374 866; x_wconf 82' lang='lat'><strong>1958.</strong></span> <span class='ocrx_word' id='word_1_39' title='bbox 394 818 520 864; x_wconf 86' lang='lat' dir='ltr'>Harl.</span> <span class='ocrx_word' id='word_1_40' title='bbox 545 817 676 862; x_wconf 86' lang='lat' dir='ltr'><strong>Bodl.</strong></span> <span class='ocrx_word' id='word_1_41' title='bbox 704 819 788 861; x_wconf 87' lang='lat' dir='ltr'><strong>les.</strong></span> <span class='ocrx_word' id='word_1_42' title='bbox 811 813 966 859; x_wconf 86' lang='lat' dir='ltr'><strong>Guelf.</strong></span> 
     </span>
     <span class='ocr_line' id='line_1_9' title="bbox 75 873 967 925; baseline -0.008 0"><span class='ocrx_word' id='word_1_43' title='bbox 75 881 179 925; x_wconf 83' lang='lat' dir='ltr'><strong>edd.</strong></span> <span class='ocrx_word' id='word_1_44' title='bbox 203 880 308 923; x_wconf 80' lang='lat' dir='ltr'><strong>Put.</strong></span> <span class='ocrx_word' id='word_1_45' title='bbox 334 877 390 923; x_wconf 90' lang='lat' dir='ltr'><strong>M</strong></span> <span class='ocrx_word' id='word_1_46' title='bbox 407 886 454 921; x_wconf 88' lang='lat' dir='ltr'><strong>et</strong></span> <span class='ocrx_word' id='word_1_47' title='bbox 476 874 532 919; x_wconf 89' lang='lat' dir='ltr'><strong>V.</strong></span> <span class='ocrx_word' id='word_1_48' title='bbox 556 876 662 919; x_wconf 85' lang='lat' dir='ltr'><strong>Ber.</strong></span> <span class='ocrx_word' id='word_1_49' title='bbox 687 874 793 919; x_wconf 87' lang='lat' dir='ltr'><strong>Alc.</strong></span> <span class='ocrx_word' id='word_1_50' title='bbox 822 873 967 918; x_wconf 76' lang='lat' dir='ltr'><strong>Rhen-</strong></span> 
     </span>
     <span class='ocr_line' id='line_1_10' title="bbox 73 930 967 1040; baseline -0.01 0"><span class='ocrx_word' id='word_1_51' title='bbox 73 954 178 1040; x_wconf 65' lang='grc' dir='ltr'><strong>ῗέἓὲ.</strong></span> <span class='ocrx_word' id='word_1_52' title='bbox 208 941 679 1037; x_wconf 57' lang='grc' dir='ltr'><strong>ἧςιοίῗξῖαέἶηῗίιῖἴῗ</strong></span> <span class='ocrx_word' id='word_1_53' title='bbox 711 930 967 1032; x_wconf 52' lang='grc' dir='ltr'><strong>ἕῗᾰῃῖἕῗέἶ</strong></span> 
     </span>
     <span class='ocr_line' id='line_1_11' title="bbox 73 1048 964 1112; baseline -0.01 -16"><span class='ocrx_word' id='word_1_54' title='bbox 73 1051 273 1112; x_wconf 81' lang='lat' dir='ltr'><strong>Ryckius</strong></span> <span class='ocrx_word' id='word_1_55' title='bbox 295 1048 409 1094; x_wconf 87' lang='lat' dir='ltr'><strong>falso</strong></span> <span class='ocrx_word' id='word_1_56' title='bbox 430 1048 535 1092; x_wconf 86' lang='lat' dir='ltr'><strong>inde</strong></span> <span class='ocrx_word' id='word_1_57' title='bbox 557 1048 757 1106; x_wconf 86' lang='lat' dir='ltr'><strong>prodidit</strong></span> <span class='ocrx_word' id='word_1_58' title='bbox 781 1049 964 1089; x_wconf 82' lang='lat' dir='ltr'><strong>inuata.</strong></span> 
     </span>
     <span class='ocr_line' id='line_1_12' title="bbox 74 1102 968 1164; baseline -0.012 -10"><span class='ocrx_word' id='word_1_59' title='bbox 74 1108 164 1155; x_wconf 89' lang='lat' dir='ltr'><strong>Sed</strong></span> <span class='ocrx_word' id='word_1_60' title='bbox 198 1117 250 1152; x_wconf 91' lang='lat' dir='ltr'><strong>ut</strong></span> <span class='ocrx_word' id='word_1_61' title='bbox 281 1106 360 1156; x_wconf 82' lang='lat' dir='ltr'><strong>sit,</strong></span> <span class='ocrx_word' id='word_1_62' title='bbox 401 1114 614 1164; x_wconf 87' lang='lat' dir='ltr'><strong>corrupta</strong></span> <span class='ocrx_word' id='word_1_63' title='bbox 642 1104 716 1148; x_wconf 86' lang='lat' dir='ltr'><strong>illa</strong></span> <span class='ocrx_word' id='word_1_64' title='bbox 745 1102 968 1162; x_wconf 87' lang='lat' dir='ltr'><strong>scriptura</strong></span> 
     </span>
     <span class='ocr_line' id='line_1_13' title="bbox 76 1161 968 1224; baseline -0.01 -13"><span class='ocrx_word' id='word_1_65' title='bbox 76 1167 298 1224; x_wconf 81' lang='lat' dir='ltr'><strong>originem</strong></span> <span class='ocrx_word' id='word_1_66' title='bbox 321 1163 452 1208; x_wconf 78' lang='lat' dir='ltr'><strong>traxit</strong></span> <span class='ocrx_word' id='word_1_67' title='bbox 483 1179 506 1205; x_wconf 87' lang='lat' dir='ltr'><strong>e</strong></span> <span class='ocrx_word' id='word_1_68' title='bbox 538 1161 836 1221; x_wconf 87' lang='lat' dir='ltr'><strong>compendio,</strong></span> <span class='ocrx_word' id='word_1_69' title='bbox 876 1174 968 1217; x_wconf 91' lang='lat' dir='ltr'><strong>quo</strong></span> 
     </span>
     <span class='ocr_line' id='line_1_14' title="bbox 76 1217 970 1283; baseline -0.011 -15"><span class='ocrx_word' id='word_1_70' title='bbox 76 1224 395 1283; x_wconf 62' lang='lat' dir='ltr'><strong>exprimeretur</strong></span> <span class='ocrx_word' id='word_1_71' title='bbox 414 1219 683 1280; x_wconf 80' lang='lat' dir='ltr'><strong>praepositio</strong></span> <span class='ocrx_word' id='word_1_72' title='bbox 702 1221 835 1262; x_wconf 83' lang='lat' dir='ltr'><strong>inter.</strong></span> <span class='ocrx_word' id='word_1_73' title='bbox 863 1217 970 1260; x_wconf 88' lang='lat' dir='ltr'><strong>Per-</strong></span> 
     </span>
     <span class='ocr_line' id='line_1_15' title="bbox 76 1272 969 1325; baseline -0.011 -1"><span class='ocrx_word' id='word_1_74' title='bbox 76 1281 265 1325; x_wconf 77' lang='lat' dir='ltr'><strong>mutatio</strong></span> <span class='ocrx_word' id='word_1_75' title='bbox 295 1277 545 1322; x_wconf 82' lang='lat' dir='ltr'><strong>litterarum</strong></span> <span class='ocrx_word' id='word_1_76' title='bbox 575 1280 608 1319; x_wconf 83' lang='lat' dir='ltr'><strong>d</strong></span> <span class='ocrx_word' id='word_1_77' title='bbox 643 1284 685 1320; x_wconf 86' lang='lat' dir='ltr'><strong>et</strong></span> <span class='ocrx_word' id='word_1_78' title='bbox 719 1283 737 1317; x_wconf 78' lang='lat' dir='ltr'><strong>t</strong></span> <span class='ocrx_word' id='word_1_79' title='bbox 769 1275 901 1319; x_wconf 84' lang='lat' dir='ltr'><strong>etiam</strong></span> <span class='ocrx_word' id='word_1_80' title='bbox 923 1272 969 1315; x_wconf 88' lang='lat' dir='ltr'><strong>in</strong></span> 
     </span>
     <span class='ocr_line' id='line_1_16' title="bbox 79 1330 972 1393; baseline -0.011 -11"><span class='ocrx_word' id='word_1_81' title='bbox 79 1338 180 1383; x_wconf 88' lang='lat' dir='ltr'><strong>cod.</strong></span> <span class='ocrx_word' id='word_1_82' title='bbox 200 1337 324 1381; x_wconf 91' lang='lat' dir='ltr'><strong>Flor.</strong></span> <span class='ocrx_word' id='word_1_83' title='bbox 345 1335 556 1393; x_wconf 84' lang='lat' dir='ltr'><strong>frequens</strong></span> <span class='ocrx_word' id='word_1_84' title='bbox 577 1342 658 1377; x_wconf 88' lang='lat' dir='ltr'><strong>est.</strong></span> <span class='ocrx_word' id='word_1_85' title='bbox 718 1331 835 1376; x_wconf 86' lang='lat' dir='ltr'><strong>Cum</strong></span> <span class='ocrx_word' id='word_1_86' title='bbox 849 1330 972 1375; x_wconf 88' lang='lat' dir='ltr'><strong>Flor.</strong></span> 
     </span>
     <span class='ocr_line' id='line_1_17' title="bbox 79 1390 971 1442; baseline -0.011 -3"><span class='ocrx_word' id='word_1_87' title='bbox 79 1393 302 1442; x_wconf 77' lang='lat' dir='ltr'><strong>consentit</strong></span> <span class='ocrx_word' id='word_1_88' title='bbox 324 1393 438 1436; x_wconf 84' lang='lat' dir='ltr'><strong>Bud.</strong></span> <span class='ocrx_word' id='word_1_89' title='bbox 474 1420 532 1428; x_wconf 86' lang='lat'><strong>—-</strong></span> <span class='ocrx_word' id='word_1_90' title='bbox 590 1398 806 1434; x_wconf 83' lang='lat' dir='ltr'><strong>vocatam</strong></span> <span class='ocrx_word' id='word_1_91' title='bbox 829 1390 971 1432; x_wconf 84' lang='lat' dir='ltr'><strong>sitam</strong></span> 
     </span>
     <span class='ocr_line' id='line_1_18' title="bbox 72 1447 972 1506; baseline -0.011 -10"><span class='ocrx_word' id='word_1_92' title='bbox 72 1451 214 1496; x_wconf 65' lang='lat' dir='ltr'>”MSS</span> <span class='ocrx_word' id='word_1_93' title='bbox 235 1449 381 1494; x_wconf 89' lang='lat' dir='ltr'><strong>Vatie.</strong></span> <span class='ocrx_word' id='word_1_94' title='bbox 411 1448 533 1493; x_wconf 77' lang='lat'><strong>1868.</strong></span> <span class='ocrx_word' id='word_1_95' title='bbox 561 1447 676 1506; x_wconf 83' lang='lat' dir='ltr'><strong>Reg.</strong></span> <span class='ocrx_word' id='word_1_96' title='bbox 715 1476 774 1484; x_wconf 92' lang='lat'><strong>—-</strong></span> <span class='ocrx_word' id='word_1_97' title='bbox 830 1461 972 1488; x_wconf 85' lang='lat' dir='ltr'><strong>voca-</strong></span> 
     </span>
    </p>
   </div>
   <div class='ocr_carea' id='block_1_6' title="bbox 80 1505 974 1554">
    <p class='ocr_par' dir='ltr' id='par_1_6' title="bbox 80 1505 974 1554">
     <span class='ocr_line' id='line_1_19' title="bbox 80 1505 974 1554; baseline -0.012 0"><span class='ocrx_word' id='word_1_98' title='bbox 80 1519 182 1554; x_wconf 79' lang='lat' dir='ltr'><strong>tam</strong></span> <span class='ocrx_word' id='word_1_99' title='bbox 204 1509 327 1551; x_wconf 83' lang='lat' dir='ltr'><strong>sitan</strong></span> <span class='ocrx_word' id='word_1_100' title='bbox 352 1506 465 1551; x_wconf 90' lang='lat' dir='ltr'><strong>ed.S</strong></span> <span class='ocrx_word' id='word_1_101' title='bbox 500 1507 553 1550; x_wconf 89' lang='lat' dir='ltr'><strong>ir.</strong></span> <span class='ocrx_word' id='word_1_102' title='bbox 585 1534 645 1541; x_wconf 92' lang='lat'><em>-</em></span> <span class='ocrx_word' id='word_1_103' title='bbox 702 1513 815 1547; x_wconf 81' lang='lat' dir='ltr'><strong>vata</strong></span> <span class='ocrx_word' id='word_1_104' title='bbox 832 1505 974 1547; x_wconf 87' lang='lat' dir='ltr'><strong>sitam</strong></span> 
     </span>
    </p>
   </div>
   <div class='ocr_carea' id='block_1_7' title="bbox 0 1559 974 1619">
    <p class='ocr_par' dir='ltr' id='par_1_7' title="bbox 0 1559 974 1619">
     <span class='ocr_line' id='line_1_20' title="bbox 0 1559 974 1619; baseline -0.012 -7"><span class='ocrx_word' id='word_1_105' title='bbox 0 1581 6 1586; x_wconf 83' lang='lat'><strong>·</strong></span> <span class='ocrx_word' id='word_1_106' title='bbox 80 1565 217 1612; x_wconf 89' lang='lat' dir='ltr'>MSS.</span> <span class='ocrx_word' id='word_1_107' title='bbox 239 1562 383 1608; x_wconf 85' lang='lat' dir='ltr'><strong>Vatic.</strong></span> <span class='ocrx_word' id='word_1_108' title='bbox 408 1564 461 1607; x_wconf 90' lang='grc'><strong>18</strong></span> <span class='ocrx_word' id='word_1_109' title='bbox 491 1564 532 1606; x_wconf 83' lang='grc'><strong>4.</strong></span> <span class='ocrx_word' id='word_1_110' title='bbox 566 1561 704 1607; x_wconf 82' lang='lat' dir='ltr'><strong>Corb.</strong></span> <span class='ocrx_word' id='word_1_111' title='bbox 730 1562 845 1619; x_wconf 85' lang='lat' dir='ltr'><strong>Agr.</strong></span> <span class='ocrx_word' id='word_1_112' title='bbox 867 1559 974 1616; x_wconf 72' lang='lat' dir='ltr'><strong>Spi-</strong></span> 
     </span>
    </p>
   </div>
   <div class='ocr_carea' id='block_1_8' title="bbox 79 1618 978 2810">
    <p class='ocr_par' dir='ltr' id='par_1_8' title="bbox 79 1618 978 2810">
     <span class='ocr_line' id='line_1_21' title="bbox 79 1618 974 1677; baseline -0.011 -9"><span class='ocrx_word' id='word_1_113' title='bbox 79 1639 164 1668; x_wconf 84' lang='lat' dir='ltr'><strong>nae</strong></span> <span class='ocrx_word' id='word_1_114' title='bbox 212 1629 256 1665; x_wconf 82' lang='lat' dir='ltr'><strong>et</strong></span> <span class='ocrx_word' id='word_1_115' title='bbox 294 1620 440 1665; x_wconf 82' lang='lat' dir='ltr'><strong>Vatic&#39;.</strong></span> <span class='ocrx_word' id='word_1_116' title='bbox 488 1620 613 1665; x_wconf 77' lang='lat'><strong>1863.</strong></span> <span class='ocrx_word' id='word_1_117' title='bbox 656 1620 703 1662; x_wconf 89' lang='lat' dir='ltr'><strong>in</strong></span> <span class='ocrx_word' id='word_1_118' title='bbox 756 1618 974 1677; x_wconf 82' lang='lat' dir='ltr'><strong>margine.</strong></span> 
     </span>
     <span class='ocr_line' id='line_1_22' title="bbox 79 1674 977 1739; baseline -0.01 -15"><span class='ocrx_word' id='word_1_119' title='bbox 79 1679 253 1739; x_wconf 82' lang='lat' dir='ltr'><strong>Lipsius</strong></span> <span class='ocrx_word' id='word_1_120' title='bbox 291 1679 339 1722; x_wconf 88' lang='lat' dir='ltr'><strong>in</strong></span> <span class='ocrx_word' id='word_1_121' title='bbox 380 1687 484 1722; x_wconf 78' lang='lat' dir='ltr'><strong>vett.</strong></span> <span class='ocrx_word' id='word_1_122' title='bbox 526 1677 651 1721; x_wconf 86' lang='lat' dir='ltr'><strong>libris</strong></span> <span class='ocrx_word' id='word_1_123' title='bbox 694 1675 825 1721; x_wconf 79' lang='lat' dir='ltr'><strong>etiam</strong></span> <span class='ocrx_word' id='word_1_124' title='bbox 869 1674 977 1717; x_wconf 85' lang='lat' dir='ltr'><strong>vidit</strong></span> 
     </span>
     <span class='ocr_line' id='line_1_23' title="bbox 81 1734 977 1782; baseline -0.008 -2"><span class='ocrx_word' id='word_1_125' title='bbox 81 1737 373 1782; x_wconf 77' lang='lat' dir='ltr'><strong>Vacasitam.</strong></span> <span class='ocrx_word' id='word_1_126' title='bbox 437 1736 489 1778; x_wconf 83' lang='lat'><strong>111</strong></span> <span class='ocrx_word' id='word_1_127' title='bbox 515 1734 597 1779; x_wconf 84' lang='lat' dir='ltr'><strong>hac</strong></span> <span class='ocrx_word' id='word_1_128' title='bbox 622 1735 846 1778; x_wconf 89' lang='lat' dir='ltr'><strong>librorum</strong></span> <span class='ocrx_word' id='word_1_129' title='bbox 873 1747 977 1776; x_wconf 82' lang='lat' dir='ltr'><strong>coi·-</strong></span> 
     </span>
     <span class='ocr_line' id='line_1_24' title="bbox 81 1788 975 1854; baseline -0.01 -15"><span class='ocrx_word' id='word_1_130' title='bbox 81 1794 256 1854; x_wconf 84' lang='lat' dir='ltr'><strong>ruptela</strong></span> <span class='ocrx_word' id='word_1_131' title='bbox 289 1793 401 1837; x_wconf 85' lang='lat' dir='ltr'><strong>latus</strong></span> <span class='ocrx_word' id='word_1_132' title='bbox 431 1792 790 1851; x_wconf 83' lang='lat' dir='ltr'><strong>patuit-campus</strong></span> <span class='ocrx_word' id='word_1_133' title='bbox 820 1788 975 1833; x_wconf 86' lang='lat' dir='ltr'><strong>conie-</strong></span> 
     </span>
     <span class='ocr_line' id='line_1_25' title="bbox 85 1847 975 1910; baseline -0.011 -13"><span class='ocrx_word' id='word_1_134' title='bbox 85 1852 254 1897; x_wconf 86' lang='lat' dir='ltr'><strong>ctandi.</strong></span> <span class='ocrx_word' id='word_1_135' title='bbox 312 1848 488 1910; x_wconf 86' lang='lat' dir='ltr'><strong>Lipsius</strong></span> <span class='ocrx_word' id='word_1_136' title='bbox 519 1847 724 1896; x_wconf 85' lang='lat' dir='ltr'><strong>volebat:</strong></span> <span class='ocrx_word' id='word_1_137' title='bbox 765 1849 975 1890; x_wconf 81' lang='lat' dir='ltr'><strong>insulam</strong></span> 
     </span>
     <span class='ocr_line' id='line_1_26' title="bbox 85 1906 973 1953; baseline -0.01 0"><span class='ocrx_word' id='word_1_138' title='bbox 85 1909 261 1953; x_wconf 75' lang='lat' dir='ltr'><strong>Vahali</strong></span> <span class='ocrx_word' id='word_1_139' title='bbox 276 1912 488 1952; x_wconf 79' lang='lat' dir='ltr'><strong>assitam.</strong></span> <span class='ocrx_word' id='word_1_140' title='bbox 547 1906 809 1950; x_wconf 85' lang='lat' dir='ltr'><strong>Rhenanus:</strong></span> <span class='ocrx_word' id='word_1_141' title='bbox 839 1907 973 1946; x_wconf 85' lang='lat' dir='ltr'><strong>insu-</strong></span> 
     </span>
     <span class='ocr_line' id='line_1_27' title="bbox 81 1961 977 2010; baseline -0.009 0"><span class='ocrx_word' id='word_1_142' title='bbox 81 1971 183 2010; x_wconf 88' lang='lat' dir='ltr'><strong>lam</strong></span> <span class='ocrx_word' id='word_1_143' title='bbox 224 1966 308 2007; x_wconf 82' lang='lat' dir='ltr'><strong>sub</strong></span> <span class='ocrx_word' id='word_1_144' title='bbox 352 1969 482 2007; x_wconf 86' lang='lat' dir='ltr'><strong>vada</strong></span> <span class='ocrx_word' id='word_1_145' title='bbox 525 1965 690 2007; x_wconf 79' lang='lat' dir='ltr'><strong>sitam.</strong></span> <span class='ocrx_word' id='word_1_146' title='bbox 763 1961 977 2005; x_wconf 78' lang='lat' dir='ltr'><strong>Colerus:</strong></span> 
     </span>
     <span class='ocr_line' id='line_1_28' title="bbox 84 2023 974 2076; baseline -0.009 -8"><span class='ocrx_word' id='word_1_147' title='bbox 84 2025 293 2068; x_wconf 79' lang='lat' dir='ltr'><strong>insulam</strong></span> <span class='ocrx_word' id='word_1_148' title='bbox 357 2023 620 2066; x_wconf 71' lang='lat' dir='ltr'><strong>Batauam·</strong></span> <span class='ocrx_word' id='word_1_149' title='bbox 675 2031 974 2076; x_wconf 80' lang='lat' dir='ltr'><strong>occupavere.</strong></span> 
     </span>
     <span class='ocr_line' id='line_1_29' title="bbox 82 2075 976 2139; baseline -0.009 -14"><span class='ocrx_word' id='word_1_150' title='bbox 82 2082 252 2125; x_wconf 78' lang='lat' dir='ltr'><strong>Probat</strong></span> <span class='ocrx_word' id='word_1_151' title='bbox 274 2079 495 2139; x_wconf 85' lang='lat' dir='ltr'><strong>Ryckius,</strong></span> <span class='ocrx_word' id='word_1_152' title='bbox 537 2077 614 2136; x_wconf 93' lang='lat' dir='ltr'><strong>qui</strong></span> <span class='ocrx_word' id='word_1_153' title='bbox 646 2086 798 2121; x_wconf 84' lang='lat' dir='ltr'><strong>tamen</strong></span> <span class='ocrx_word' id='word_1_154' title='bbox 823 2075 976 2120; x_wconf 88' lang='lat' dir='ltr'><strong>mallet</strong></span> 
     </span>
     <span class='ocr_line' id='line_1_30' title="bbox 83 2134 974 2194; baseline -0.009 -11"><span class='ocrx_word' id='word_1_155' title='bbox 83 2138 362 2183; x_wconf 85' lang='lat' dir='ltr'><strong>Bataviam.</strong></span> <span class='ocrx_word' id='word_1_156' title='bbox 393 2135 456 2180; x_wconf 81' lang='lat' dir='ltr'><strong>ef.</strong></span> <span class='ocrx_word' id='word_1_157' title='bbox 478 2136 569 2179; x_wconf 89' lang='lat' dir='ltr'><strong>Dio</strong></span> <span class='ocrx_word' id='word_1_158' title='bbox 593 2134 663 2194; x_wconf 58' lang='lat'><strong>55,</strong></span> <span class='ocrx_word' id='word_1_159' title='bbox 685 2136 758 2177; x_wconf 77' lang='lat'><strong>24.</strong></span> <span class='ocrx_word' id='word_1_160' title='bbox 783 2136 904 2184; x_wconf 82' lang='grc' dir='ltr'>ξένοι</span> <span class='ocrx_word' id='word_1_161' title='bbox 926 2146 974 2175; x_wconf 82' lang='grc' dir='ltr'><strong>τε</strong></span> 
     </span>
     <span class='ocr_line' id='line_1_31' title="bbox 82 2191 974 2248; baseline -0.01 -6"><span class='ocrx_word' id='word_1_162' title='bbox 82 2198 239 2244; x_wconf 81' lang='grc' dir='ltr'><em>ἱππεῖς</em></span> <span class='ocrx_word' id='word_1_163' title='bbox 270 2194 495 2238; x_wconf 74' lang='grc' dir='ltr'><strong><em>ἐπίλεκτοι</em></strong></span> <span class='ocrx_word' id='word_1_164' title='bbox 507 2227 519 2248; x_wconf 86' lang='grc'>,</span> <span class='ocrx_word' id='word_1_165' title='bbox 564 2197 634 2241; x_wconf 85' lang='grc' dir='ltr'><strong>οἱς</strong></span> <span class='ocrx_word' id='word_1_166' title='bbox 667 2191 718 2235; x_wconf 77' lang='grc' dir='ltr'><strong>τὸ</strong></span> <span class='ocrx_word' id='word_1_167' title='bbox 756 2193 851 2235; x_wconf 82' lang='grc' dir='ltr'><strong>τῶν</strong></span> <span class='ocrx_word' id='word_1_168' title='bbox 875 2195 974 2234; x_wconf 83' lang='grc' dir='ltr'><strong>Βα-</strong></span> 
     </span>
     <span class='ocr_line' id='line_1_32' title="bbox 80 2246 976 2307; baseline -0.008 -9"><span class='ocrx_word' id='word_1_169' title='bbox 80 2249 264 2299; x_wconf 81' lang='grc' dir='ltr'><em>ταούων</em></span> <span class='ocrx_word' id='word_1_170' title='bbox 285 2250 478 2307; x_wconf 73' lang='grc' dir='ltr'><em>ἀπὸτῆς</em></span> <span class='ocrx_word' id='word_1_171' title='bbox 492 2246 738 2300; x_wconf 79' lang='grc' dir='ltr'><em>Βαταούας</em></span> <span class='ocrx_word' id='word_1_172' title='bbox 768 2248 846 2306; x_wconf 91' lang='lat' dir='ltr'><strong>(al.</strong></span> <span class='ocrx_word' id='word_1_173' title='bbox 872 2253 976 2292; x_wconf 76' lang='lat' dir='ltr'><strong>Ba-</strong></span> 
     </span>
     <span class='ocr_line' id='line_1_33' title="bbox 81 2301 976 2366; baseline -0.004 -12"><span class='ocrx_word' id='word_1_174' title='bbox 81 2309 289 2366; x_wconf 74' lang='grc' dir='ltr'>ταουΐαξ)</span> <span class='ocrx_word' id='word_1_175' title='bbox 332 2311 410 2365; x_wconf 82' lang='grc' dir='ltr'><strong>τῆς</strong></span> <span class='ocrx_word' id='word_1_176' title='bbox 458 2309 508 2353; x_wconf 70' lang='grc' dir='ltr'><strong>ἓν</strong></span> <span class='ocrx_word' id='word_1_177' title='bbox 549 2309 612 2365; x_wconf 78' lang='grc' dir='ltr'><strong>τῷ</strong></span> <span class='ocrx_word' id='word_1_178' title='bbox 651 2304 793 2364; x_wconf 80' lang='grc' dir='ltr'>Ῥήνῳ</span> <span class='ocrx_word' id='word_1_179' title='bbox 833 2301 976 2363; x_wconf 75' lang='grc' dir='ltr'>νήσου</span> 
     </span>
     <span class='ocr_line' id='line_1_34' title="bbox 83 2363 976 2427; baseline -0.007 -12"><span class='ocrx_word' id='word_1_180' title='bbox 83 2369 248 2427; x_wconf 71' lang='grc' dir='ltr'><strong>ὄνομα.</strong></span> <span class='ocrx_word' id='word_1_181' title='bbox 307 2366 412 2410; x_wconf 71' lang='lat' dir='ltr'><strong>Vid.</strong></span> <span class='ocrx_word' id='word_1_182' title='bbox 448 2366 509 2410; x_wconf 88' lang='lat' dir='ltr'><strong>id.</strong></span> <span class='ocrx_word' id='word_1_183' title='bbox 543 2367 613 2418; x_wconf 83' lang='lat'><strong>54,</strong></span> <span class='ocrx_word' id='word_1_184' title='bbox 643 2366 716 2409; x_wconf 71' lang='lat'><strong>32.</strong></span> <span class='ocrx_word' id='word_1_185' title='bbox 759 2363 843 2420; x_wconf 81' lang='grc' dir='ltr'><strong>τὴν</strong></span> <span class='ocrx_word' id='word_1_186' title='bbox 880 2366 976 2409; x_wconf 75' lang='grc' dir='ltr'><strong>τῶν</strong></span> 
     </span>
     <span class='ocr_line' id='line_1_35' title="bbox 80 2420 975 2479; baseline -0.006 -7"><span class='ocrx_word' id='word_1_187' title='bbox 80 2420 340 2472; x_wconf 77' lang='grc' dir='ltr'><em>Βαταούων</em></span> <span class='ocrx_word' id='word_1_188' title='bbox 395 2424 556 2479; x_wconf 63' lang='grc' dir='ltr'><strong>νῆσον.</strong></span> <span class='ocrx_word' id='word_1_189' title='bbox 651 2423 813 2467; x_wconf 82' lang='lat' dir='ltr'><strong>Noster</strong></span> <span class='ocrx_word' id='word_1_190' title='bbox 867 2421 975 2467; x_wconf 75' lang='lat' dir='ltr'><strong>inir-</strong></span> 
     </span>
     <span class='ocr_line' id='line_1_36' title="bbox 82 2479 977 2530; baseline -0.009 -1"><span class='ocrx_word' id='word_1_191' title='bbox 82 2503 125 2530; x_wconf 88' lang='lat' dir='ltr'><strong>c.</strong></span> <span class='ocrx_word' id='word_1_192' title='bbox 138 2485 204 2528; x_wconf 86' lang='lat'><strong>18.</strong></span> <span class='ocrx_word' id='word_1_193' title='bbox 227 2483 522 2527; x_wconf 81' lang='lat' dir='ltr'><strong>Batavorum</strong></span> <span class='ocrx_word' id='word_1_194' title='bbox 545 2482 712 2524; x_wconf 82' lang='lat' dir='ltr'><strong>insula.</strong></span> <span class='ocrx_word' id='word_1_195' title='bbox 764 2479 977 2523; x_wconf 75' lang='lat' dir='ltr'><strong>Grotiusz</strong></span> 
     </span>
     <span class='ocr_line' id='line_1_37' title="bbox 82 2543 978 2592; baseline -0.007 -7"><span class='ocrx_word' id='word_1_196' title='bbox 82 2543 287 2586; x_wconf 83' lang='lat' dir='ltr'><strong>insulam</strong></span> <span class='ocrx_word' id='word_1_197' title='bbox 361 2545 608 2581; x_wconf 82' lang='lat' dir='ltr'><strong>vacantem</strong></span> <span class='ocrx_word' id='word_1_198' title='bbox 684 2550 978 2592; x_wconf 73' lang='lat' dir='ltr'><strong>occupavere.</strong></span> 
     </span>
     <span class='ocr_line' id='line_1_38' title="bbox 82 2593 978 2651; baseline -0.01 -8"><span class='ocrx_word' id='word_1_199' title='bbox 82 2597 289 2643; x_wconf 81' lang='lat' dir='ltr'><strong>Heinsius</strong></span> <span class='ocrx_word' id='word_1_200' title='bbox 301 2613 315 2640; x_wconf 64' lang='grc' dir='ltr'><em>ε</em></span> <span class='ocrx_word' id='word_1_201' title='bbox 340 2598 389 2639; x_wconf 84' lang='lat' dir='ltr'><strong>in</strong></span> <span class='ocrx_word' id='word_1_202' title='bbox 403 2597 452 2638; x_wconf 85' lang='lat' dir='ltr'><em>V</em></span> <span class='ocrx_word' id='word_1_203' title='bbox 447 2597 581 2638; x_wconf 77' lang='lat' dir='ltr'><strong>ahali</strong></span> <span class='ocrx_word' id='word_1_204' title='bbox 593 2597 753 2638; x_wconf 82' lang='lat' dir='ltr'><strong>sitam.</strong></span> <span class='ocrx_word' id='word_1_205' title='bbox 810 2593 978 2651; x_wconf 88' lang='lat' dir='ltr'><strong>Bipon·</strong></span> 
     </span>
     <span class='ocr_line' id='line_1_39' title="bbox 83 2650 977 2701; baseline -0.011 0"><span class='ocrx_word' id='word_1_206' title='bbox 83 2657 194 2701; x_wconf 79' lang='lat' dir='ltr'><strong>tini:</strong></span> <span class='ocrx_word' id='word_1_207' title='bbox 243 2656 448 2698; x_wconf 82' lang='lat' dir='ltr'><strong>insulam</strong></span> <span class='ocrx_word' id='word_1_208' title='bbox 479 2654 721 2696; x_wconf 79' lang='lat' dir='ltr'><strong>Batauam</strong></span> <span class='ocrx_word' id='word_1_209' title='bbox 755 2667 786 2694; x_wconf 87' lang='lat' dir='ltr'><strong>a</strong></span> <span class='ocrx_word' id='word_1_210' title='bbox 816 2665 866 2694; x_wconf 77' lang='lat' dir='ltr'><strong>se</strong></span> <span class='ocrx_word' id='word_1_211' title='bbox 899 2650 977 2692; x_wconf 85' lang='lat' dir='ltr'><strong>di-</strong></span> 
     </span>
     <span class='ocr_line' id='line_1_40' title="bbox 281 2707 975 2754; baseline -0.007 0"><span class='ocrx_word' id='word_1_212' title='bbox 281 2711 545 2754; x_wconf 66' lang='lat' dir='ltr'><strong>‘Oberlinus</strong></span> <span class='ocrx_word' id='word_1_213' title='bbox 580 2708 777 2754; x_wconf 83' lang='lat' dir='ltr'><strong>coniecit</strong></span> <span class='ocrx_word' id='word_1_214' title='bbox 813 2707 975 2752; x_wconf 83' lang='lat' dir='ltr'><strong>edidit-</strong></span> 
     </span>
     <span class='ocr_line' id='line_1_41' title="bbox 536 2767 976 2810; baseline 0.002 -2"><span class='ocrx_word' id='word_1_215' title='bbox 536 2781 664 2809; x_wconf 77' lang='lat' dir='ltr'><strong>nunc</strong></span> <span class='ocrx_word' id='word_1_216' title='bbox 699 2767 976 2810; x_wconf 86' lang='lat' dir='ltr'><strong>Bataviam.</strong></span> 
     </span>
    </p>
   </div>
   <div class='ocr_carea' id='block_1_9' title="bbox 83 2722 983 3673">
    <p class='ocr_par' dir='ltr' id='par_1_9' title="bbox 83 2722 983 3673">
     <span class='ocr_line' id='line_1_42' title="bbox 83 2722 227 2757; baseline 0 0"><span class='ocrx_word' id='word_1_217' title='bbox 83 2722 227 2757; x_wconf 84' lang='lat' dir='ltr'><strong>ctam.</strong></span> 
     </span>
     <span class='ocr_line' id='line_1_43' title="bbox 119 2771 484 2814; baseline -0.014 0"><span class='ocrx_word' id='word_1_218' title='bbox 119 2787 199 2814; x_wconf 82' lang='lat' dir='ltr'><strong>ue:</strong></span> <span class='ocrx_word' id='word_1_219' title='bbox 247 2771 484 2812; x_wconf 84' lang='lat' dir='ltr'><strong>insulam.-</strong></span> 
     </span>
     <span class='ocr_line' id='line_1_44' title="bbox 85 2826 977 2877; baseline -0.006 -5"><span class='ocrx_word' id='word_1_220' title='bbox 85 2829 108 2872; x_wconf 87' lang='lat' dir='ltr'><strong>l</strong></span> <span class='ocrx_word' id='word_1_221' title='bbox 130 2826 381 2872; x_wconf 78' lang='lat' dir='ltr'><strong>icklefsius:</strong></span> <span class='ocrx_word' id='word_1_222' title='bbox 438 2826 644 2867; x_wconf 81' lang='lat' dir='ltr'><strong>insulam</strong></span> <span class='ocrx_word' id='word_1_223' title='bbox 685 2835 977 2877; x_wconf 80' lang='lat' dir='ltr'><strong>occupavere,</strong></span> 
     </span>
     <span class='ocr_line' id='line_1_45' title="bbox 86 2879 980 2942; baseline -0.007 -15"><span class='ocrx_word' id='word_1_224' title='bbox 86 2900 230 2942; x_wconf 83' lang='lat' dir='ltr'><strong>quam</strong></span> <span class='ocrx_word' id='word_1_225' title='bbox 241 2892 344 2935; x_wconf 76' lang='lat' dir='ltr'><strong>etc..</strong></span> <span class='ocrx_word' id='word_1_226' title='bbox 366 2882 533 2926; x_wconf 81' lang='lat' dir='ltr'><strong>abiecta</strong></span> <span class='ocrx_word' id='word_1_227' title='bbox 555 2894 665 2924; x_wconf 84' lang='lat' dir='ltr'><strong>voce</strong></span> <span class='ocrx_word' id='word_1_228' title='bbox 687 2881 822 2924; x_wconf 89' lang='lat' dir='ltr'><strong>dubia</strong></span> <span class='ocrx_word' id='word_1_229' title='bbox 846 2887 895 2922; x_wconf 90' lang='lat' dir='ltr'><strong>ut</strong></span> <span class='ocrx_word' id='word_1_230' title='bbox 913 2879 980 2922; x_wconf 89' lang='lat' dir='ltr'><strong>in·</strong></span> 
     </span>
     <span class='ocr_line' id='line_1_46' title="bbox 84 2937 978 2986; baseline -0.008 0"><span class='ocrx_word' id='word_1_231' title='bbox 84 2941 233 2986; x_wconf 86' lang='lat' dir='ltr'><strong>sititia.</strong></span> <span class='ocrx_word' id='word_1_232' title='bbox 290 2937 516 2982; x_wconf 84' lang='lat' dir='ltr'><strong>Bekkerus</strong></span> <span class='ocrx_word' id='word_1_233' title='bbox 548 2939 778 2985; x_wconf 79' lang='lat' dir='ltr'><strong>revocavit</strong></span> <span class='ocrx_word' id='word_1_234' title='bbox 812 2938 978 2980; x_wconf 87' lang='lat' dir='ltr'><strong>Puteo-</strong></span> 
     </span>
     <span class='ocr_line' id='line_1_47' title="bbox 86 2992 979 3054; baseline -0.007 -11"><span class='ocrx_word' id='word_1_235' title='bbox 86 2998 179 3044; x_wconf 81' lang='lat' dir='ltr'><strong>lani</strong></span> <span class='ocrx_word' id='word_1_236' title='bbox 200 2997 483 3054; x_wconf 78' lang='lat' dir='ltr'><strong>scripturam.</strong></span> <span class='ocrx_word' id='word_1_237' title='bbox 544 2995 700 3038; x_wconf 83' lang='lat' dir='ltr'><strong>Recte.</strong></span> <span class='ocrx_word' id='word_1_238' title='bbox 760 2992 979 3038; x_wconf 74' lang='lat' dir='ltr'><strong>Nam‘fa-</strong></span> 
     </span>
     <span class='ocr_line' id='line_1_48' title="bbox 88 3051 980 3108; baseline -0.006 -9"><span class='ocrx_word' id='word_1_239' title='bbox 88 3057 171 3100; x_wconf 84' lang='lat' dir='ltr'><strong>cile</strong></span> <span class='ocrx_word' id='word_1_240' title='bbox 217 3055 368 3097; x_wconf 90' lang='lat' dir='ltr'><strong>eadem</strong></span> <span class='ocrx_word' id='word_1_241' title='bbox 414 3067 437 3095; x_wconf 91' lang='lat' dir='ltr'><strong>e</strong></span> <span class='ocrx_word' id='word_1_242' title='bbox 485 3052 587 3096; x_wconf 89' lang='lat' dir='ltr'><strong>MS.</strong></span> <span class='ocrx_word' id='word_1_243' title='bbox 623 3052 749 3097; x_wconf 88' lang='lat' dir='ltr'><strong>Flor.</strong></span> <span class='ocrx_word' id='word_1_244' title='bbox 790 3051 980 3108; x_wconf 80' lang='lat' dir='ltr'><strong>vestigiis</strong></span> 
     </span>
     <span class='ocr_line' id='line_1_49' title="bbox 87 3108 978 3170; baseline -0.004 -15"><span class='ocrx_word' id='word_1_245' title='bbox 87 3118 236 3170; x_wconf 84' lang='lat' dir='ltr'><strong>potest</strong></span> <span class='ocrx_word' id='word_1_246' title='bbox 269 3109 494 3154; x_wconf 80' lang='lat' dir='ltr'><strong>extricari:</strong></span> <span class='ocrx_word' id='word_1_247' title='bbox 537 3124 623 3152; x_wconf 82' lang='lat' dir='ltr'><strong>nec</strong></span> <span class='ocrx_word' id='word_1_248' title='bbox 648 3108 824 3161; x_wconf 85' lang='lat' dir='ltr'><strong>omnia,</strong></span> <span class='ocrx_word' id='word_1_249' title='bbox 897 3124 978 3152; x_wconf 83' lang='lat' dir='ltr'><strong>uae</strong></span> 
     </span>
     <span class='ocr_line' id='line_1_50' title="bbox 86 3165 977 3229; baseline -0.003 -16"><span class='ocrx_word' id='word_1_250' title='bbox 86 3177 260 3229; x_wconf 86' lang='lat' dir='ltr'><strong>praeter</strong></span> <span class='ocrx_word' id='word_1_251' title='bbox 283 3165 596 3211; x_wconf 78' lang='lat' dir='ltr'><strong>Florentinum</strong></span> <span class='ocrx_word' id='word_1_252' title='bbox 629 3165 764 3210; x_wconf 86' lang='lat' dir='ltr'><strong>ceteri</strong></span> <span class='ocrx_word' id='word_1_253' title='bbox 798 3181 852 3209; x_wconf 84' lang='lat' dir='ltr'><strong>co</strong></span> <span class='ocrx_word' id='word_1_254' title='bbox 888 3180 977 3210; x_wconf 82' lang='lat' dir='ltr'><strong>iees</strong></span> 
     </span>
     <span class='ocr_line' id='line_1_51' title="bbox 88 3221 975 3282; baseline -0.007 -11"><span class='ocrx_word' id='word_1_255' title='bbox 88 3228 262 3276; x_wconf 76' lang='lat' dir='ltr'><strong>ferunt,</strong></span> <span class='ocrx_word' id='word_1_256' title='bbox 301 3223 450 3282; x_wconf 81' lang='lat' dir='ltr'><strong>inepta</strong></span> <span class='ocrx_word' id='word_1_257' title='bbox 471 3234 601 3272; x_wconf 84' lang='lat' dir='ltr'><strong>sunt,</strong></span> <span class='ocrx_word' id='word_1_258' title='bbox 642 3221 748 3268; x_wconf 82' lang='lat' dir='ltr'><strong>lieet</strong></span> <span class='ocrx_word' id='word_1_259' title='bbox 777 3223 975 3267; x_wconf 79' lang='lat' dir='ltr'><strong>debean-</strong></span> 
     </span>
     <span class='ocr_line' id='line_1_52' title="bbox 85 3278 977 3328; baseline -0.006 -1"><span class='ocrx_word' id='word_1_260' title='bbox 85 3293 162 3328; x_wconf 76' lang='lat' dir='ltr'><strong>tur</strong></span> <span class='ocrx_word' id='word_1_261' title='bbox 204 3281 505 3326; x_wconf 79' lang='lat' dir='ltr'><strong>coniecturae.</strong></span> <span class='ocrx_word' id='word_1_262' title='bbox 577 3279 861 3324; x_wconf 85' lang='lat' dir='ltr'><strong>Describitur</strong></span> <span class='ocrx_word' id='word_1_263' title='bbox 903 3278 977 3322; x_wconf 89' lang='lat' dir='ltr'><strong>in-</strong></span> 
     </span>
     <span class='ocr_line' id='line_1_53' title="bbox 88 3334 976 3397; baseline -0.003 -14"><span class='ocrx_word' id='word_1_264' title='bbox 88 3339 185 3384; x_wconf 78' lang='lat' dir='ltr'><strong>sula</strong></span> <span class='ocrx_word' id='word_1_265' title='bbox 209 3337 417 3397; x_wconf 61' lang='lat' dir='ltr'><strong>palustris</strong></span> <span class='ocrx_word' id='word_1_266' title='bbox 442 3334 731 3391; x_wconf 84' lang='lat' dir='ltr'><strong>humilisque.</strong></span> <span class='ocrx_word' id='word_1_267' title='bbox 786 3335 845 3381; x_wconf 81' lang='lat' dir='ltr'><strong>cf.</strong></span> <span class='ocrx_word' id='word_1_268' title='bbox 868 3336 976 3380; x_wconf 81' lang='lat' dir='ltr'><strong>infr.</strong></span> 
     </span>
     <span class='ocr_line' id='line_1_54' title="bbox 87 3394 978 3450; baseline -0.001 -12"><span class='ocrx_word' id='word_1_269' title='bbox 87 3397 130 3450; x_wconf 83' lang='lat'><strong>5,</strong></span> <span class='ocrx_word' id='word_1_270' title='bbox 147 3397 223 3442; x_wconf 70' lang='lat'><strong>⁹23.</strong></span> <span class='ocrx_word' id='word_1_271' title='bbox 278 3394 394 3438; x_wconf 88' lang='lat' dir='ltr'><strong>Nam</strong></span> <span class='ocrx_word' id='word_1_272' title='bbox 415 3395 574 3437; x_wconf 81' lang='lat' dir='ltr'><strong>verba:</strong></span> <span class='ocrx_word' id='word_1_273' title='bbox 617 3395 741 3436; x_wconf 82' lang='lat' dir='ltr'><strong>inter</strong></span> <span class='ocrx_word' id='word_1_274' title='bbox 764 3397 889 3437; x_wconf 86' lang='lat' dir='ltr'><strong>vada</strong></span> <span class='ocrx_word' id='word_1_275' title='bbox 911 3395 978 3437; x_wconf 70' lang='grc' dir='ltr'><strong><em>δι”-</em></strong></span> 
     </span>
     <span class='ocr_line' id='line_1_55' title="bbox 89 3449 978 3498; baseline -0.003 0"><span class='ocrx_word' id='word_1_276' title='bbox 89 3463 192 3498; x_wconf 79' lang='lat' dir='ltr'><strong>tam</strong></span> <span class='ocrx_word' id='word_1_277' title='bbox 222 3467 316 3496; x_wconf 91' lang='lat' dir='ltr'><strong>non</strong></span> <span class='ocrx_word' id='word_1_278' title='bbox 348 3469 367 3495; x_wconf 84' lang='lat' dir='ltr'><strong>s</strong></span> <span class='ocrx_word' id='word_1_279' title='bbox 401 3459 550 3495; x_wconf 88' lang='lat' dir='ltr'><strong>eetant</strong></span> <span class='ocrx_word' id='word_1_280' title='bbox 578 3451 634 3495; x_wconf 87' lang='lat' dir='ltr'><strong>ad</strong></span> <span class='ocrx_word' id='word_1_281' title='bbox 676 3449 848 3495; x_wconf 82' lang='lat' dir='ltr'><strong>insulae</strong></span> <span class='ocrx_word' id='word_1_282' title='bbox 887 3458 978 3495; x_wconf 80' lang='lat' dir='ltr'><strong>ter-</strong></span> 
     </span>
     <span class='ocr_line' id='line_1_56' title="bbox 89 3467 982 3568; baseline -0.002 -14"><span class='ocrx_word' id='word_1_283' title='bbox 89 3511 279 3558; x_wconf 60' lang='lat' dir='ltr'><strong>minos.</strong></span> <span class='ocrx_word' id='word_1_284' title='bbox 319 3467 398 3553; x_wconf 57' lang='lat' dir='ltr'><strong>seg</strong></span> <span class='ocrx_word' id='word_1_285' title='bbox 439 3507 712 3568; x_wconf 79' lang='lat' dir='ltr'><strong>praepositio</strong></span> <span class='ocrx_word' id='word_1_286' title='bbox 755 3509 880 3551; x_wconf 83' lang='lat' dir='ltr'><strong>inter</strong></span> <span class='ocrx_word' id='word_1_287' title='bbox 930 3518 982 3552; x_wconf 87' lang='lat' dir='ltr'><strong>ut</strong></span> 
     </span>
     <span class='ocr_line' id='line_1_57' title="bbox 93 3564 980 3625; baseline 0 -16"><span class='ocrx_word' id='word_1_288' title='bbox 93 3580 220 3624; x_wconf 76' lang='lat' dir='ltr'><strong>saepe</strong></span> <span class='ocrx_word' id='word_1_289' title='bbox 243 3565 425 3610; x_wconf 83' lang='lat' dir='ltr'><strong>denotat</strong></span> <span class='ocrx_word' id='word_1_290' title='bbox 446 3566 491 3608; x_wconf 88' lang='lat' dir='ltr'><strong>id</strong></span> <span class='ocrx_word' id='word_1_291' title='bbox 513 3566 637 3625; x_wconf 88' lang='lat' dir='ltr'><strong>quod</strong></span> <span class='ocrx_word' id='word_1_292' title='bbox 657 3565 789 3608; x_wconf 79' lang='lat' dir='ltr'><strong>alicui</strong></span> <span class='ocrx_word' id='word_1_293' title='bbox 818 3564 885 3608; x_wconf 85' lang='lat' dir='ltr'><strong>rei</strong></span> <span class='ocrx_word' id='word_1_294' title='bbox 913 3564 980 3609; x_wconf 89' lang='lat' dir='ltr'><strong>in·</strong></span> 
     </span>
     <span class='ocr_line' id='line_1_58' title="bbox 92 3623 983 3673; baseline -0.001 -5"><span class='ocrx_word' id='word_1_295' title='bbox 92 3630 224 3668; x_wconf 65' lang='lat' dir='ltr'><strong>terent</strong></span> <span class='ocrx_word' id='word_1_296' title='bbox 237 3654 250 3673; x_wconf 89' lang='lat'>,</span> <span class='ocrx_word' id='word_1_297' title='bbox 270 3630 321 3667; x_wconf 87' lang='lat' dir='ltr'><strong>ut</strong></span> <span class='ocrx_word' id='word_1_298' title='bbox 343 3624 504 3669; x_wconf 77' lang='lat' dir='ltr'><strong>insula</strong></span> <span class='ocrx_word' id='word_1_299' title='bbox 525 3627 649 3667; x_wconf 77' lang='lat' dir='ltr'><strong>inter</strong></span> <span class='ocrx_word' id='word_1_300' title='bbox 670 3625 797 3666; x_wconf 84' lang='lat' dir='ltr'><strong>vada</strong></span> <span class='ocrx_word' id='word_1_301' title='bbox 815 3625 905 3667; x_wconf 75' lang='lat' dir='ltr'><strong>sita</strong></span> <span class='ocrx_word' id='word_1_302' title='bbox 927 3623 983 3668; x_wconf 80' lang='lat' dir='ltr'><strong>sit</strong></span> 
     </span>
    </p>
   </div>
   <div class='ocr_carea' id='block_1_10' title="bbox 1036 760 1937 1511">
    <p class='ocr_par' dir='ltr' id='par_1_10' title="bbox 1036 760 1937 1511">
     <span class='ocr_line' id='line_1_59' title="bbox 1036 760 1931 822; baseline 0.007 -18"><span class='ocrx_word' id='word_1_303' title='bbox 1036 761 1209 820; x_wconf 86' lang='lat' dir='ltr'><strong>insula,</strong></span> <span class='ocrx_word' id='word_1_304' title='bbox 1247 776 1383 822; x_wconf 81' lang='lat' dir='ltr'><strong>quam</strong></span> <span class='ocrx_word' id='word_1_305' title='bbox 1405 761 1520 808; x_wconf 80' lang='lat' dir='ltr'><strong>vada</strong></span> <span class='ocrx_word' id='word_1_306' title='bbox 1540 760 1829 816; x_wconf 84' lang='lat' dir='ltr'><strong>interiacent,</strong></span> <span class='ocrx_word' id='word_1_307' title='bbox 1859 764 1931 811; x_wconf 81' lang='lat' dir='ltr'><strong>vel</strong></span> 
     </span>
     <span class='ocr_line' id='line_1_60' title="bbox 1036 818 1852 872; baseline 0.005 -9"><span class='ocrx_word' id='word_1_308' title='bbox 1036 818 1181 863; x_wconf 84' lang='lat' dir='ltr'><strong>insula</strong></span> <span class='ocrx_word' id='word_1_309' title='bbox 1201 820 1260 864; x_wconf 86' lang='lat' dir='ltr'><strong>ita</strong></span> <span class='ocrx_word' id='word_1_310' title='bbox 1285 819 1394 872; x_wconf 85' lang='lat' dir='ltr'><strong>sita,</strong></span> <span class='ocrx_word' id='word_1_311' title='bbox 1421 827 1472 862; x_wconf 90' lang='lat' dir='ltr'><strong>ut</strong></span> <span class='ocrx_word' id='word_1_312' title='bbox 1494 819 1609 869; x_wconf 81' lang='lat' dir='ltr'><strong>vada</strong></span> <span class='ocrx_word' id='word_1_313' title='bbox 1633 819 1852 867; x_wconf 84' lang='lat' dir='ltr'><strong>intersint.</strong></span> 
     </span>
     <span class='ocr_line' id='line_1_61' title="bbox 1095 876 1929 924; baseline 0.007 -6"><span class='ocrx_word' id='word_1_314' title='bbox 1095 891 1233 920; x_wconf 84' lang='lat' dir='ltr'><strong>mare</strong></span> <span class='ocrx_word' id='word_1_315' title='bbox 1248 876 1500 922; x_wconf 83' lang='lat' dir='ltr'><strong>Oceanum.</strong></span> <span class='ocrx_word' id='word_1_316' title='bbox 1519 880 1522 882; x_wconf 69' lang='grc'>’</span> <span class='ocrx_word' id='word_1_317' title='bbox 1537 877 1615 921; x_wconf 86' lang='lat' dir='ltr'><strong>Sic</strong></span> <span class='ocrx_word' id='word_1_318' title='bbox 1627 876 1765 923; x_wconf 89' lang='lat' dir='ltr'>MSS.</span> <span class='ocrx_word' id='word_1_319' title='bbox 1778 878 1929 924; x_wconf 83' lang='lat' dir='ltr'><strong>Guelf.</strong></span> 
     </span>
     <span class='ocr_line' id='line_1_62' title="bbox 1037 933 1931 995; baseline 0.004 -18"><span class='ocrx_word' id='word_1_320' title='bbox 1037 933 1161 979; x_wconf 85' lang='lat' dir='ltr'><strong>Harl.</strong></span> <span class='ocrx_word' id='word_1_321' title='bbox 1175 935 1215 990; x_wconf 85' lang='lat' dir='ltr'><strong>(a</strong></span> <span class='ocrx_word' id='word_1_322' title='bbox 1232 935 1376 995; x_wconf 85' lang='lat' dir='ltr'><strong>prima</strong></span> <span class='ocrx_word' id='word_1_323' title='bbox 1398 936 1558 988; x_wconf 86' lang='lat' dir='ltr'><strong>manu)</strong></span> <span class='ocrx_word' id='word_1_324' title='bbox 1580 934 1683 978; x_wconf 85' lang='lat' dir='ltr'><strong>edd.</strong></span> <span class='ocrx_word' id='word_1_325' title='bbox 1698 935 1931 992; x_wconf 67' lang='lat' dir='ltr'><strong>Spinput.</strong></span> 
     </span>
     <span class='ocr_line' id='line_1_63' title="bbox 1037 990 1929 1047; baseline 0.004 -13"><span class='ocrx_word' id='word_1_326' title='bbox 1037 990 1105 1034; x_wconf 92' lang='lat' dir='ltr'><strong>M.</strong></span> <span class='ocrx_word' id='word_1_327' title='bbox 1139 999 1181 1035; x_wconf 89' lang='lat' dir='ltr'><strong>et</strong></span> <span class='ocrx_word' id='word_1_328' title='bbox 1212 991 1270 1035; x_wconf 69' lang='lat' dir='ltr'><strong>V.</strong></span> <span class='ocrx_word' id='word_1_329' title='bbox 1306 992 1386 1045; x_wconf 90' lang='lat' dir='ltr'><strong>(ibi</strong></span> <span class='ocrx_word' id='word_1_330' title='bbox 1419 993 1687 1047; x_wconf 78' lang='lat' dir='ltr'><strong>occeanum)</strong></span> <span class='ocrx_word' id='word_1_331' title='bbox 1721 993 1929 1038; x_wconf 89' lang='lat' dir='ltr'><strong>Beroald.</strong></span> 
     </span>
     <span class='ocr_line' id='line_1_64' title="bbox 1041 1048 1934 1109; baseline 0.004 -18"><span class='ocrx_word' id='word_1_332' title='bbox 1041 1051 1169 1105; x_wconf 88' lang='lat' dir='ltr'><strong>(cum</strong></span> <span class='ocrx_word' id='word_1_333' title='bbox 1193 1049 1267 1094; x_wconf 85' lang='lat' dir='ltr'><strong>sil.</strong></span> <span class='ocrx_word' id='word_1_334' title='bbox 1290 1048 1427 1106; x_wconf 77' lang='lat' dir='ltr'><strong>Viet.)</strong></span> <span class='ocrx_word' id='word_1_335' title='bbox 1452 1049 1556 1095; x_wconf 84' lang='lat' dir='ltr'><strong>Alc.</strong></span> <span class='ocrx_word' id='word_1_336' title='bbox 1578 1048 1722 1094; x_wconf 79' lang='lat' dir='ltr'><strong>Rhea.</strong></span> <span class='ocrx_word' id='word_1_337' title='bbox 1745 1066 1843 1109; x_wconf 84' lang='lat' dir='ltr'><strong>sqq.</strong></span> <span class='ocrx_word' id='word_1_338' title='bbox 1873 1075 1934 1087; x_wconf 91' lang='lat'><strong>-—·</strong></span> 
     </span>
     <span class='ocr_line' id='line_1_65' title="bbox 1039 1106 1933 1166; baseline 0.004 -18"><span class='ocrx_word' id='word_1_339' title='bbox 1039 1121 1176 1148; x_wconf 83' lang='lat' dir='ltr'><strong>mare</strong></span> <span class='ocrx_word' id='word_1_340' title='bbox 1201 1107 1416 1150; x_wconf 82' lang='lat' dir='ltr'><strong>Oceanus</strong></span> <span class='ocrx_word' id='word_1_341' title='bbox 1440 1106 1575 1151; x_wconf 87' lang='lat' dir='ltr'>MSS.</span> <span class='ocrx_word' id='word_1_342' title='bbox 1598 1106 1707 1166; x_wconf 83' lang='lat' dir='ltr'><strong>Reg.</strong></span> <span class='ocrx_word' id='word_1_343' title='bbox 1730 1107 1853 1152; x_wconf 85' lang='lat' dir='ltr'><strong>Harl.</strong></span> <span class='ocrx_word' id='word_1_344' title='bbox 1889 1110 1933 1165; x_wconf 86' lang='lat' dir='ltr'><strong>(a</strong></span> 
     </span>
     <span class='ocr_line' id='line_1_66' title="bbox 1041 1163 1933 1221; baseline 0.003 -14"><span class='ocrx_word' id='word_1_345' title='bbox 1041 1164 1237 1208; x_wconf 84' lang='lat' dir='ltr'><strong>secunda</strong></span> <span class='ocrx_word' id='word_1_346' title='bbox 1270 1166 1427 1221; x_wconf 85' lang='lat' dir='ltr'><strong>manu)</strong></span> <span class='ocrx_word' id='word_1_347' title='bbox 1463 1163 1565 1209; x_wconf 88' lang='lat' dir='ltr'><strong>edd.</strong></span> <span class='ocrx_word' id='word_1_348' title='bbox 1595 1163 1724 1208; x_wconf 89' lang='lat' dir='ltr'><strong>Brot.</strong></span> <span class='ocrx_word' id='word_1_349' title='bbox 1755 1165 1933 1210; x_wconf 88' lang='lat' dir='ltr'><strong>Ernest.</strong></span> 
     </span>
     <span class='ocr_line' id='line_1_67' title="bbox 1043 1219 1934 1279; baseline 0.002 -14"><span class='ocrx_word' id='word_1_350' title='bbox 1043 1235 1145 1279; x_wconf 89' lang='lat' dir='ltr'><strong>sqq.</strong></span> <span class='ocrx_word' id='word_1_351' title='bbox 1191 1219 1418 1265; x_wconf 82' lang='lat' dir='ltr'><strong>Bekkeru‘s</strong></span> <span class='ocrx_word' id='word_1_352' title='bbox 1439 1221 1667 1269; x_wconf 74' lang='lat' dir='ltr'><strong>revocavit</strong></span> <span class='ocrx_word' id='word_1_353' title='bbox 1685 1221 1934 1273; x_wconf 80' lang='lat' dir='ltr'><strong>Oceanum,</strong></span> 
     </span>
     <span class='ocr_line' id='line_1_68' title="bbox 1044 1277 1937 1334; baseline 0.003 -13"><span class='ocrx_word' id='word_1_354' title='bbox 1044 1287 1086 1321; x_wconf 88' lang='lat' dir='ltr'><strong>et</strong></span> <span class='ocrx_word' id='word_1_355' title='bbox 1133 1277 1264 1334; x_wconf 80' lang='lat' dir='ltr'><strong>plura</strong></span> <span class='ocrx_word' id='word_1_356' title='bbox 1311 1286 1418 1322; x_wconf 84' lang='lat' dir='ltr'><strong>sunt</strong></span> <span class='ocrx_word' id='word_1_357' title='bbox 1465 1288 1667 1325; x_wconf 81' lang='lat' dir='ltr'><strong>veterum</strong></span> <span class='ocrx_word' id='word_1_358' title='bbox 1711 1279 1937 1333; x_wconf 69' lang='lat' dir='ltr'><strong>librorum,</strong></span> 
     </span>
     <span class='ocr_line' id='line_1_69' title="bbox 1043 1335 1936 1397; baseline 0.003 -18"><span class='ocrx_word' id='word_1_359' title='bbox 1043 1335 1297 1379; x_wconf 85' lang='lat' dir='ltr'><strong>testimonia</strong></span> <span class='ocrx_word' id='word_1_360' title='bbox 1325 1336 1378 1377; x_wconf 86' lang='lat' dir='ltr'><strong>de</strong></span> <span class='ocrx_word' id='word_1_361' title='bbox 1405 1336 1629 1380; x_wconf 80' lang='lat' dir='ltr'><strong>vocabulo</strong></span> <span class='ocrx_word' id='word_1_362' title='bbox 1657 1335 1835 1381; x_wconf 80' lang='lat' dir='ltr'><strong>Oceani</strong></span> <span class='ocrx_word' id='word_1_363' title='bbox 1851 1353 1936 1397; x_wconf 86' lang='lat' dir='ltr'><strong>pro</strong></span> 
     </span>
     <span class='ocr_line' id='line_1_70' title="bbox 1043 1392 1937 1452; baseline 0.003 -15"><span class='ocrx_word' id='word_1_364' title='bbox 1043 1392 1266 1438; x_wconf 81' lang='lat' dir='ltr'><strong>adiectivo</strong></span> <span class='ocrx_word' id='word_1_365' title='bbox 1288 1392 1434 1452; x_wconf 88' lang='lat' dir='ltr'><strong>posito</strong></span> <span class='ocrx_word' id='word_1_366' title='bbox 1457 1392 1589 1450; x_wconf 82' lang='lat' dir='ltr'><strong>quam</strong></span> <span class='ocrx_word' id='word_1_367' title='bbox 1611 1400 1661 1438; x_wconf 89' lang='lat' dir='ltr'><strong>ut</strong></span> <span class='ocrx_word' id='word_1_368' title='bbox 1679 1392 1758 1442; x_wconf 85' lang='lat' dir='ltr'><strong>illa</strong></span> <span class='ocrx_word' id='word_1_369' title='bbox 1789 1392 1937 1440; x_wconf 74' lang='lat' dir='ltr'><strong>foi-ma</strong></span> 
     </span>
     <span class='ocr_line' id='line_1_71' title="bbox 1042 1449 1934 1511; baseline 0.003 -18"><span class='ocrx_word' id='word_1_370' title='bbox 1042 1450 1330 1494; x_wconf 84' lang='lat' dir='ltr'><strong>librariorum</strong></span> <span class='ocrx_word' id='word_1_371' title='bbox 1365 1449 1626 1494; x_wconf 69' lang='lat' dir='ltr'><strong>oscitantiae</strong></span> <span class='ocrx_word' id='word_1_372' title='bbox 1657 1450 1795 1494; x_wconf 83' lang='lat' dir='ltr'><strong>tribui</strong></span> <span class='ocrx_word' id='word_1_373' title='bbox 1825 1469 1934 1511; x_wconf 90' lang='lat' dir='ltr'><strong>pos-</strong></span> 
     </span>
    </p>
   </div>
   <div class='ocr_carea' id='block_1_11' title="bbox 1043 1507 2008 1565">
    <p class='ocr_par' dir='ltr' id='par_1_11' title="bbox 1043 1507 2008 1565">
     <span class='ocr_line' id='line_1_72' title="bbox 1043 1507 2008 1565; baseline 0.002 -15"><span class='ocrx_word' id='word_1_374' title='bbox 1043 1507 1111 1554; x_wconf 83' lang='lat' dir='ltr'><strong>sit.</strong></span> <span class='ocrx_word' id='word_1_375' title='bbox 1144 1507 1201 1551; x_wconf 86' lang='lat' dir='ltr'><strong>cf.</strong></span> <span class='ocrx_word' id='word_1_376' title='bbox 1229 1507 1493 1565; x_wconf 80' lang='lat' dir='ltr'><strong>interpretes</strong></span> <span class='ocrx_word' id='word_1_377' title='bbox 1514 1508 1567 1551; x_wconf 87' lang='lat' dir='ltr'><strong>ad</strong></span> <span class='ocrx_word' id='word_1_378' title='bbox 1592 1507 1745 1551; x_wconf 79' lang='lat' dir='ltr'><strong>luven.</strong></span> <span class='ocrx_word' id='word_1_379' title='bbox 1764 1509 1855 1553; x_wconf 84' lang='lat' dir='ltr'><strong>Sat.</strong></span> <span class='ocrx_word' id='word_1_380' title='bbox 1871 1512 1938 1563; x_wconf 85' lang='lat'><strong>11,</strong></span> <span class='ocrx_word' id='word_1_381' title='bbox 1964 1511 1965 1515; x_wconf 70' lang='grc'>’</span> <span class='ocrx_word' id='word_1_382' title='bbox 2006 1547 2008 1552; x_wconf 79' lang='grc'>,</span> 
     </span>
    </p>
   </div>
   <div class='ocr_carea' id='block_1_12' title="bbox 1043 1563 1946 3683">
    <p class='ocr_par' dir='ltr' id='par_1_12' title="bbox 1043 1563 1941 1782">
     <span class='ocr_line' id='line_1_73' title="bbox 1044 1563 1939 1613; baseline 0.004 -5"><span class='ocrx_word' id='word_1_383' title='bbox 1044 1565 1115 1608; x_wconf 80' lang='grc'><strong>94.</strong></span> <span class='ocrx_word' id='word_1_384' title='bbox 1141 1565 1194 1608; x_wconf 85' lang='lat' dir='ltr'><strong>ad</strong></span> <span class='ocrx_word' id='word_1_385' title='bbox 1220 1564 1382 1608; x_wconf 86' lang='lat' dir='ltr'><strong>Catull.</strong></span> <span class='ocrx_word' id='word_1_386' title='bbox 1405 1564 1527 1613; x_wconf 80' lang='grc'><strong>63,7.</strong></span> <span class='ocrx_word' id='word_1_387' title='bbox 1551 1564 1604 1607; x_wconf 92' lang='lat' dir='ltr'><strong>ad</strong></span> <span class='ocrx_word' id='word_1_388' title='bbox 1618 1563 1939 1612; x_wconf 70' lang='lat' dir='ltr'><strong>VenantAEor·</strong></span> 
     </span>
     <span class='ocr_line' id='line_1_74' title="bbox 1043 1621 1941 1677; baseline 0.001 -11"><span class='ocrx_word' id='word_1_389' title='bbox 1043 1631 1183 1666; x_wconf 85' lang='lat' dir='ltr'><strong>tunat.</strong></span> <span class='ocrx_word' id='word_1_390' title='bbox 1211 1621 1255 1673; x_wconf 78' lang='lat'><strong>3,</strong></span> <span class='ocrx_word' id='word_1_391' title='bbox 1272 1623 1313 1675; x_wconf 91' lang='lat'><strong>7,</strong></span> <span class='ocrx_word' id='word_1_392' title='bbox 1332 1624 1376 1665; x_wconf 82' lang='lat'><strong>4.</strong></span> <span class='ocrx_word' id='word_1_393' title='bbox 1437 1621 1562 1667; x_wconf 89' lang='lat' dir='ltr'><strong>Caes.</strong></span> <span class='ocrx_word' id='word_1_394' title='bbox 1588 1622 1643 1665; x_wconf 90' lang='grc' dir='ltr'><strong>Β.</strong></span> <span class='ocrx_word' id='word_1_395' title='bbox 1670 1621 1727 1666; x_wconf 91' lang='lat' dir='ltr'>G.</span> <span class='ocrx_word' id='word_1_396' title='bbox 1755 1623 1795 1677; x_wconf 77' lang='lat'><strong>3,</strong></span> <span class='ocrx_word' id='word_1_397' title='bbox 1817 1624 1859 1668; x_wconf 82' lang='grc'><strong>7.</strong></span> <span class='ocrx_word' id='word_1_398' title='bbox 1939 1643 1941 1645; x_wconf 67' lang='grc'><strong>’</strong></span> 
     </span>
     <span class='ocr_line' id='line_1_75' title="bbox 1048 1678 1938 1782; baseline 0.008 -60"><span class='ocrx_word' id='word_1_399' title='bbox 1048 1735 1084 1782; x_wconf 79' lang='lat' dir='ltr'>C</span> <span class='ocrx_word' id='word_1_400' title='bbox 1103 1680 1286 1780; x_wconf 46' lang='lat' dir='ltr'><strong>azimis.</strong></span> <span class='ocrx_word' id='word_1_401' title='bbox 1345 1679 1446 1723; x_wconf 87' lang='lat' dir='ltr'><strong>Hoc</strong></span> <span class='ocrx_word' id='word_1_402' title='bbox 1467 1694 1562 1723; x_wconf 88' lang='lat' dir='ltr'><strong>non</strong></span> <span class='ocrx_word' id='word_1_403' title='bbox 1585 1678 1748 1739; x_wconf 87' lang='lat' dir='ltr'><strong>legitur</strong></span> <span class='ocrx_word' id='word_1_404' title='bbox 1767 1680 1813 1724; x_wconf 90' lang='lat' dir='ltr'><strong>in</strong></span> <span class='ocrx_word' id='word_1_405' title='bbox 1835 1680 1938 1729; x_wconf 73' lang='lat' dir='ltr'>MS.</span> 
     </span>
    </p>

    <p class='ocr_par' dir='ltr' id='par_1_13' title="bbox 1089 1749 1935 1780">
     <span class='ocr_line' id='line_1_76' title="bbox 1089 1753 1190 1780; baseline 0.002 0"><span class='ocrx_word' id='word_1_406' title='bbox 1089 1753 1142 1780; x_wconf 88' lang='lat' dir='ltr'><strong>or</strong></span> <span class='ocrx_word' id='word_1_407' title='bbox 1180 1768 1190 1780; x_wconf 94' lang='lat'><strong>.</strong></span> 
     </span>
    </p>

    <p class='ocr_par' dir='ltr' id='par_1_14' title="bbox 1044 1794 1946 3683">
     <span class='ocr_line' id='line_1_77' title="bbox 1102 1794 1945 1848; baseline 0.005 -13"><span class='ocrx_word' id='word_1_408' title='bbox 1102 1808 1188 1836; x_wconf 80' lang='lat' dir='ltr'><strong>neo</strong></span> <span class='ocrx_word' id='word_1_409' title='bbox 1239 1795 1399 1848; x_wconf 80' lang='lat' dir='ltr'><strong>opibus</strong></span> <span class='ocrx_word' id='word_1_410' title='bbox 1429 1794 1669 1841; x_wconf 75' lang='lat' dir='ltr'><strong>¹Romanis</strong></span> <span class='ocrx_word' id='word_1_411' title='bbox 1718 1795 1945 1839; x_wconf 76' lang='lat' dir='ltr'><strong>societate</strong></span> 
     </span>
     <span class='ocr_line' id='line_1_78' title="bbox 1044 1850 1942 1898; baseline 0.004 -4"><span class='ocrx_word' id='word_1_412' title='bbox 1044 1853 1328 1895; x_wconf 84' lang='lat' dir='ltr'><strong>validiorum</strong></span> <span class='ocrx_word' id='word_1_413' title='bbox 1349 1850 1521 1895; x_wconf 82' lang='lat' dir='ltr'><strong>attriti.</strong></span> <span class='ocrx_word' id='word_1_414' title='bbox 1580 1851 1657 1895; x_wconf 82' lang='lat' dir='ltr'><strong>Sic</strong></span> <span class='ocrx_word' id='word_1_415' title='bbox 1670 1851 1804 1896; x_wconf 88' lang='lat' dir='ltr'>MSS.</span> <span class='ocrx_word' id='word_1_416' title='bbox 1817 1853 1942 1898; x_wconf 58' lang='lat' dir='ltr'><strong>Flor.*</strong></span> 
     </span>
     <span class='ocr_line' id='line_1_79' title="bbox 1051 1908 1945 1965; baseline 0.002 -12"><span class='ocrx_word' id='word_1_417' title='bbox 1051 1912 1169 1964; x_wconf 86' lang='lat' dir='ltr'><strong>(test.</strong></span> <span class='ocrx_word' id='word_1_418' title='bbox 1196 1909 1344 1965; x_wconf 89' lang='lat' dir='ltr'><strong>Pich.)</strong></span> <span class='ocrx_word' id='word_1_419' title='bbox 1374 1908 1491 1952; x_wconf 91' lang='lat' dir='ltr'><strong>Bud.</strong></span> <span class='ocrx_word' id='word_1_420' title='bbox 1527 1908 1633 1952; x_wconf 86' lang='lat' dir='ltr'><strong>edd.</strong></span> <span class='ocrx_word' id='word_1_421' title='bbox 1661 1908 1767 1954; x_wconf 88' lang='lat' dir='ltr'><strong>Put.</strong></span> <span class='ocrx_word' id='word_1_422' title='bbox 1796 1909 1867 1954; x_wconf 88' lang='lat' dir='ltr'><strong>M.</strong></span> <span class='ocrx_word' id='word_1_423' title='bbox 1879 1915 1945 1955; x_wconf 58' lang='lat' dir='ltr'><strong>*et</strong></span> 
     </span>
     <span class='ocr_line' id='line_1_80' title="bbox 1046 1964 1942 2024; baseline 0.004 -16"><span class='ocrx_word' id='word_1_424' title='bbox 1046 1967 1106 2010; x_wconf 90' lang='lat' dir='ltr'><strong>V.</strong></span> <span class='ocrx_word' id='word_1_425' title='bbox 1126 1965 1337 2011; x_wconf 86' lang='lat' dir='ltr'><strong>Beroald.</strong></span> <span class='ocrx_word' id='word_1_426' title='bbox 1365 1966 1486 2021; x_wconf 88' lang='lat' dir='ltr'><strong>(cum</strong></span> <span class='ocrx_word' id='word_1_427' title='bbox 1513 1965 1655 2011; x_wconf 86' lang='lat' dir='ltr'><strong>silent.</strong></span> <span class='ocrx_word' id='word_1_428' title='bbox 1676 1966 1814 2024; x_wconf 81' lang='lat' dir='ltr'><strong>vict.)</strong></span> <span class='ocrx_word' id='word_1_429' title='bbox 1837 1964 1942 2013; x_wconf 78' lang='lat' dir='ltr'><strong>A&#39;lc.</strong></span> 
     </span>
     <span class='ocr_line' id='line_1_81' title="bbox 1048 2025 1941 2084; baseline -0.002 -16"><span class='ocrx_word' id='word_1_430' title='bbox 1048 2040 1150 2084; x_wconf 84' lang='lat' dir='ltr'><strong>sqq.</strong></span> <span class='ocrx_word' id='word_1_431' title='bbox 1191 2047 1251 2057; x_wconf 91' lang='lat'><strong>—-</strong></span> <span class='ocrx_word' id='word_1_432' title='bbox 1307 2029 1401 2066; x_wconf 79' lang='lat' dir='ltr'><strong>nec&#39;</strong></span> <span class='ocrx_word' id='word_1_433' title='bbox 1422 2025 1583 2078; x_wconf 79' lang='lat' dir='ltr'><strong>opibus</strong></span> <span class='ocrx_word' id='word_1_434' title='bbox 1612 2027 1831 2068; x_wconf 83' lang='lat' dir='ltr'><strong>romanis</strong></span> <span class='ocrx_word' id='word_1_435' title='bbox 1860 2031 1941 2067; x_wconf 51' lang='lat' dir='ltr'><strong>sio-⁷</strong></span> 
     </span>
     <span class='ocr_line' id='line_1_82' title="bbox 1046 2080 1939 2128; baseline 0.004 -4"><span class='ocrx_word' id='word_1_436' title='bbox 1046 2083 1269 2125; x_wconf 82' lang='lat' dir='ltr'><strong>cietateve</strong></span> <span class='ocrx_word' id='word_1_437' title='bbox 1299 2082 1505 2124; x_wconf 82' lang='lat' dir='ltr'><strong>aliorum</strong></span> <span class='ocrx_word' id='word_1_438' title='bbox 1537 2080 1734 2125; x_wconf 77' lang='lat' dir='ltr'><strong>astricti.</strong></span> <span class='ocrx_word' id='word_1_439' title='bbox 1806 2081 1939 2128; x_wconf 82' lang='lat' dir='ltr'>MSS·</span> 
     </span>
     <span class='ocr_line' id='line_1_83' title="bbox 1047 2136 1943 2195; baseline 0.003 -15"><span class='ocrx_word' id='word_1_440' title='bbox 1047 2139 1147 2182; x_wconf 82' lang='lat' dir='ltr'><strong>vat.</strong></span> <span class='ocrx_word' id='word_1_441' title='bbox 1181 2140 1297 2192; x_wconf 84' lang='lat' dir='ltr'><strong>(test.</strong></span> <span class='ocrx_word' id='word_1_442' title='bbox 1327 2137 1378 2180; x_wconf 89' lang='lat' dir='ltr'><strong>Li</strong></span> <span class='ocrx_word' id='word_1_443' title='bbox 1414 2139 1468 2194; x_wconf 90' lang='lat' dir='ltr'><strong>s.)</strong></span> <span class='ocrx_word' id='word_1_444' title='bbox 1500 2136 1612 2195; x_wconf 87' lang='lat' dir='ltr'><strong>Reg.</strong></span> <span class='ocrx_word' id='word_1_445' title='bbox 1647 2139 1764 2192; x_wconf 89' lang='lat' dir='ltr'><strong>(test.</strong></span> <span class='ocrx_word' id='word_1_446' title='bbox 1790 2140 1943 2193; x_wconf 86' lang='lat' dir='ltr'><strong>Brot.)</strong></span> 
     </span>
     <span class='ocr_line' id='line_1_84' title="bbox 1045 2195 1943 2255; baseline 0 -16"><span class='ocrx_word' id='word_1_447' title='bbox 1045 2195 1166 2240; x_wconf 80' lang='lat' dir='ltr'><strong>Harl.</strong></span> <span class='ocrx_word' id='word_1_448' title='bbox 1182 2197 1222 2250; x_wconf 86' lang='lat' dir='ltr'><strong>(a</strong></span> <span class='ocrx_word' id='word_1_449' title='bbox 1235 2211 1373 2239; x_wconf 88' lang='lat' dir='ltr'><strong>secun</strong></span> <span class='ocrx_word' id='word_1_450' title='bbox 1409 2212 1431 2239; x_wconf 91' lang='lat' dir='ltr'><strong>a</strong></span> <span class='ocrx_word' id='word_1_451' title='bbox 1446 2198 1600 2251; x_wconf 87' lang='lat' dir='ltr'><strong>manu)</strong></span> <span class='ocrx_word' id='word_1_452' title='bbox 1614 2202 1656 2236; x_wconf 86' lang='lat' dir='ltr'><strong>et</strong></span> <span class='ocrx_word' id='word_1_453' title='bbox 1667 2195 1738 2240; x_wconf 88' lang='lat' dir='ltr'><strong>ed.</strong></span> <span class='ocrx_word' id='word_1_454' title='bbox 1751 2195 1871 2255; x_wconf 88' lang='lat' dir='ltr'><strong>Spir.</strong></span> <span class='ocrx_word' id='word_1_455' title='bbox 1884 2203 1943 2230; x_wconf 74' lang='grc'><strong>-’-</strong></span> 
     </span>
     <span class='ocr_line' id='line_1_85' title="bbox 1045 2251 1943 2311; baseline 0.002 -15"><span class='ocrx_word' id='word_1_456' title='bbox 1045 2253 1177 2297; x_wconf 86' lang='lat' dir='ltr'><strong>Teste</strong></span> <span class='ocrx_word' id='word_1_457' title='bbox 1190 2251 1481 2311; x_wconf 73' lang='lat' dir='ltr'><strong>Lallemando</strong></span> <span class='ocrx_word' id='word_1_458' title='bbox 1497 2251 1605 2310; x_wconf 84' lang='lat' dir='ltr'><strong>Reg.</strong></span> <span class='ocrx_word' id='word_1_459' title='bbox 1629 2251 1760 2296; x_wconf 86' lang='lat' dir='ltr'><strong>habet</strong></span> <span class='ocrx_word' id='word_1_460' title='bbox 1781 2257 1943 2298; x_wconf 83' lang='lat' dir='ltr'><strong>valen·</strong></span> 
     </span>
     <span class='ocr_line' id='line_1_86' title="bbox 1047 2310 1942 2367; baseline 0.006 -15"><span class='ocrx_word' id='word_1_461' title='bbox 1047 2311 1223 2353; x_wconf 80' lang='lat' dir='ltr'><strong>tiorum</strong></span> <span class='ocrx_word' id='word_1_462' title='bbox 1245 2326 1329 2367; x_wconf 85' lang='lat' dir='ltr'><strong>pro</strong></span> <span class='ocrx_word' id='word_1_463' title='bbox 1354 2311 1648 2353; x_wconf 81' lang='lat' dir='ltr'><strong>validiorum.</strong></span> <span class='ocrx_word' id='word_1_464' title='bbox 1710 2310 1841 2355; x_wconf 88' lang='lat' dir='ltr'>MSS.</span> <span class='ocrx_word' id='word_1_465' title='bbox 1855 2311 1942 2357; x_wconf 73' lang='lat' dir='ltr'><strong>Ies-</strong></span> 
     </span>
     <span class='ocr_line' id='line_1_87' title="bbox 1044 2365 1944 2416; baseline 0.001 -6"><span class='ocrx_word' id='word_1_466' title='bbox 1044 2367 1200 2416; x_wconf 79' lang='lat' dir='ltr'><strong>Guelf,</strong></span> <span class='ocrx_word' id='word_1_467' title='bbox 1223 2370 1486 2410; x_wconf 83' lang='lat' dir='ltr'><strong>validorum</strong></span> <span class='ocrx_word' id='word_1_468' title='bbox 1505 2367 1697 2410; x_wconf 75' lang='lat' dir='ltr'><strong>alterici.</strong></span> <span class='ocrx_word' id='word_1_469' title='bbox 1757 2365 1944 2413; x_wconf 81' lang='lat' dir='ltr'><strong>Coleru&#39;s</strong></span> 
     </span>
     <span class='ocr_line' id='line_1_88' title="bbox 1046 2423 1944 2469; baseline 0 0"><span class='ocrx_word' id='word_1_470' title='bbox 1046 2425 1229 2469; x_wconf 75' lang='lat' dir='ltr'><strong>tradidit</strong></span> <span class='ocrx_word' id='word_1_471' title='bbox 1252 2425 1298 2467; x_wconf 87' lang='lat' dir='ltr'><strong>in</strong></span> <span class='ocrx_word' id='word_1_472' title='bbox 1321 2423 1422 2468; x_wconf 81' lang='lat' dir='ltr'><strong>cod.</strong></span> <span class='ocrx_word' id='word_1_473' title='bbox 1438 2423 1585 2468; x_wconf 84' lang='lat' dir='ltr'><strong>Vatic.</strong></span> <span class='ocrx_word' id='word_1_474' title='bbox 1607 2423 1758 2467; x_wconf 88' lang='lat' dir='ltr'><strong>deesse</strong></span> <span class='ocrx_word' id='word_1_475' title='bbox 1782 2440 1944 2469; x_wconf 80' lang='lat' dir='ltr'><strong>vocem</strong></span> 
     </span>
     <span class='ocr_line' id='line_1_89' title="bbox 1047 2481 1946 2540; baseline 0.003 -17"><span class='ocrx_word' id='word_1_476' title='bbox 1047 2483 1292 2527; x_wconf 78' lang='lat' dir='ltr'><strong>Romanis.</strong></span> <span class='ocrx_word' id='word_1_477' title='bbox 1374 2481 1478 2525; x_wconf 92' lang='lat' dir='ltr'>MS.</span> <span class='ocrx_word' id='word_1_478' title='bbox 1519 2482 1627 2540; x_wconf 86' lang='lat' dir='ltr'><strong>Agr.</strong></span> <span class='ocrx_word' id='word_1_479' title='bbox 1669 2483 1946 2531; x_wconf 67' lang='lat' dir='ltr'><strong>societateue</strong></span> 
     </span>
     <span class='ocr_line' id='line_1_90' title="bbox 1050 2537 1946 2594; baseline 0.003 -14"><span class='ocrx_word' id='word_1_480' title='bbox 1050 2541 1332 2582; x_wconf 80' lang='lat' dir='ltr'><strong>validiorum</strong></span> <span class='ocrx_word' id='word_1_481' title='bbox 1354 2541 1532 2582; x_wconf 59' lang='lat' dir='ltr'><strong>attritu</strong></span> <span class='ocrx_word' id='word_1_482' title='bbox 1580 2537 1711 2594; x_wconf 84' lang='lat' dir='ltr'><strong>Quae</strong></span> <span class='ocrx_word' id='word_1_483' title='bbox 1734 2539 1946 2583; x_wconf 78' lang='lat' dir='ltr'><strong>codicum</strong></span> 
     </span>
     <span class='ocr_line' id='line_1_91' title="bbox 1048 2589 1945 2654; baseline 0.007 -18"><span class='ocrx_word' id='word_1_484' title='bbox 1048 2596 1227 2654; x_wconf 79' lang='lat' dir='ltr'><strong>vestigia</strong></span> <span class='ocrx_word' id='word_1_485' title='bbox 1274 2611 1412 2652; x_wconf 90' lang='lat' dir='ltr'><strong>quum</strong></span> <span class='ocrx_word' id='word_1_486' title='bbox 1457 2589 1720 2638; x_wconf 77' lang='lat' dir='ltr'><strong>viderentur</strong></span> <span class='ocrx_word' id='word_1_487' title='bbox 1758 2597 1945 2647; x_wconf 61' lang='lat' dir='ltr'><strong>incertag</strong></span> 
     </span>
     <span class='ocr_line' id='line_1_92' title="bbox 1048 2651 1944 2699; baseline -0.001 0"><span class='ocrx_word' id='word_1_488' title='bbox 1048 2653 1136 2699; x_wconf 77' lang='lat' dir='ltr'><strong>viri</strong></span> <span class='ocrx_word' id='word_1_489' title='bbox 1172 2653 1294 2696; x_wconf 87' lang='lat' dir='ltr'><strong>docti</strong></span> <span class='ocrx_word' id='word_1_490' title='bbox 1331 2652 1455 2698; x_wconf 85' lang='lat' dir='ltr'><strong>varia</strong></span> <span class='ocrx_word' id='word_1_491' title='bbox 1491 2651 1800 2696; x_wconf 85' lang='lat' dir='ltr'><strong>coniecerunt.</strong></span> <span class='ocrx_word' id='word_1_492' title='bbox 1859 2654 1944 2698; x_wconf 87' lang='lat' dir='ltr'><strong>&#39;Pi-</strong></span> 
     </span>
     <span class='ocr_line' id='line_1_93' title="bbox 1049 2709 1946 2764; baseline 0.003 -12"><span class='ocrx_word' id='word_1_493' title='bbox 1049 2710 1213 2756; x_wconf 82' lang='lat' dir='ltr'><strong>ehena:</strong></span> <span class='ocrx_word' id='word_1_494' title='bbox 1256 2723 1342 2751; x_wconf 73' lang='lat' dir='ltr'><strong>nec</strong></span> <span class='ocrx_word' id='word_1_495' title='bbox 1374 2710 1560 2764; x_wconf 80' lang='lat' dir='ltr'><strong>opibus,</strong></span> <span class='ocrx_word' id='word_1_496' title='bbox 1606 2709 1946 2762; x_wconf 81' lang='lat' dir='ltr'><strong>Romanorum</strong></span> 
     </span>
     <span class='ocr_line' id='line_1_94' title="bbox 1047 2764 1946 2812; baseline 0.002 -2"><span class='ocrx_word' id='word_1_497' title='bbox 1047 2768 1268 2811; x_wconf 80' lang='lat' dir='ltr'><strong>societate</strong></span> <span class='ocrx_word' id='word_1_498' title='bbox 1290 2769 1365 2809; x_wconf 80' lang='lat' dir='ltr'><strong>vel</strong></span> <span class='ocrx_word' id='word_1_499' title='bbox 1383 2767 1589 2810; x_wconf 84' lang='lat' dir='ltr'><strong>aliorum</strong></span> <span class='ocrx_word' id='word_1_500' title='bbox 1611 2767 1776 2811; x_wconf 75' lang='lat' dir='ltr'><strong>attriti.</strong></span> <span class='ocrx_word' id='word_1_501' title='bbox 1835 2764 1946 2812; x_wconf 59' lang='lat' dir='ltr'><strong>Verss</strong></span> 
     </span>
     <span class='ocr_line' id='line_1_95' title="bbox 1048 2823 1946 2880; baseline 0.003 -12"><span class='ocrx_word' id='word_1_502' title='bbox 1048 2824 1245 2868; x_wconf 80' lang='lat' dir='ltr'><strong>tranius:</strong></span> <span class='ocrx_word' id='word_1_503' title='bbox 1275 2837 1359 2866; x_wconf 83' lang='lat' dir='ltr'><strong>nec</strong></span> <span class='ocrx_word' id='word_1_504' title='bbox 1379 2825 1539 2879; x_wconf 77' lang='lat' dir='ltr'><strong>opibus</strong></span> <span class='ocrx_word' id='word_1_505' title='bbox 1557 2823 1827 2869; x_wconf 83' lang='lat' dir='ltr'><strong>aRomam&#39;s</strong></span> <span class='ocrx_word' id='word_1_506' title='bbox 1843 2831 1946 2880; x_wconf 72' lang='lat' dir='ltr'><strong>etc.⁸</strong></span> 
     </span>
     <span class='ocr_line' id='line_1_96' title="bbox 1051 2880 1945 2939; baseline 0.002 -14"><span class='ocrx_word' id='word_1_507' title='bbox 1051 2891 1101 2925; x_wconf 91' lang='lat' dir='ltr'><strong>ut</strong></span> <span class='ocrx_word' id='word_1_508' title='bbox 1123 2880 1341 2925; x_wconf 82' lang='lat' dir='ltr'><strong>sententia</strong></span> <span class='ocrx_word' id='word_1_509' title='bbox 1363 2889 1503 2924; x_wconf 79' lang='lat' dir='ltr'><strong>esset:</strong></span> <span class='ocrx_word' id='word_1_510' title='bbox 1530 2896 1616 2925; x_wconf 84' lang='lat' dir='ltr'><strong>nec</strong></span> <span class='ocrx_word' id='word_1_511' title='bbox 1635 2880 1797 2939; x_wconf 82' lang='lat' dir='ltr'><strong>opibus</strong></span> <span class='ocrx_word' id='word_1_512' title='bbox 1816 2882 1945 2930; x_wconf 68' lang='lat' dir='ltr'><strong>alto-</strong></span> 
     </span>
     <span class='ocr_line' id='line_1_97' title="bbox 1052 2936 1946 3006; baseline -0.002 -24"><span class='ocrx_word' id='word_1_513' title='bbox 1052 2940 1195 2982; x_wconf 88' lang='lat' dir='ltr'><strong>manis</strong></span> <span class='ocrx_word' id='word_1_514' title='bbox 1217 2937 1354 2982; x_wconf 75' lang='lat' dir='ltr'><strong>attriti</strong></span> <span class='ocrx_word' id='word_1_515' title='bbox 1382 2936 1563 2990; x_wconf 85' lang='lat' dir='ltr'><strong>Batavi,</strong></span> <span class='ocrx_word' id='word_1_516' title='bbox 1593 2938 1671 3006; x_wconf 86' lang='lat' dir='ltr'><strong>qui</strong></span> <span class='ocrx_word' id='word_1_517' title='bbox 1696 2940 1807 2998; x_wconf 62' lang='lat' dir='ltr'><strong>socii</strong></span> <span class='ocrx_word' id='word_1_518' title='bbox 1830 2940 1946 2985; x_wconf 79' lang='lat' dir='ltr'><strong>vali..</strong></span> 
     </span>
     <span class='ocr_line' id='line_1_98' title="bbox 1052 2994 1943 3054; baseline 0.002 -14"><span class='ocrx_word' id='word_1_519' title='bbox 1052 2996 1201 3040; x_wconf 90' lang='lat' dir='ltr'><strong>diores</strong></span> <span class='ocrx_word' id='word_1_520' title='bbox 1225 3003 1383 3038; x_wconf 84' lang='lat' dir='ltr'><strong>essent.</strong></span> <span class='ocrx_word' id='word_1_521' title='bbox 1442 2994 1701 3054; x_wconf 76' lang='lat' dir='ltr'><strong>Bipontmi:</strong></span> <span class='ocrx_word' id='word_1_522' title='bbox 1729 3010 1814 3040; x_wconf 78' lang='lat' dir='ltr'><strong>nec</strong></span> <span class='ocrx_word' id='word_1_523' title='bbox 1834 3013 1943 3052; x_wconf 82' lang='lat' dir='ltr'><strong>ope-</strong></span> 
     </span>
     <span class='ocr_line' id='line_1_99' title="bbox 1050 3052 1943 3100; baseline 0.003 -3"><span class='ocrx_word' id='word_1_524' title='bbox 1050 3055 1179 3097; x_wconf 84' lang='lat' dir='ltr'><strong>ribus</strong></span> <span class='ocrx_word' id='word_1_525' title='bbox 1201 3052 1431 3096; x_wconf 83' lang='lat' dir='ltr'><strong>Romanis</strong></span> <span class='ocrx_word' id='word_1_526' title='bbox 1453 3053 1732 3096; x_wconf 79' lang='lat' dir='ltr'><strong>socz&#39;etateve</strong></span> <span class='ocrx_word' id='word_1_527' title='bbox 1765 3055 1943 3100; x_wconf 84' lang='lat' dir='ltr'><strong>alieno-</strong></span> 
     </span>
     <span class='ocr_line' id='line_1_100' title="bbox 1051 3107 1945 3166; baseline 0.002 -12"><span class='ocrx_word' id='word_1_528' title='bbox 1051 3126 1157 3154; x_wconf 85' lang='lat' dir='ltr'><strong>rum</strong></span> <span class='ocrx_word' id='word_1_529' title='bbox 1198 3109 1365 3153; x_wconf 82' lang='lat' dir='ltr'><strong>attriti.</strong></span> <span class='ocrx_word' id='word_1_530' title='bbox 1437 3107 1615 3153; x_wconf 84' lang='lat' dir='ltr'><strong>Etenim</strong></span> <span class='ocrx_word' id='word_1_531' title='bbox 1659 3124 1806 3166; x_wconf 82' lang='lat' dir='ltr'><strong>opera</strong></span> <span class='ocrx_word' id='word_1_532' title='bbox 1838 3113 1945 3156; x_wconf 82' lang='lat' dir='ltr'><strong>Ro-</strong></span> 
     </span>
     <span class='ocr_line' id='line_1_101' title="bbox 1048 3165 1946 3221; baseline 0.003 -9"><span class='ocrx_word' id='word_1_533' title='bbox 1048 3181 1199 3212; x_wconf 84' lang='lat' dir='ltr'><strong>mana</strong></span> <span class='ocrx_word' id='word_1_534' title='bbox 1222 3166 1309 3209; x_wconf 83' lang='lat' dir='ltr'><strong>illis</strong></span> <span class='ocrx_word' id='word_1_535' title='bbox 1344 3174 1449 3210; x_wconf 90' lang='lat' dir='ltr'><strong>sunt</strong></span> <span class='ocrx_word' id='word_1_536' title='bbox 1475 3165 1776 3221; x_wconf 77' lang='lat' dir='ltr'><strong>munitiones,</strong></span> <span class='ocrx_word' id='word_1_537' title='bbox 1815 3168 1946 3215; x_wconf 84' lang='lat' dir='ltr'><strong>labor</strong></span> 
     </span>
     <span class='ocr_line' id='line_1_102' title="bbox 1049 3222 1943 3285; baseline 0.002 -16"><span class='ocrx_word' id='word_1_538' title='bbox 1049 3222 1314 3274; x_wconf 88' lang='lat' dir='ltr'><strong>muniendi;</strong></span> <span class='ocrx_word' id='word_1_539' title='bbox 1358 3224 1536 3268; x_wconf 84' lang='lat' dir='ltr'><strong>alienos</strong></span> <span class='ocrx_word' id='word_1_540' title='bbox 1567 3223 1824 3284; x_wconf 85' lang='lat' dir='ltr'><strong>intelligunt</strong></span> <span class='ocrx_word' id='word_1_541' title='bbox 1856 3238 1943 3285; x_wconf 85' lang='lat' dir='ltr'><strong>pu·-</strong></span> 
     </span>
     <span class='ocr_line' id='line_1_103' title="bbox 1049 3279 1941 3342; baseline 0.006 -19"><span class='ocrx_word' id='word_1_542' title='bbox 1049 3282 1264 3327; x_wconf 83' lang='lat' dir='ltr'><strong>blieanos.</strong></span> <span class='ocrx_word' id='word_1_543' title='bbox 1296 3279 1353 3324; x_wconf 81' lang='lat' dir='ltr'><strong>cf.</strong></span> <span class='ocrx_word' id='word_1_544' title='bbox 1370 3279 1530 3325; x_wconf 86' lang='lat' dir='ltr'><strong>Germ.</strong></span> <span class='ocrx_word' id='word_1_545' title='bbox 1555 3281 1680 3326; x_wconf 68' lang='grc'><strong>(3.29.</strong></span> <span class='ocrx_word' id='word_1_546' title='bbox 1708 3283 1822 3342; x_wconf 85' lang='lat' dir='ltr'><strong>Agr.</strong></span> <span class='ocrx_word' id='word_1_547' title='bbox 1846 3284 1941 3329; x_wconf 65' lang='grc' dir='ltr'><strong>αδ.</strong></span> 
     </span>
     <span class='ocr_line' id='line_1_104' title="bbox 1051 3336 1946 3386; baseline 0.003 -4"><span class='ocrx_word' id='word_1_548' title='bbox 1051 3338 1298 3382; x_wconf 88' lang='lat' dir='ltr'><strong>Oberlinus</strong></span> <span class='ocrx_word' id='word_1_549' title='bbox 1323 3353 1347 3379; x_wconf 91' lang='lat' dir='ltr'><strong>e</strong></span> <span class='ocrx_word' id='word_1_550' title='bbox 1370 3336 1523 3382; x_wconf 83' lang='lat' dir='ltr'><strong>Coleri</strong></span> <span class='ocrx_word' id='word_1_551' title='bbox 1545 3341 1760 3383; x_wconf 81' lang='lat' dir='ltr'><strong>sententia</strong></span> <span class='ocrx_word' id='word_1_552' title='bbox 1781 3340 1946 3386; x_wconf 70' lang='lat' dir='ltr'><strong>edidite</strong></span> 
     </span>
     <span class='ocr_line' id='line_1_105' title="bbox 1049 3396 1944 3449; baseline 0.008 -13"><span class='ocrx_word' id='word_1_553' title='bbox 1049 3410 1131 3441; x_wconf 82' lang='lat' dir='ltr'><strong>nec</strong></span> <span class='ocrx_word' id='word_1_554' title='bbox 1165 3396 1348 3449; x_wconf 81' lang='lat' dir='ltr'><strong>opibus,</strong></span> <span class='ocrx_word' id='word_1_555' title='bbox 1397 3396 1622 3439; x_wconf 79' lang='lat' dir='ltr'><strong>societate</strong></span> <span class='ocrx_word' id='word_1_556' title='bbox 1655 3397 1944 3449; x_wconf 73' lang='lat' dir='ltr'><strong>validiorum</strong></span> 
     </span>
     <span class='ocr_line' id='line_1_106' title="bbox 1051 3451 1944 3512; baseline 0.006 -17"><span class='ocrx_word' id='word_1_557' title='bbox 1051 3451 1227 3503; x_wconf 81' lang='lat' dir='ltr'><strong>attriti,</strong></span> <span class='ocrx_word' id='word_1_558' title='bbox 1250 3451 1531 3512; x_wconf 86' lang='lat' dir='ltr'><strong>addiditque:</strong></span> <span class='ocrx_word' id='word_1_559' title='bbox 1563 3454 1852 3505; x_wconf 75' lang='lat' dir='ltr'><strong>„validiores</strong></span> <span class='ocrx_word' id='word_1_560' title='bbox 1869 3454 1944 3502; x_wconf 80' lang='lat' dir='ltr'><strong>vel</strong></span> 
     </span>
     <span class='ocr_line' id='line_1_107' title="bbox 1052 3509 1944 3557; baseline 0.008 -7"><span class='ocrx_word' id='word_1_561' title='bbox 1052 3509 1341 3552; x_wconf 82' lang='lat' dir='ltr'><strong>valentiores</strong></span> <span class='ocrx_word' id='word_1_562' title='bbox 1372 3526 1466 3554; x_wconf 86' lang='lat' dir='ltr'><strong>esse</strong></span> <span class='ocrx_word' id='word_1_563' title='bbox 1490 3511 1722 3554; x_wconf 79' lang='lat' dir='ltr'><strong>Romanos</strong></span> <span class='ocrx_word' id='word_1_564' title='bbox 1750 3526 1822 3555; x_wconf 80' lang='lat' dir='ltr'><strong>res</strong></span> <span class='ocrx_word' id='word_1_565' title='bbox 1850 3511 1865 3554; x_wconf 87' lang='lat' dir='ltr'><strong>i</strong></span> <span class='ocrx_word' id='word_1_566' title='bbox 1897 3528 1944 3557; x_wconf 82' lang='lat' dir='ltr'><strong>sa</strong></span> 
     </span>
     <span class='ocr_line' id='line_1_108' title="bbox 1054 3566 1945 3625; baseline 0.003 -15"><span class='ocrx_word' id='word_1_567' title='bbox 1054 3566 1239 3610; x_wconf 73' lang='lat' dir='ltr'><strong>docet-’³</strong></span> <span class='ocrx_word' id='word_1_568' title='bbox 1315 3566 1604 3612; x_wconf 76' lang='lat' dir='ltr'><strong>Ricklefsiusz</strong></span> <span class='ocrx_word' id='word_1_569' title='bbox 1662 3580 1745 3610; x_wconf 82' lang='lat' dir='ltr'><strong>nec</strong></span> <span class='ocrx_word' id='word_1_570' title='bbox 1784 3569 1861 3625; x_wconf 83' lang='lat' dir='ltr'><strong>opi</strong></span> <span class='ocrx_word' id='word_1_571' title='bbox 1890 3584 1945 3613; x_wconf 77' lang='lat' dir='ltr'><strong>us</strong></span> 
     </span>
     <span class='ocr_line' id='line_1_109' title="bbox 1054 3624 1945 3683; baseline 0.002 -12"><span class='ocrx_word' id='word_1_572' title='bbox 1054 3624 1271 3671; x_wconf 64' lang='lat' dir='ltr'><strong>societate</strong></span> <span class='ocrx_word' id='word_1_573' title='bbox 1304 3625 1586 3669; x_wconf 70' lang='lat' dir='ltr'><strong>validiorum</strong></span> <span class='ocrx_word' id='word_1_574' title='bbox 1627 3625 1785 3669; x_wconf 75' lang='lat' dir='ltr'><strong>attriti</strong></span> <span class='ocrx_word' id='word_1_575' title='bbox 1825 3625 1945 3683; x_wconf 77' lang='lat' dir='ltr'><strong>(und</strong></span> 
     </span>
    </p>
   </div>
  </div>
 </body>
</html>
