2138 4030
1743 244 1797 284 A.
1811 244 1863 281 n.
1881 221 1965 284 aas.

1741 291 1795 326 A.
1815 288 1863 326 e.
1904 290 1965 333 το,

783 326 799 346 .

184 386 519 446 culatorum
557 391 615 442 et
645 378 964 439 Veturium
998 378 1304 455 optionem
1347 378 1678 436 eorundem
1713 381 2047 456 perductos,

184 482 496 548 postquam
541 465 707 524 vario
755 484 1025 523 sermone
1067 463 1315 522 callidos
1351 456 1716 541 audacesque
1754 465 2054 541 cognovit,

182 554 373 632 pretio
402 563 459 611 et
485 551 792 629 promissis
815 560 1051 618 onerat,
1095 549 1230 606 data
1253 549 1504 623 pecunia
1529 549 1605 606 ad
1625 554 2046 625 pertentandos

182 639 450 718 plurium
499 637 750 696 animos·
871 633 1193 708 Suscepere
1242 633 1362 690 duo
1412 634 1813 710 manipulares
1856 636 2047 713 impe-

183 727 344 784 rium
386 723 594 800 populi
630 719 898 780 Romani
940 718 1446 776 transferendum:
1504 731 1561 777 et
1597 720 2046 783 transtulerunt.

183 810 259 870 In
293 807 714 869 conscientiam
744 804 1025 862 facinoris
1057 804 1233 879 pauci
1257 803 1495 862 adsciti:
1539 824 1856 882 suspensos
1891 818 2046 864 cete-

182 917 390 954 rorum
416 894 646 951 animos
676 890 928 948 diversis
958 886 1185 947 artibus
1222 889 1560 960 stimulant,
1603 890 1895 966 primores
1930 892 2044 948 mi—

182 984 358 1040 litum
398 999 504 1056 per
541 976 825 1036 beneficia
857 970 1316 1052 Nymphidii'ut
1356 987 1682 1051 suspectOS‚
1743 977 1958 1052 vulgus
1991 988 2050 1035 et

184 1080 405 1126 ceteros
429 1066 520 1122 ira
545 1074 603 1120 et
624 1060 1031 1136 desperatione
1061 1059 1232 1116 dilati
1263 1059 1478 1117 totiens
1505 1061 1790 1122 donativi.
1878 1073 2048 1120 erant

184 1173 334 1232 quos
382 1148 670 1208 memoria
703 1145 960 1203 Neronis
997 1166 1063 1202 ac
1106 1145 1465 1202 desiderium
1511 1147 1730 1221 prioris
1775 1147 2047 1205 licentiae

183 1238 541 1297 accenderet.
627 1233 694 1289 in
731 1251 1044 1288 commune
1082 1250 1286 1287 omnes
1322 1243 1486 1289 metu
1531 1233 1850 1290 mutandae
1885 1233 2048 1289 mili-

181 1326 297 1385 tiae
320 1321 714 1380 terrebantur.

259 1463 266 1473 ..
349 1414 577 1477 XXVI.
630 1414 842 1494 Infecit
877 1434 943 1470 ea
974 1415 1136 1472 tabes
1173 1414 1476 1489 legionum
1512 1436 1748 1493 quoq-ue
1787 1427 1845 1474 et
1881 1417 2047 1474 auxi-

182 1507 403 1564 liorum
425 1513 615 1566 motas
653 1497 772 1557 iam
805 1511 1060 1570 mentes,
1104 1498 1418 1577 postquam
1448 1501 1754 1574 vulgatum
1794 1512 1916 1558 erat
1958 1503 2047 1558 la—

181 1594 324 1649 bare
355 1586 702 1647 Germanici
738 1586 1024 1642 exercitus
1061 1586 1258 1645 fidem.
1345 1586 1612 1664 adeoque
1645 1599 1849 1662 parata
1889 1589 2047 1662 apud

182 1678 371 1736 malos
398 1673 638 1743 seditiO‚
683 1671 859 1730 etiam
890 1672 1046 1746 apud
1074 1671 1336 1745 integros
1370 1671 1762 1729 dissimulatio
1796 1673 1940 1744 fuit,
1981 1683 2050 1730 ut

1207 1917 1259 1960 in
1291 1929 1552 1960 commune.
1633 1911 1699 1956 Ex
1736 1913 2050 1959 emendatione
2096 1926 2100 1929 ’

243 1919 509 1970 Veturium.
577 1915 684 1963 MS.
715 1913 869 1960 Guelf.
904 1915 1081 1960 Vecta-

183 1983 326 2028 rium.
1151 1973 1371 2025 Rhenani‚
1398 1989 1530 2031 quam
1548 1972 1642 2029 ipse
1663 1970 1800 2015 edidit
1823 1979 1866 2016 et
1887 1971 2048 2015 deinde

241 2038 477 2097 optionem
517 2034 785 2077 eorundem.
870 2030 946 2074 Sic
976 2031 1081 2074 MS.
1151 2031 1270 2089 Lips.
1293 2047 1392 2089 sqq.
1417 2058 1476 2066 -
1524 2031 1573 2072 in
1594 2031 1835 2072 communi
1849 2029 1984 2074 MSS.
2005 2038 2049 2073 et

184 2101 312 2145 Flor·
335 2102 436 2138 '‘esl-
457 2091 600 2141 vict„
660 2089 706 2132 ui
729 2089 777 2131 in
803 2088 950 2131 addita
971 2096 1080 2131 nota
1154 2089 1254 2132 edd.
1290 2088 1408 2147 Spir.
1437 2087 1541 2130 Put.
1570 2085 1779 2131 Beroald.
1814 2086 1915 2132 Alc.
1940 2086 2047 2131 Ald.

88 2150 99 2162 .
182 2156 336 2203 laudat
366 2149 536 2209 antiqui
570 2164 624 2191 co
660 2145 740 2190 icis
771 2146 908 2189 fidem
947 2155 1081 2204 atque
1152 2146 1332 2206 Micyll·

184 2231 268 2275 per
298 2213 354 2254 it:
397 2206 675 2261 „confirmat
696 2203 813 2247 hanc
835 2202 1081 2246 lectionem
1211 2218 1529 2260 terrebantur·
1613 2194 1692 2259 Sic
1732 2212 1867 2259 codd·
1907 2213 2046 2259 MSS·

184 2282 230 2318 et
298 2271 379 2314 lut.
407 2267 457 2310 in
488 2265 574 2307 vita
605 2260 778 2306 Galbae
807 2260 875 2304 his
905 2260 1081 2304 verbis:

176 2325 395 2384 Ἰτούριος
409 2317 720 2387 καὶΒάρβιοις,
754 2315 779 2363 ὁ
804 2319 881 2362 καὶ
904 2315 947 2371 (ὁ
971 2319 1080 2376 μὲν)

183 2388 349 2440 ὃπίων,
377 2380 401 2428 ὃ
420 2381 471 2427 δὲ
488 2391 778 2436 τεσσεραριος
791 2384 878 2420 etc.
892 2375 991 2434 lego
1006 2393 1081 2420 au-

182 2455 277 2491 tem
298 2440 416 2501 apud
429 2439 550 2483 Plut.
572 2435 750 2480 ὀπτίων
767 2451 851 2491 pro
873 2431 1040 2477 ὀπίων.
1054 2435 1082 2453 ”

186 2496 484 2553 Confirmavit
526 2493 848 2548 revocavitque
893 2492 1081 2535 eandem

184 2561 458 2619 scripturam
485 2552 661 2611 Lipsius
689 2567 713 2594 e
732 2549 834 2593 MS.
858 2548 1005 2592 Vatia.
1039 2558 1083 2593 et

183 2612 569 2672 inscriptionibus.
650 2608 752 2653 MS.
787 2606 904 2649 Bud.
950 2607 1083 2650 habet

188 2677 235 2720 V
234 2673 460 2718 cetur-ium
494 2666 732 2723 optionem
759 2668 938 2707 eodem.
995 2664 1082 2707 Ed.

186 2735 218 2779 S
252 2732 305 2775 ir.
330 2730 376 2773 V
377 2728 582 2770 eturium
599 2725 853 2778 opio-ionem
889 2725 1083 2765 eorffde.

186 2749 324 2836 Niss.
355 2783 488 2828 Bodl.
518 2781 672 2826 Guelf.
704 2781 805 2824 edd.
837 2780 942 2822 Put.
967 2779 1081 2822 *Ber.

187 2863 287 2906 sqq.
318 2844 544 2887 Othonem
577 2839 667 2894 (ed.
705 2839 811 2881 Put.
839 2837 910 2880 M.
938 2836 1080 2880 Octo-

98 2907 101 2913 '
186 2904 315 2960 nem)
343 2902 519 2944 eodem.
579 2897 651 2940 De
676 2896 770 2940 aliis
791 2894 927 2939 MSS.
951 2893 1083 2937 silen-

188 2965 304 3008 tium
326 2966 407 3002 est.

244 3018 411 3075 pretio.
469 3011 546 3057 Sic.
560 3011 662 3054 MS.
674 3010 798 3054 Flor.
821 3008 1063 3065 (test.Vict.

190 3077 292 3122 edd.
313 3073 433 3132 Lips.
449 3085 614 3129 sqq.-—
638 3070 799 3123 precio
811 3068 914 3113 MS.
927 3066 1047 3111 Guel
1071 3099 1083 3112 .

192 3135 297 3180 edd.
319 3138 428 3179 vett.

249 3201 506 3245 suscepere.
565 3182 795 3228 Victorius
819 3189 975 3226 notam
1003 3181 1083 3225 ad-

193 3249 331 3296 didit:
387 3260 533 3299 „cum
584 3241 892 3299 indignatione
929 3242 1081 3299 legen-

324 3304 352 3322 θ’

225 3323 302 3352 um
310 3337 322 3350 .

192 3309 223 3359 d
250 3367 345 3412 duo
376 3360 718 3415 manipulares.

195 3423 287 3470 An.
311 3423 352 3474 1,
370 3420 443 3464 21.

249 3486 527 3526 ceterorum.
583 3472 669 3518 Ed.
686 3470 806 3530 Spir.
830 3478 1054 3536 efterum.

254 3538 541 3586 accenderet.
623 3529 727 3576 MS.
768 3528 919 3576 Guelf.
958 3543 1087 3574 acce-

196 3599 346 3646 deret.

795 3355 859 3401 cf.
896 3364 991 3400 not.
1029 3354 1086 3398 ad

1154 2276 1278 2320 Flor.
1315 2277 1356 2330 (a
1378 2290 1449 2342 pr.
1483 2291 1544 2318 m.
1578 2280 1675 2316 test.
1702 2272 1796 2316 lac..⁴
1821 2270 2047 2328 Gronov.)

1154 2330 1307 2380 Guelf.
1322 2331 1507 2389 aliique,
1538 2330 1637 2374 edd.
1652 2329 1771 2387 Spir.
1788 2345 1886 2387 sqq.
1907 2328 1963 2372 ad
1975 2329 2048 2372 Pi-

1156 2393 1368 2439 ahenam,
1411 2389 1487 2447 qui
1520 2388 1641 2432 dedit
1665 2387 2048 2442 exterrebantur,

1155 2450 1279 2510 quod
1313 2464 1402 2491 sec.
1428 2463 1589 2490 manus
1618 2445 1666 2488 in
1689 2443 1791 2487 MS.
1812 2442 1936 2487 Flor.
1965 2461 2044 2487 su-

1153 2504 1432 2567 perscripsit.
1505 2504 1646 2546 Vetus
1668 2502 1888 2560 scriptura
1915 2503 2049 2546 resti-

1154 2574 1251 2609 tuta
1282 2572 1347 2607 est
1377 2563 1432 2607 ab
1463 2561 1555 2605 Iac.
1582 2559 1835 2603 Gronovio.
1893 2558 1966 2602 De
1996 2576 2048 2604 re

1156 2623 1214 2668 cf.
1252 2622 1443 2666 sueton.
1479 2619 1613 2663 Galb.
1649 2633 1689 2662 c.
1723 2617 1790 2659 16.
1828 2615 2047 2660 Ceterum

1149 2679 1485 2737 praetorianos
1525 2676 1672 2718 etiam
1712 2680 1841 2716 metu
1881 2682 1927 2716 et
1969 2676 2044 2725 in-

1152 2738 1380 2793 dignitate
1442 2733 1695 2777 commouit
1714 2762 1728 2782 ,
1800 2745 2047 2777 removens

1152 2796 1345 2839 subinde
1374 2795 1624 2847 plerosque
1656 2797 1707 2831 ut
1736 2795 1969 2844 suspectos
2001 2799 2048 2834 et

1152 2851 1425 2910 Nymphidii
1451 2852 1612 2892 socios.

1212 2922 1329 2965 CAP.
1348 2919 1422 2963 26.
1469 2918 1778 2962 auxiliorum.

1154 2980 1226 3024 ed.
1251 2978 1371 3037 Spir.
1398 2978 1776 3020 auxiliariorum.

1213 3048 1505 3117 Ges-manici.
1587 3045 1694 3090 MS.
1737 3012 1894 3091 (ἱιιοΙὲ.
1934 3060 2043 3101 ger-

1157 3122 1303 3151 mam.

1213 3176 1543 3221 dissimulatio.
1602 3171 2045 3233 Baumgarten-Cru-

1157 3237 1247 3281 sius
1270 3236 1324 3277 ad
1347 3235 1469 3277 Suet.
1493 3232 1600 3277 Oth.
1635 3248 1674 3277 c.
1699 3233 1742 3277 6.
1768 3233 2044 3274 dissimula-

1156 3295 1222 3337 tio
1276 3292 1375 3339 vult
1424 3290 1591 3333 mutari
1639 3289 1690 3332 in
1733 3289 2046 3342 dissimulata,

1156 3367 1270 3410 quae
1294 3348 1558 3393 coniectura
1580 3346 1691 3391 olim
1714 3346 1818 3391 satis
1840 3345 1951 3393 mihi
1973 3347 2047 3390 ad·

1156 3408 1347 3452 ridebat.
1407 3406 1542 3450 Nune
1562 3403 1777 3464 opinione
1798 3411 1966 3449 mutata
1983 3403 2048 3449 nil

1158 3465 1233 3510 hic
1261 3463 1615 3514 emendandum,
1643 3461 1810 3506 rectius
1833 3475 1945 3513 vero
1972 3460 2044 3508 lo-

1161 3539 1264 3567 cum
1284 3538 1377 3565 csse
1391 3520 1701 3580 explicandum
1724 3534 1900 3563 censeo·
1932 3516 2048 3565 Nam

1162 3579 1474 3628 dissimulatio
1505 3577 1580 3623 hic
1613 3593 1711 3626 nou
1741 3583 1806 3623 est
1837 3576 2046 3624 Verucl-

1822 2915 1923 2964 MS.
1937 2916 2047 2976 Reg.
