2138 4030
1734 258 1862 306 Am.
1876 238 1963 300 aaa.

128 259 131 261 ·
169 261 311 322 214
764 215 1483 326 HlsTORIARUM·
1734 304 1855 343 M,

186 409 322 447 rum
344 409 747 468 equorumque
770 394 1024 462 formae,
1059 392 1274 451 infecta
1309 394 1448 452 tabo
1488 389 1734 466 humus,
1774 397 2043 473 protritis

185 476 499 533 arboribus
541 496 607 533 ac
643 478 913 551 frugibus
949 478 1081 535 dira
1114 478 1371 540 vastitas.

185 580 363 618 mana
385 580 522 636 pars
546 561 705 632 viae,
741 583 920 639 quam
947 561 1376 622 Cremonenses
1408 563 1582 622 lauru
1601 566 1866 644 rosisque
1901 586 2047 625 con-

189 656 545 716 straverant,
584 648 889 704 exstructis
911 648 1194 705 altaribus
1218 648 1512 726 caesisque
1536 650 1792 708 victimis
1817 652 2047 727 regium

186 730 254 786 in
289 751 540 788 morem:
589 752 738 808 quae
777 732 929 788 laeta
962 732 1027 788 in
1064 724 1338 809 praesens
1373 755 1512 792 mox
1544 735 1869 811 perniciem
1904 736 2049 813 ipsis

187 816 395 877 fecere.
513 810 784 874 Aderant
829 814 1052 885 Valens
1109 830 1167 876 et
1215 815 1466 876 Caecina
1521 822 2049 899 monstrabantque

187 920 422 977 pugn-ae
466 902 654 958 locos:
729 897 871 958 hinc
918 900 1212 978 inrupisse
1259 902 1562 978 legionum
1597 922 1843 981 agmen,
1904 903 2048 964 hinc

190 987 418 1063 equites
466 997 729 1055 coortos,
799 986 941 1043 inde
989 988 1369 1046 circumfusas
1416 990 1774 1050 auxiliorum
1820 1011 2052 1052 manuS.

188 1070 310 1129 iam
348 1071 580 1130 tribuni
625 1071 1020 1151 praefectique
1066 1091 1171 1131 sua
1217 1074 1467 1151 quisque
1514 1076 1683 1135 facta·
1712 1077 2054 1136 extollentes

186 1156 364 1228 falsa,
407 1175 546 1213 vera
571 1168 673 1214 aut
697 1156 921 1214 maiora
958 1178 1098 1215 vero
1135 1158 1480 1218 miscebant.
1564 1161 1778 1236 vulg-us
1815 1182 2053 1242 quoque

255 1418 295 1456 st
323 1413 637 1466 spectaculum
668 1411 819 1471 posuit
848 1420 1084 1472 punctum,

225 1484 325 1523 ung
353 1470 518 1512 retinet
565 1485 745 1513 comma
795 1479 898 1528 post
938 1472 1082 1516 diem.

191 1526 308 1571 Edd.
341 1525 448 1573 inde
485 1543 509 1571 a
540 1525 837 1571 Gronoviana
871 1528 1084 1586 (1672.):

191 1584 462 1638 concupivit.
518 1585 568 1628 F
565 1587 736 1628 oedum
766 1593 907 1640 atque
936 1594 1087 1629 atrox

186 1644 526 1696 spectaculum.
587 1643 718 1685 intra
758 1642 865 1686 XL.
895 1658 1087 1699 pugnae

191 1699 319 1743 diem
339 1701 498 1743 lacera
515 1713 718 1756 corpora
731 1706 815 1744 etc.
846 1700 1089 1759 Rupertius

191 1755 309 1800 vult:
346 1757 397 1800 F
392 1761 563 1801 vedum
675 1762 986 1812 spectaculum
1010 1760 1087 1801 in-

194 1821 274 1857 tra
291 1814 399 1859 XL.
419 1817 559 1858 diem.
595 1814 778 1858 Lacera
801 1824 884 1860 etc.
943 1815 1090 1874 Expli-

195 1879 288 1916 cat:
334 1871 489 1923 „intra
520 1872 614 1918 sive
643 1888 724 1931 per
743 1871 822 1915 XL
854 1873 969 1925 dies,
1007 1889 1091 1932 per

196 1945 333 1995 omne
352 1930 444 1974 hoo
465 1938 655 1988 tempus.
670 1930 697 1948 '’
767 1929 861 1973 Sed
886 1930 975 1975 hoe
996 1947 1091 1976 non

196 1995 330 2030 mest.

198 2070 965 2183 θῖξζῖῗῗᾶἷξὲὴῆὶπ.Οόἶοοάηζῖἷ.
985 2073 1091 2172 edi-¹2

197 2193 311 2230 nest.
339 2184 503 2244 legitur
525 2186 699 2243 infesta
723 2204 806 2247 pro
832 2189 1030 2242 insecta,
1070 2203 1094 2231 e

199 2242 328 2301 lapsu
378 2258 621 2300 operarum
669 2245 799 2288 traxit
850 2245 1092 2303 originem.

199 2300 316 2410 Jam
336 2300 474 2345 ceteri
493 2300 597 2346 libri
623 2303 914 2347 consentiunt
937 2304 984 2346 in
1015 2303 1092 2345 in-

223 2365 341 2403 ecta.

262 2473 318 2500 ac
355 2455 595 2513 srugzbus.
672 2457 750 2503 Sic
791 2457 929 2503 MSS.
966 2458 1095 2502 Flor.

203 2515 323 2571 (test.
346 2514 435 2558 Iac.
451 2514 671 2571 Gronov.)
694 2515 808 2575 Agr.
825 2517 938 2575 Reg.
956 2515 1097 2560 Corb.

203 2572 306 2616 edd.
331 2572 450 2640 Spir.
477 2571 624 2631 Ryck.
649 2573 738 2617 Iac.
770 2572 978 2619 Gronov.
1002 2589 1098 2632 sqq.

203 2628 433 2674 Victorms
453 2631 669 2675 intactum
689 2631 772 2674 reli
806 2633 871 2675 uit
893 2633 1100 2688 atquef„

205 2687 329 2745 quod
375 2696 509 2732 exstat
550 2688 599 2732 in
632 2689 767 2733 MSS.
843 2689 927 2734 arl.
962 2688 1097 2732 Bodl.

207 2745 292 2789 les.
327 2743 482 2789 Guelf.
515 2746 616 2790 edd.
652 2745 758 2791 Put.
788 2763 885 2806 sqq.
921 2747 976 2791 ad
1001 2746 1097 2805 Ry-

126 2848 131 2853 ,
209 2800 375 2846 ckium.

265 2916 349 2944 nee
370 2904 524 2945 minus
541 2902 813 2950 inhumana.
871 2904 949 2950 Sic
963 2905 1099 2950 MSS.

208 2958 334 3003 Flor.
362 2960 474 3014 (test.
504 2959 543 3002 R
577 2960 647 3004 ck.
682 2978 787 3006 cum
823 2963 914 3007 Iac.
935 2962 1102 3019 Gron.)

211 3015 366 3060 Guelf.
397 3017 497 3060 edd.
559 3026 621 3062 ut.
645 3020 859 3064 Beroald.
886 3021 1009 3077 (cum
1035 3019 1104 3063 sil.

209 3074 352 3129 vict.)
379 3089 476 3132 sqq.
505 3100 560 3108 —
611 3093 693 3121 nee
715 3079 872 3122 minus
892 3080 1106 3121 humana

210 3130 349 3174 MSS.
387 3131 498 3187 Reg.
542 3130 680 3179 Corb.
714 3134 826 3192 Agr.
865 3135 938 3180 ed.
981 3134 1103 3193 Spir.

211 3188 266 3231 In
290 3187 392 3231 MS.
407 3188 519 3244 Agr.
547 3192 691 3245 prima
713 3209 874 3236 manus
894 3193 1106 3236 omiserat

213 3246 396 3288 minus:
426 3245 595 3290 addidit
617 3266 706 3293 sec.
740 3265 914 3294 manus.
983 3248 1108 3293 Rbe-

213 3318 360 3347 nanus
416 3304 667 3362 corrigebat
720 3308 971 3350 inamoena
1022 3306 1106 3351 ad-

213 3367 420 3407 versante
445 3358 660 3406 Grutero.
731 3363 1109 3409 Inhumanitatem

215 3417 414 3476 intellige
445 3416 500 3460 de
534 3418 627 3475 pari
658 3419 767 3463 eius·
779 3421 870 3465 viae
894 3421 1110 3466 foeditate

217 3491 242 3518 e
279 3474 457 3535 proelio
490 3474 666 3532 reliqua
707 3485 751 3519 et
785 3493 839 3520 co
872 3478 928 3522 ita
964 3477 1109 3522 Vitel-

218 3531 332 3578 lium
352 3532 405 3575 ab
429 3547 477 3576 ea
498 3540 624 3590 parte
650 3549 833 3592 campos
863 3535 1111 3580 {edriacew

202 3596 289 3635 'ses
310 3589 488 3643 adiisse,
519 3606 598 3649 per
618 3605 752 3650 quam
770 3590 1023 3638 Othoniani
1045 3592 1113 3637 fu·

1153 1421 1322 1474 gerant.
1395 1413 1506 1458 Insr.
1532 1411 1576 1464 8,
1605 1412 1680 1460 83.
1719 1413 1882 1472 legitur
1908 1415 2048 1461 inhu-

1152 1487 1301 1515 mana
1344 1472 1590 1515 securitas.
1676 1471 1910 1518 Ernestius
1954 1489 2051 1519 non

1152 1529 1258 1573 satis
1298 1536 1429 1573 'recte
1473 1529 1686 1588 explicat:
1743 1531 2052 1582 „nummaria

1154 1586 1200 1630 h.
1223 1603 1262 1630 e.
1279 1585 1479 1630 insolens
1500 1596 1716 1647 apparatu
1741 1596 1786 1632 et
1818 1590 2051 1648 tyrannica
2116 1645 2119 1648 ι

1155 1659 1318 1703 specie.
1333 1643 1361 1661 ”

1218 1715 1379 1756 lauru.
1467 1713 1546 1759 Sic
1583 1714 1720 1762 MSS.
1759 1715 1880 1762 Harl.
1922 1714 2054 1762 Bodl.

1160 1771 1244 1816 les.
1267 1769 1422 1816 Guelf.
1449 1771 1551 1817 edd.
1574 1771 1906 1818 Put.Beroald.
1930 1773 2055 1828 (cum

1161 1827 1381 1885 sil.Vict.)
1399 1828 1503 1873 Alc.
1528 1837 1572 1872 et
1598 1847 1660 1874 nu
1695 1847 1744 1875 er
1768 1829 1972 1876 Bekkeri.
1995 1854 2057 1866 —

1161 1889 1303 1930 lauro
1324 1886 1426 1930 MS.
1444 1885 1562 1931 Bud.
1586 1888 1641 1932 ed
1677 1922 1687 1933 .
1711 1888 1855 1933 Rben.
1875 1904 1926 1946 sq
1963 1919 1976 1932 .
1997 1915 2057 1926 —

1163 1947 1338 2046 lqiur‘sus
1365 1948 1593 2002 rosasque
1618 1945 1755 1991 MSS.
1777 1945 1887 2006 Reg.
1958 1947 2062 1995 orb.

1165 2019 1189 2047 e
1225 2034 1238 2047 .
1296 2018 1384 2060 pu·-

1221 2075 1408 2142 regz‘um·
1437 2076 1486 2117 in
1528 2088 1727 2119 morem.
1741 2087 1758 2095 ‘
1818 2073 1901 2121 Ed.
1936 2072 2057 2136 Spir.

1164 2145 1365 2185 regnum
1387 2146 1435 2174 m
1457 2146 1658 2175 morem.

1166 2201 1774 2318 νίἴῖῗιὲῖιιῗῖςὶοὴῖῒεξαέεέ.
1786 2200 1914 2305 glun&
1922 2203 2061 2305 ἐξὲξ.

1167 2315 1270 2359 edd.
1293 2315 1413 2374 Spir.
1434 2316 1620 2385 Picben.
1641 2315 1823 2361 Gruter.
1841 2316 2063 2418 Bernegq.

1164 2373 2065 2490 {3341ffatissffififfifiassfdsssszssz

1167 2487 1304 2546 idque
1327 2488 1598 2547 repetierant
1618 2489 1796 2533 Ernest.
1817 2488 1943 2534 Brot.
1969 2489 2063 2534 alii-

1169 2561 1273 2604 que.
1298 2570 1358 2579 —
1395 2544 1631 2605 Bipontini
1653 2555 1696 2590 et
1715 2542 1921 2591 Oberlin.
1938 2545 2063 2592 resti-

1170 2611 1356 2648 tuerunt
1393 2604 1638 2658 ιἠνιιριζςεε.
1697 2604 1856 2648 Recte.
1922 2603 2063 2648 Erne-

1171 2662 1281 2705 stius
1321 2676 1557 2721 perperam
1596 2661 1805 2706 censebat
1839 2662 1950 2705 hine
1983 2663 2063 2705 in-

1171 2721 1351 2775 rupisse
1374 2718 1462 2762 dici
1486 2733 1578 2761 non
1600 2734 1745 2776 posse.
1795 2717 1918 2763 Nihil
1939 2719 2065 2764 enim

1171 2777 1220 2820 in
1244 2792 1296 2819 ea
1329 2776 1528 2819 dictione
1564 2775 1747 2820 absurdi
1778 2783 1860 2821 est.
1920 2776 2068 2821 Mon-

1173 2833 1374 2877 strabant
1412 2831 1503 2883 illi,
1551 2833 1677 2876 unde
1714 2833 1901 2892 (nempe
1940 2835 2068 2892 hine)

1172 2891 1370 2949 legiones
1393 2891 1609 2948 impetum
1632 2890 1844 2935 fecissent
1858 2889 2068 2937 iffotho·

1173 2948 1333 2992 nianos
1357 2963 1527 3006 eosque
1549 2949 1880 3008 perrupissenu

1233 3025 1430 3062 coortos.
1517 3017 1597 3063 Sic.
1627 3017 1730 3062 MS.
1764 3017 1917 3065 Guelf.
1962 3020 2066 3066 edd.

1175 3076 1321 3120 Rhen.
1351 3091 1448 3134 sqq.
1476 3099 1535 3109 —·
1592 3078 1809 3120 cohortos
1835 3076 1938 3130 edd.
1959 3077 2068 3124 Put.

1175 3135 1245 3178 M.
1270 3141 1314 3176 et
1339 3133 1396 3177 V.
1428 3131 1640 3177 Beroald.
1679 3134 1805 3188 (cum
1833 3133 1905 3179 sil.
1928 3134 2070 3193 Vict.)

1176 3190 1306 3244 Alc.;
1333 3193 1550 3235 cohortes
1569 3189 1639 3234 ed.
1657 3189 1780 3250 Spir.
1810 3218 1871 3229 —
1918 3193 1973 3238 ln
1993 3207 2069 3236 ea-

1177 3249 1282 3292 dem
1318 3248 1387 3292 ed.
1418 3248 1537 3307 Spir.
1573 3263 1678 3291 mox
1710 3247 1835 3293 deest
1867 3250 2068 3295 vocabu-

1177 3305 1273 3348 lum
1284 3305 1441 3361 [αι-ια.
1483 3335 1485 3338 <
1512 3304 1695 3350 Deinde
1715 3304 1977 3362 MS.›c0rb.
1999 3313 2071 3350 ua

1180 3363 1375 3406 tribuni.

1261 3422 1389 3470 alsa,
1419 3433 1536 3464 vera
1569 3427 1654 3464 aut
1679 3428 1768 3465 eto.
1833 3418 1912 3467 Sic
1931 3419 2070 3466 MSS.

1182 3477 1220 3521 F
1241 3493 1309 3521 or.
1341 3483 1463 3533 (test.
1483 3477 1629 3535 Pich.)
1661 3476 1775 3536 Reg.
1808 3476 1927 3522 Bnd.
1963 3478 2071 3524 edd.

1185 3533 1314 3578 Pich.
1340 3534 1482 3596 ‘Gruh
1517 3534 1739 3602 Bernegg.
1765 3548 1863 3593 sqq.
1923 3533 2072 3586 ,Gon-

1186 3591 1294 3637 cinit
1324 3592 1397 3639 ed.
1420 3591 1562 3652 Spin,
1598 3591 1683 3638 nisi
1717 3592 1840 3653 quod
1870 3591 2075 3643 destitui-

1898 306 2070 355 η,

1477 498 1586 536 nec
1619 480 1820 539 minus
1860 478 2046 540 inhu-
2122 469 2129 475 .

2092 3687 2116 3700 A
