2138 4030
143 220 194 256 A.
213 219 266 255 U.
282 218 368 253 ΒΜ.

145 265 199 300 Α.
215 260 261 298 C.
310 265 370 302 71.
424 292 433 299 κ

553 218 727 281 LIB.
766 209 870 281 lv.
949 215 1148 288 CAP.
1182 221 1292 292 61.
1319 224 1419 285 62.
1790 228 1914 288 449

60 351 392 413 Germanos
427 369 621 420 more,
663 362 782 426 quo
818 348 1130 426 plerasque
1160 343 1518 411 feminarum
1551 355 1819 414 fatidicas
1857 370 1914 416 et

58 450 399 513 augescente
435 435 849 510 superstitione
875 434 1240 491 arbitrentur
1265 435 1417 496 deas,
1504 451 1761 517 tuncque
1788 441 1911 498 Ve-
1964 438 1967 441 ’

57 525 223 581 ledae
250 522 565 579 auctoritas
591 519 867 575 adolevit.
955 539 1093 575 nam
1128 538 1439 595 prosperas
1469 522 1782 583 Germanis
1815 547 1911 583 res

58 620 116 665 et
161 607 452 665 excidium
501 605 801 678 legionum
850 604 1234 677 praedixerat.
1304 604 1456 673 xSed
1499 607 1799 684 Lupercus
1847 612 1913 668 in

58 693 268 749 itinere
307 691 661 748 interfectus.
749 689 922 763 pauci
958 689 1371 745 centurionum
1414 691 1910 773 tribunorumque

59 779 126 834 in
156 775 366 835 Gallia*
392 775 575 850 geniti
611 786 985 830 reservantur
1024 774 1237 848 pignus
1281 775 1588 833 societati&
1698 777 1911 837 cohor·
1953 784 1969 799 ‘

58 864 207 920 tium
222 875 247 933 ‚'
280 863 537 929 alarum,
579 859 879 933 legionum
915 854 1163 914 hiberna
1199 860 1477 918 subversa
1518 877 1908 941 cremataque,

56 949 129 1004 iis
159 959 391 1004 tantum
417 945 665 1013 relictiS‚
708 963 855 1020 quae
880 942 1242 1016 Magontiaci
1278 965 1343 1001 ac
1369 944 1762 1007 Vindonissae
1803 951 1911 1017 sita

59 1044 212 1092 sunt.

222 1111 413 1174 LXII.
498 1113 678 1187 Legio
707 1110 1115 1170 sextadecuma'
1145 1133 1278 1169 cum
1316 1116 1768 1189 auxiliis‘simul
1807 1119 1910 1175 de-

56 1202 194 1260 ditis
229 1221 261 1257 a
288 1199 542 1258 Novesio
584 1201 647 1255 in
688 1198 982 1271 coloniam
1007 1196 1406 1255 Treverorum
1445 1203 1773 1275 transgredi
1817 1204 1910 1260 iu-

56 1289 259 1355 betur,
340 1285 643 1360 praefinita
699 1285 793 1339 die
864 1282 1019 1340 intra
1086 1304 1265 1359 quam
1330 1287 1532 1342 castris
1596 1289 1910 1346 excederet.

56 1373 321 1429 medium
363 1390 538 1426 omne
575 1382 806 1443 tempus
843 1388 946 1443 per
982 1369 1172 1423 varias
1209 1371 1376 1425 curas
1415 1390 1611 1444 egere,
1654 1372 1909 1446 ignavis-⁴

59 1458 240 1514 simus
267 1456 512 1532 quisque
544 1461 845 1510 caesorum
879 1454 1037 1527 apud
1067 1451 1278 1510 Vetera
1318 1457 1579 1530 exemplo
1615 1469 1912 1531 paventeS,

57 1543 269 1598 melior
305 1560 438 1615 pars
471 1541 690 1596 rubore
728 1550 785 1596 et
823 1538 1093 1607 infamia3
1153 1539 1326 1615 quale
1363 1540 1513 1597 illud
1566 1542 1716 1598 iter?
1779 1529 1958 1620 quis'.

56 1629 176 1684 dux
209 1626 379 1682 viae?
435 1635 490 1680 et
527 1625 723 1681 omnia
764 1624 827 1679 in
862 1623 1106 1679 arbitrio
1146 1643 1385 1694 eorum,
1431 1646 1578 1702 quos
1615 1628 1768 1684 vitae
1804 1649 1912 1684 ne·-

57 1713 253 1788 cisque
281 1710 554 1766 dominos
576 1710 863 1767 fecissent.
951 1706 1055 1763 alii
1084 1709 1249 1766 nulla
1289 1710 1590 1767 dedecoris
1632 1733 1768 1769 cura
1805 1733 1911 1788 pe-

57 1797 291 1853 cuniam
327 1806 427 1851 aut
462 1795 758 1851 carissima
799 1792 1149 1867 sibimetipsi
1190 1795 1569 1855 circumdare.
1668 1798 1911 1874 quidam

59 1881 330 1958 expedire
356 1891 515 1937 ¹arma
543 1880 790 1956 telisque
817 1891 1096 1954 tanquam
1125 1879 1189 1933 in
1213 1880 1398 1936 aciem
1423 1882 1668 1955 accingi.
1749 1881 1910 1940 Haec

1014 2136 1152 2179 tium.
1214 2134 1299 2178 Ed.
1327 2134 1446 2193 Spir.
1476 2138 1643 2191 pigras
1672 2139 1911 2184 societati.-

1014 2195 1280 2235 eohortium
1312 2202 1397 2236 etc.

111 2141 412 2183 arbitrentur.
500 2136 578 2180 Sic
624 2144 795 2180 veteres
844 2133 945 2178 libri

54 2198 188 2242 MSS.
203 2206 244 2239 et
260 2196 488 2246 editiones,
511 2202 686 2251 praeter
699 2193 943 2236 editionem

54 2258 333 2314 Spirensem,
377 2251 497 2293 unde
521 2251 751 2294 Ernestius
774 2248 945 2306 recepit
1072 2276 1132 2318 iis
1154 2283 1356 2319 tantum·
1419 2275 1520 2321 MS·
1545 2277 1691 2321 Guelf
1736 2280 1795 2324 iis
1831 2277 1910 2327 ia-

54 2315 373 2359 arbitrantur,
420 2308 588 2352 nullam
629 2308 759 2365 plane
800 2307 943 2350 ratio·-

56 2387 158 2415 nem
207 2384 300 2411 esse
337 2375 483 2417 ratus,
533 2382 616 2409 cur
650 2364 942 2408 coniunctim

57 2443 162 2472 usus
181 2427 235 2470 sit
257 2424 467 2481 scriptor.
506 2422 760 2484 Ernestium
785 2421 944 2464 deinde

57 2499 213 2529 omnes
259 2481 452 2524 editores
500 2488 603 2523 sunt
645 2478 801 2522 secuti.
885 2478 944 2520 At

55 2542 242 2603 ponitur
289 2538 363 2583 hic
408 2537 646 2582 relativum
696 2551 787 2591 quo
838 2550 943 2578 cum

55 2597 342 2648 coniunctim
388 2596 701 2642 arbitrentur,
756 2601 805 2635 ut
845 2607 942 2634 sex-

55 2656 221 2702 centies
270 2651 387 2712 apud
438 2652 655 2702 Nostrum
706 2657 942 2710 propterea

54 2713 178 2774 quod
214 2725 363 2755 sermo
397 2719 462 2753 est
503 2709 558 2752 de
604 2724 754 2758 more,
807 2722 940 2764 quem

54 2787 179 2816 nunc
216 2769 400 2812 demum
446 2774 691 2818 memorat,
742 2774 792 2808 ut
824 2765 942 2807 seia-
975 2795 979 2799 .

17 2843 154 2885 ‘mus
188 2825 332 2886 qualis
364 2824 444 2868 sit:
497 2840 641 2879 neque
683 2838 793 2868 vero
836 2821 942 2864 sim-

51 2885 228 2945 pliciter
259 2881 540 2925 mentionem
570 2880 677 2923 facit
713 2879 808 2923 eius
836 2894 939 2920 mo-

52 2945 138 2991 ris.
167 2950 380 2999 tanquam
407 2956 430 2982 e
452 2937 737 2997 praecedenti
759 2936 941 2979 historia

54 3001 157 3043 satis
191 3000 245 3041 de
278 2997 358 3041 illo
391 3004 582 3041 constet.
663 2995 722 3039 ef.
761 3002 856 3036 not.
887 2993 942 3036 ad

54 3057 143 3100 An.
172 3056 295 3104 14,1.
316 3055 397 3098 sub
420 3069 486 3097 vv.
506 3055 743 3095 incusaret
767 3081 779 3095 .
795 3084 831 3096 ..
857 3064 942 3091 vo-

0 3115 1 3118 ’
54 3121 198 3158 caret.

397 3181 500 3225 MS.
537 3179 651 3224 Bud.
687 3194 780 3221 non
811 3177 945 3220 habet

110 3194 326 3240 tuncque.

54 3243 264 3301 copulam
287 3255 388 3296 que.
437 3238 520 3282 Ed.
537 3237 656 3296 Spir.
680 3245 786 3278 tunc
808 3249 943 3292 quae.

51 3301 164 3344 Mox
186 3297 355 3341 ibidem
379 3296 498 3340 deest
524 3293 800 3338 Germanis.

105 3372 272 3424 pignus·
292 3367 540 3410 societatis.
577 3359 836 3406 cohortium
858 3361 942 3404 ete.

54 3427 130 3472 Sic
159 3426 262 3469 edd.
291 3424 493 3479 Rhenan.
525 3439 621 3480 sqq.
653 3445 711 3454 -
759 3418 939 3461 Puteol.

53 3483 256 3528 Beroaid.
282 3479 380 3525 Alc.
413 3497 516 3524 cum
555 3478 654 3523 cod.
678 3475 829 3519 Guelf.
862 3490 938 3518 ne·

51 3541 224 3598 gligunt
257 3537 592 3581 distinctionem
629 3543 732 3579 ante
773 3535 937 3575 cohor-

138 3606 380 3656 'I'Acrrus
421 3601 514 3654 III.

1014 2348 1135 2376 men.
1198 2334 1279 2377 Ed.
1305 2335 1424 2391 Spir.
1449 2337 1519 2377 his
1539 2343 1744 2379 tantum.

1073 2432 1186 2477 CAP.
1219 2433 1291 2478 62.
1366 2433 1511 2487 Legio
1553 2440 1908 2485 sextadecuma.

1016 2490 1103 2533 Hie
1132 2498 1297 2534 veteres
1332 2490 1436 2533 libri
1480 2508 1637 2536 omnes
1668 2495 1783 2548 legin
1819 2506 1911 2539 tet·-

1016 2550 1283 2590 tiadecuma
1331 2563 1426 2590 non
1479 2551 1690 2607 expressis
1735 2552 1909 2610 litteris,

1015 2617 1092 2660 sed
1128 2633 1207 2675 per
1243 2615 1374 2674 siglas
1414 2619 1546 2662 XIII:
1582 2645 1638 2654 -
1708 2621 1909 2682 Ryckius

1015 2673 1194 2731 quidem
1219 2690 1242 2715 e
1267 2674 1647 2720 eod.Florentino
1667 2679 1809 2725 adfert
1826 2698 1909 2725 nu·
1962 2689 1989 2712 '-

1013 2761 1190 2788 merum
1214 2733 1338 2789 X-Vl’.
1353 2779 1365 2796 ,
1395 2746 1470 2789 sed
1494 2755 1642 2791 tacent
1662 2746 1911 2801 Victorius,

1014 2801 1230 2853 Pichena,
1263 2803 1348 2847 Iac.
1369 2802 1649 2856 Gronovius,
1680 2805 1788 2850 dum
1818 2825 1908 2851 ser·

1014 2881 1120 2918 vant
1136 2876 1271 2930 2011.
1334 2873 1625 2919 Recentiores
1646 2883 1794 2921 tamen
1819 2879 1908 2922 edi·

1014 2941 1135 2974 tores
1175 2931 1279 2974 inde
1315 2932 1369 2973 ab
1410 2931 1617 2975 Ernestio
1655 2933 1759 2977 huic
1797 2951 1908 2993 quo·

1016 3005 1103 3047 que
1152 2987 1254 3031 loco
1300 2987 1589 3031 restituerunt
1630 2998 1915 3036 sea-tamdem

1016 3061 1221 3090 cumam.
1279 3045 1341 3089 cf.
1369 3054 1464 3088 not.
1491 3047 1542 3088 ad
1571 3061 1612 3090 c.
1635 3049 1708 3091 26.

1074 3131 1326 3171 excederet.
1387 3127 1468 3177 Ed,
1495 3129 1612 3187 Spir.
1651 3135 1903 3176 accederet.

1013 3214 1072 3223 --
1102 3186 1211 3228 Mox
1246 3184 1350 3229 MS.
1383 3184 1557 3230 Guelf5
1582 3189 1770 3233 verbum
1815 3195 1906 3232 od..

1015 3244 1139 3287 venit
1187 3243 1231 3284 in
1275 3250 1483 3285 contextu
1526 3244 1741 3290 omissum
1773 3243 1906 3290 habet

1014 3302 1058 3343 in
1087 3300 1299 3356 margine.
1361 3299 1483 3342 Idem
1511 3301 1556 3344 in
1578 3313 1784 3346 contextu
1822 3320 1903 3362 pro

1014 3357 1365 3410 exspectatione
1431 3356 1522 3402 fert'
1584 3362 1906 3414 expeditione,

1014 3414 1133 3473 quod
1167 3413 1361 3457 secunda
1400 3430 1558 3460 manus
1623 3417 1771 3459 unctis
1803 3434 1903 3477 sup-

1012 3471 1170 3530 positis
1193 3472 1382 3521 notavit,
1413 3432 1638 3517 vocabui’o
1664 3482 1903 3529 exspecto·

1013 3532 1136 3572 tione
1158 3528 1204 3571 in
1230 3528 1430 3587 margine
1454 3528 1623 3572 addito.

1363 3588 1457 3646 Ff
