2138 4030
39 2987 41 2993 ,
107 2943 199 2995 res,
228 2943 501 2987 Pich.Grui.
523 2957 605 2999 sqq

210 249 260 282 A.
279 248 426 284 U.8'.‘3.

210 293 322 328 A.C.
364 293 424 325 70.

125 391 217 441 tus
251 385 424 439 fama.

619 227 796 311 ΜΒ.
842 248 919 311 11.
1003 230 1202 349 CAr.
1237 252 1336 313 58.
1370 253 1474 314 59.

510 380 891 455 spargebatur
929 379 1171 455 insuper
1208 394 1400 456 spreto
1441 389 1834 457 procuratoris
1865 411 1973 446 vo-

1853 261 1971 318 199

124 468 333 524 cabulo
386 465 676 524 Albinum
731 465 958 536 insigne
1006 465 1158 538 regis
1211 477 1266 522 et
1313 464 1493 523 Iubae
1530 489 1748 526 nomen
1798 479 1971 530 usur—-

123 573 280 629 pare.

288 661 449 721 LIX.
533 658 620 717 Ita
652 660 889 716 mutatis
918 660 1130 715 animis
1156 658 1404 718 ASInius
1427 660 1619 721 Pollio
1649 666 1774 721 alae
1801 689 1970 742 prae-

117 753 300 808 fectus
345 769 376 803 e
411 745 707 826 fidissimis
747 739 1009 814 Albino,

1075 757 1130 802 et
1162 745 1367 802 Festus
1405 768 1470 802 ac
1514 746 1712 823 Scipio
1756 750 1966 809 cohor-

124 836 269 892 tium
295 831 570 909 praefecti
599 831 1056 905 opprimuntur.
1121 831 1243 905 ipse
1258 827 1545 902 Albinus,
1587 835 1728 890 dum
1759 856 1790 891 e
1815 833 1968 893 Tin-

119 920 311 993 gitana
351 916 655 992 provincia
697 913 1129 970 Caesariensem
1167 915 1600 974 Mauretaniam
1643 918 1820 994 petit,
1863 925 1968 978 ad-

117 1004 320 1081 pulsus
361 1001 525 1059 litori
563 1000 909 1056 trucidatur.

118 1091 282 1145 ribus
337 1086 675 1154 obtulisset,

992 1020 1142 1055 uxor
1183 1001 1337 1070 eim,
1390 1023 1525 1058 cum
1559 1022 1620 1060 se
1664 1025 1970 1078 percusso-

751 1085 927 1140 simul
976 1085 1278 1142 interfecta
1328 1098 1429 1143 est.

1545 1084 1713 1145 Nihil
1764 1111 1967 1147 eorum

119 1195 266 1252 quae
314 1173 522 1228 fierent
563 1169 806 1226 Vitellio
847 1170 1192 1244 anquirente
1228 1172 1395 1226 brevi
1420 1173 1623 1230 auditu
1651 1174 1712 1230 vi
1760 1196 1967 1251 quam—

116 1261 204 1318 vis
242 1277 449 1331 magna
490 1255 835 1312 transibant.

171 1515 322 1568 fama.
373 1511 686 1567 spargebatur
707 1511 894 1565 insuper
917 1519 1004 1554 etc.

115 1565 218 1615 MS.
249 1574 359 1628 Agr.
392 1569 462 1611 ed.
490 1567 605 1625 Spir.
627 1569 776 1623 fama
807 1583 1001 1623 sparge-

115 1634 267 1672 batur.
329 1627 526 1679 Insuper
548 1634 632 1667 etc.

173 1687 283 1729 CAP.
305 1686 375 1727 59.
437 1699 461 1725 e
472 1683 735 1739 fidissimis.
797 1683 874 1726 Sic
897 1683 999 1725 MS.

115 1744 264 1788 Guels.
289 1742 389 1785 edd.
414 1741 515 1783 Put.
537 1740 750 1783 Beroald.
783 1742 902 1794 (curn
932 1741 1001 1782 sil.

117 1802 258 1851 Vici.)
287 1815 384 1856 sqq.
414 1826 473 1834 --
541 1806 585 1839 et
603 1798 864 1852 fidissimus
896 1798 1000 1839 MS.

115 1859 230 1902 Bud.
253 1857 319 1900 ed.
342 1855 461 1914 Spir.
498 1878 553 1885 —
606 1855 714 1897 Mox
747 1855 901 1896 eadem
926 1855 998 1897 ed.

117 1916 238 1975 Spir.
260 1931 291 1957 a
319 1914 571 1968 Tingitana
596 1928 678 1970 pro
704 1927 729 1953 e
751 1912 920 1965 Tingit.

170 1974 392 2028 adpulsus
413 1970 553 2012 litori.
611 1969 686 2011 Sic
699 1969 832 2011 MSS.
848 1967 999 2012 Guelf.

115 2033 326 2086 (apulsus
357 2027 436 2081 ibi)
465 2025 588 2069 Harl.
625 2025 757 2069 Bodl.
785 2027 864 2068 les.
899 2025 998 2069 edd.

113 2089 214 2131 Put.
243 2086 309 2130 M.
336 2094 378 2128 et
397 2084 457 2127 V.
492 2082 702 2126 Beroald.
737 2099 832 2140 sqq.
875 2099 999 2125 eam-

112 2162 197 2244 qule
230 2143 492 2211 Seriphi-ram
523 2140 754 2238 Vi‘qiorius
784 2140 997 2238 {mactas}

110 2221 186 2246 re·
224 2210 312 2250 uit,
360 2216 443 2243 nisi
518 2214 576 2241 uo
654 2211 886 2251 appusus
929 2213 951 2239 e
988 2229 998 2240 .

110 2219 318 2303 lier‘iwald.
351 2214 547 2299 mutatqe
571 2254 672 2298 MS.
690 2254 813 2298 Flor.
837 2255 881 2296 in
906 2258 997 2296 ad-

105 2321 295 2418 ffizgssusA
373 2313 567 2413 {Omrad
586 2315 784 2412 agnulsu
827 2313 1000 2354 lictoris

232 2405 242 2415 .
329 2388 367 2414 r.
424 2388 445 2412 e
479 2403 489 2412 .
513 2386 535 2411 e
573 2401 583 2412 .
674 2387 728 2412 ir.

110 2449 133 2475 e
158 2429 258 2474 MS.
283 2388 407 2472 bglor.
443 2387 607 2470 zigdserl:
641 2388 775 2482 Eetiti
795 2429 998 2480 appulsu

106 2489 269 2532 litoris.
337 2485 532 2528 Pichena
556 2491 597 2526 et
621 2486 706 2527 lac.
729 2483 997 2526 Gronovius

110 2554 277 2595 tacent,
314 2544 419 2586 dum
448 2541 612 2600 edunt:
652 2542 794 2596 petit,
823 2543 994 2594 appul-

107 2618 191 2646 sus
211 2602 351 2645 litori.
413 2599 566 2654 Quare
594 2601 696 2642 satis
722 2598 910 2640 dubium
937 2597 994 2640 vi·

107 2662 236 2704 detur
260 2675 350 2702 esse
378 2656 686 2700 testimonium
710 2654 887 2712 Ryckii.

165 2717 440 2761 trucidatur.
494 2711 570 2756 Sic
586 2713 716 2756 MSS.
730 2714 851 2757 Flor.
869 2712 995 2767 (teste

106 2772 299 2833 Ryeltio)
323 2771 473 2814 Guels.
491 2770 613 2814 Harl.
637 2770 765 2814 Bodl.
792 2771 871 2812 les.
895 2771 995 2814 edd.

107 2831 208 2874 Put.
231 2831 302 2873 M.
324 2838 366 2871 et
382 2828 439 2871 V.
466 2827 673 2870 Beroald.
699 2832 822 2879 (curn
848 2827 992 2870 silent.

108 2887 247 2944 Vici.)
274 2887 371 2929 Ale.
404 2893 446 2927 et
481 2884 582 2927 dein
604 2884 739 2943 Lipsii
766 2885 993 2943 posterio-

613 2965 698 2983 .—
736 2943 994 2984 trucidatus

108 3001 242 3046 MSS.
274 3001 390 3043 Bud.
425 3000 535 3057 Agr.
574 2999 676 3042 edd.
703 2999 822 3056 Spir.
847 2997 991 3043 Rhen-

106 3074 205 3117 sqq.
238 3074 340 3110 cum
371 3057 507 3114 Lipsii
540 3056 704 3114 prima.
774 3056 821 3098 ld
852 3071 993 3112 genus

106 3114 333 3159 varietatis
374 3122 524 3156 ortum
565 3122 630 3171 est
664 3129 688 3156 e
721 3114 994 3171 compendio

107 3174 349 3230 scripturae
374 3171 626 3213 trucidas.

155 3229 515 3285 percussoribus.
575 3227 659 3271 Ed.
685 3227 807 3287 spir.
826 3242 993 3282 perse-

108 3287 356 3330 autoribus.

72 3343 74 3345 ’
162 3343 283 3385 nihil
304 3356 499 3394 eorum,
532 3355 648 3399 quae
665 3343 875 3399 fierent,
904 3344 990 3386 Vi-

108 3400 546 3458 telliosqnquirente
577 3402 708 3443 brevi
743 3401 910 3443 auditu
950 3402 998 3443 υἰ

109 3457 320 3510 quamvis
355 3471 532 3510 magna
564 3459 843 3500 transibant.
915 3457 994 3501 Sic

107 3513 206 3557 MS.
244 3513 366 3557 Flor.
411 3521 598 3556 testante
641 3513 841 3558 victorio
884 3530 991 3558 cum

110 3570 232 3622 aliis,
256 3569 350 3614 -nisi
388 3570 509 3628 quod
541 3569 737 3629 Ryclxius
773 3572 878 3616 inde
910 3573 990 3616 ad-

799 2366 1019 2425 Rycliius>

917 1254 1107 1329 impar
1142 1255 1297 1312 curis
1338 1257 1708 1330 gravioribus
1749 1261 1967 1317 exerci-

1075 1513 1165 1554 fert
1194 1515 1333 1555 breve
1358 1527 1442 1568 pro
1467 1512 1607 1558 brevi.
1664 1513 1967 1558 Consentiunt

1075 1571 1170 1612 fere
1196 1569 1495 1621 codd.MSS.,
1519 1586 1632 1628 quos
1643 1570 1818 1629 Lipsius
1843 1571 1966 1624 vidit,

1076 1636 1117 1671 et
1151 1628 1258 1685 Reg.
1294 1626 1429 1673 Corb,
1463 1628 1531 1670 ed.
1564 1627 1706 1685 Spin,
1750 1629 1825 1686 qui
1861 1627 1962 1672 libri

1076 1702 1158 1743 pro
1195 1685 1474 1739 anquirente
1511 1683 1663 1728 ferunt
1698 1687 1965 1742 acquirente

1074 1752 1117 1785 et
1153 1741 1222 1785 ed.
1250 1741 1368 1798 Spir.
1404 1744 1540 1784 breve
1570 1758 1653 1799 pro
1687 1743 1838 1785 brevi:
1878 1759 1963 1800 qua

1071 1800 1118 1843 in
1161 1816 1210 1842 re
1251 1815 1307 1841 an
1342 1797 1477 1841 ceteri
1521 1799 1624 1844 libri
1665 1799 1962 1858 suffragentur

1070 1873 1163 1899 non
1195 1866 1259 1899 est
1291 1856 1537 1914 proditum.
1611 1859 1783 1900 Verum
1816 1873 1841 1900 e
1871 1865 1914 1900 et
1946 1860 1966 1900 i

1071 1913 1324 1970 saepissime
1362 1913 1408 1955 in
1443 1921 1552 1957 vett.
1574 1913 1720 1958 libris
1763 1914 1963 1957 confun-

1072 1972 1253 2014 duntur.
1289 1969 1561 2028 Conspirant
1580 1979 1729 2015 tamen
1746 1970 1789 2013 hi
1806 1969 1962 2015 Omnes

1072 2029 1116 2070 in
1152 2027 1303 2070 addito
1335 2028 1384 2069 vi
1412 2035 1454 2070 et
1483 2025 1531 2069 in
1553 2030 1835 2072 transibant.
1899 2031 1961 2073 lta

1072 2094 1114 2128 et
1138 2084 1240 2128 MS.
1267 2084 1408 2136 Bud.,
1447 2084 1532 2129 nisi
1569 2082 1692 2144 quod
1729 2086 1882 2130 scribit
1913 2089 1961 2130 in

1071 2159 1153 2200 pro
1177 2145 1240 2184 ui.
1299 2141 1397 2184 Alia
1420 2141 1509 2184 loci
1533 2144 1646 2191 ratio
1670 2151 1735 2187 est
1757 2143 1804 2185 in
1827 2144 1959 2190 MSS.

1069 2201 1192 2243 Harl.
1226 2199 1358 2242 Bodl.
1396 2201 1477 2242 les.
1511 2200 1696 2253 Guelf.⁴,
1746 2201 1821 2258 qui
1859 2202 1958 2246 libri

1070 2274 1155 2316 pro
1205 2257 1481 2312 anquirente
1537 2257 1645 2300 dant
1697 2258 1960 2313 inquirente

1071 2315 1370 2372 omittunique
1420 2315 1487 2363 vi,
1550 2316 1840 2358 consentiunt
1891 2326 1959 2359 ta-

1069 2389 1172 2415 men
1203 2374 1250 2415 in
1285 2373 1573 2418 transibant.
1643 2372 1744 2416 MS.
1770 2374 1877 2431 Agr.
1913 2377 1959 2415 in

1070 2430 1289 2486 quamvis
1322 2444 1500 2483 magna
1535 2430 1782 2473 transibat.
1862 2431 1958 2473 Pu-

1070 2486 1273 2531 teolanus
1307 2485 1460 2528 locum
1490 2486 1719 2529 constituit
1755 2487 1801 2528 in
1837 2487 1958 2532 hunc

1068 2544 1281 2588 modum:
1316 2545 1434 2585 m‘hil
1458 2559 1618 2586 eorum
1645 2559 1762 2599 quae
1777 2543 1956 2600 fierent

1069 2601 1259 2645 Vitellio
1310 2600 1566 2655 inquirente
1618 2602 1750 2643 brevi
1788 2603 1956 2644 auditu

1067 2658 1278 2716 quamvis
1300 2673 1480 2711 magna
1500 2659 1745 2700 transibat.
1786 2659 1955 2714 Impar

1067 2725 1149 2760 etc.
1209 2715 1352 2758 Etiam
1387 2715 1455 2759 ed.
1480 2715 1512 2758 S
1545 2715 1598 2759 ir.
1631 2723 1850 2773 punctum
1877 2715 1954 2760 ha-

1064 2775 1140 2817 het
1162 2781 1263 2815 ante
1283 2775 1450 2827 impar.
1527 2772 1749 2816 {bonanus
1774 2774 1951 2830 plenam

1067 2829 1401 2875 distinctionem
1434 2828 1584 2888 posuit
1613 2838 1716 2873 ante
1755 2831 1883 2874 brevi
1913 2840 1954 2875 et

1066 2904 1243 2932 comma
1267 2895 1370 2929 ante
1393 2886 1569 2939 impar,
1603 2896 1822 2944 punctum
1853 2898 1955 2947 post

1063 2944 1370 3001 gravioribus.
1451 2943 1623 2986 Eodem
1668 2944 1806 2986 modo
1849 2945 1951 2990 edd.

1065 3002 1171 3047 Ald.
1196 3009 1239 3043 et
1258 3000 1438 3058 Micyll.
1490 3000 1678 3058 Lipsius
1707 3001 1752 3044 id
1777 3010 1950 3046 tantum

1063 3059 1269 3108 mutavit,
1306 3067 1356 3100 ut
1385 3073 1470 3116 pro
1495 3059 1756 3114 inquirente
1778 3075 1801 3100 e
1827 3058 1951 3103 libris

1063 3115 1325 3159 melioribus
1386 3123 1626 3173 reponeret
1678 3118 1952 3171 anquirente

1067 3173 1149 3221 (cf.
1183 3179 1277 3215 not.
1309 3170 1362 3215 a'd
1401 3172 1488 3222 An,
1523 3173 1589 3221 12,
1615 3173 1658 3217 6.
1703 3181 1745 3216 et
1776 3172 1842 3223 13,
1869 3175 1950 3228 6.).

1065 3232 1160 3273 lam
1186 3229 1290 3272 inde
1314 3244 1338 3272 a
1359 3229 1512 3287 Lipsio
1534 3228 1662 3274 locus
1683 3230 1845 3288 legitur
1868 3231 1950 3274 ita:

1064 3285 1313 3342 interfecta
1335 3294 1432 3329 est:
1469 3287 1582 3329 nihil
1614 3302 1801 3339 eorum,
1833 3302 1950 3343 quae

1056 3346 1250 3399 fierent.
1277 3344 1463 3386 Vitellio
1488 3348 1781 3400 anquirente.
1822 3347 1953 3386 brevi

1062 3401 1231 3444 auditu
1261 3402 1470 3456 quamvis
1501 3416 1677 3455 magna
1706 3403 1951 3454 transibat,

1063 3459 1218 3510 impar
1246 3459 1368 3500 curis
1396 3459 1704 3512 gravioribus.
1754 3458 1948 3500 Exerci-

1064 3524 1166 3557 tum
1186 3521 1271 3559 etc.
1331 3514 1502 3558 Verum
1529 3531 1622 3559 nou
1656 3514 1812 3566 video,
1842 3518 1951 3572 quid

1065 3588 1312 3617 commune
1352 3573 1544 3618 habeant
1576 3574 1772 3617 Albinus
1810 3574 1949 3616 truci-
