<?xml version="1.0" encoding="UTF-8"?>
<!DOCTYPE html PUBLIC "-//W3C//DTD XHTML 1.0 Transitional//EN"
    "http://www.w3.org/TR/xhtml1/DTD/xhtml1-transitional.dtd">
<html xmlns="http://www.w3.org/1999/xhtml" xml:lang="en" lang="en">
 <head>
  <title>
</title>
<meta http-equiv="Content-Type" content="text/html;charset=utf-8" />
  <meta name='ocr-system' content='tesseract 3.04.00' />
  <meta name='ocr-capabilities' content='ocr_page ocr_carea ocr_par ocr_line ocrx_word'/>
</head>
<body>
  <div class='ocr_page' id='page_1' title='image "./operarecensuitet03taciuoft/operarecensuitet03taciuoft_0403.png"; bbox 0 0 2138 4030; ppageno 0'>
   <div class='ocr_carea' id='block_1_1' title="bbox 145 261 366 350">
    <p class='ocr_par' dir='ltr' id='par_1_1' title="bbox 145 261 366 350">
     <span class='ocr_line' id='line_1_1' title="bbox 145 261 364 306; baseline -0.032 0"><span class='ocrx_word' id='word_1_1' title='bbox 145 269 196 306; x_wconf 69' lang='lat' dir='ltr'>A.</span> <span class='ocrx_word' id='word_1_2' title='bbox 208 261 261 304; x_wconf 69' lang='lat' dir='ltr'>ti.</span> <span class='ocrx_word' id='word_1_3' title='bbox 278 265 364 303; x_wconf 77' lang='lat'><strong>823..</strong></span> 
     </span>
     <span class='ocr_line' id='line_1_2' title="bbox 146 310 366 350; baseline -0.014 0"><span class='ocrx_word' id='word_1_4' title='bbox 146 316 196 350; x_wconf 62' lang='grc' dir='ltr'>Α.</span> <span class='ocrx_word' id='word_1_5' title='bbox 208 310 261 347; x_wconf 79' lang='lat' dir='ltr'>c,</span> <span class='ocrx_word' id='word_1_6' title='bbox 305 312 366 347; x_wconf 78' lang='grc' dir='ltr'>το.</span> 
     </span>
    </p>
   </div>
   <div class='ocr_carea' id='block_1_2' title="bbox 534 267 1426 333">
    <p class='ocr_par' dir='ltr' id='par_1_2' title="bbox 534 267 1426 333">
     <span class='ocr_line' id='line_1_3' title="bbox 534 267 1426 333; baseline 0.004 -4"><span class='ocrx_word' id='word_1_7' title='bbox 534 268 710 330; x_wconf 82' lang='lat' dir='ltr'><strong>LIB.</strong></span> <span class='ocrx_word' id='word_1_8' title='bbox 752 267 855 331; x_wconf 82' lang='lat' dir='ltr'>IV.</span> <span class='ocrx_word' id='word_1_9' title='bbox 945 268 1145 330; x_wconf 87' lang='lat' dir='ltr'><strong>CAP.</strong></span> <span class='ocrx_word' id='word_1_10' title='bbox 1185 272 1288 331; x_wconf 69' lang='lat'><strong>22.</strong></span> <span class='ocrx_word' id='word_1_11' title='bbox 1323 273 1426 333; x_wconf 73' lang='lat'><strong>23.</strong></span> 
     </span>
    </p>
   </div>
   <div class='ocr_carea' id='block_1_3' title="bbox 1799 105 1829 134">
    <p class='ocr_par' dir='ltr' id='par_1_3' title="bbox 1799 105 1829 134">
     <span class='ocr_line' id='line_1_4' title="bbox 1799 105 1829 134; baseline 0 -3"><span class='ocrx_word' id='word_1_12' title='bbox 1799 105 1829 134; x_wconf 50' lang='lat' dir='ltr'>N</span> 
     </span>
    </p>
   </div>
   <div class='ocr_carea' id='block_1_4' title="bbox 1786 259 1911 337">
    <p class='ocr_par' dir='ltr' id='par_1_4' title="bbox 1786 259 1911 337">
     <span class='ocr_line' id='line_1_5' title="bbox 1786 259 1911 337; baseline 0.024 -3"><span class='ocrx_word' id='word_1_13' title='bbox 1786 259 1911 337; x_wconf 64' lang='lat'>595</span> 
     </span>
    </p>
   </div>
   <div class='ocr_carea' id='block_1_5' title="bbox 61 395 1938 560">
    <p class='ocr_par' dir='ltr' id='par_1_5' title="bbox 61 395 1938 560">
     <span class='ocr_line' id='line_1_6' title="bbox 62 395 1911 479; baseline 0.001 -18"><span class='ocrx_word' id='word_1_14' title='bbox 62 404 373 479; x_wconf 71' lang='lat' dir='ltr'>imagineS‚</span> <span class='ocrx_word' id='word_1_15' title='bbox 413 411 481 460; x_wconf 87' lang='lat' dir='ltr'>ut</span> <span class='ocrx_word' id='word_1_16' title='bbox 512 400 722 477; x_wconf 87' lang='lat' dir='ltr'>cuique</span> <span class='ocrx_word' id='word_1_17' title='bbox 745 398 905 475; x_wconf 77' lang='lat' dir='ltr'>genti</span> <span class='ocrx_word' id='word_1_18' title='bbox 928 398 1080 463; x_wconf 87' lang='lat' dir='ltr'>inire</span> <span class='ocrx_word' id='word_1_19' title='bbox 1106 400 1399 475; x_wconf 85' lang='lat' dir='ltr'>proelium</span> <span class='ocrx_word' id='word_1_20' title='bbox 1424 419 1552 457; x_wconf 89' lang='lat' dir='ltr'>mos</span> <span class='ocrx_word' id='word_1_21' title='bbox 1577 396 1691 473; x_wconf 89' lang='lat' dir='ltr'>est,</span> <span class='ocrx_word' id='word_1_22' title='bbox 1732 395 1911 463; x_wconf 87' lang='lat' dir='ltr'>mixta</span> 
     </span>
     <span class='ocr_line' id='line_1_7' title="bbox 61 483 1938 560; baseline 0.001 -13"><span class='ocrx_word' id='word_1_23' title='bbox 61 490 205 547; x_wconf 88' lang='lat' dir='ltr'>belli</span> <span class='ocrx_word' id='word_1_24' title='bbox 256 487 444 546; x_wconf 88' lang='lat' dir='ltr'>civilis</span> <span class='ocrx_word' id='word_1_25' title='bbox 493 485 833 560; x_wconf 83' lang='lat' dir='ltr'>externique</span> <span class='ocrx_word' id='word_1_26' title='bbox 881 483 1028 553; x_wconf 85' lang='lat' dir='ltr'>facie</span> <span class='ocrx_word' id='word_1_27' title='bbox 1077 485 1581 560; x_wconf 81' lang='lat' dir='ltr'>obstupefecerant</span> <span class='ocrx_word' id='word_1_28' title='bbox 1630 490 1938 555; x_wconf 65' lang='lat' dir='ltr'>obsessos„</span> 
     </span>
    </p>
   </div>
   <div class='ocr_carea' id='block_1_6' title="bbox 14 569 1915 735">
    <p class='ocr_par' dir='ltr' id='par_1_6' title="bbox 14 569 1915 735">
     <span class='ocr_line' id='line_1_8' title="bbox 14 569 1914 652; baseline 0.004 -27"><span class='ocrx_word' id='word_1_29' title='bbox 14 620 20 625; x_wconf 80' lang='grc'><strong>.</strong></span> <span class='ocrx_word' id='word_1_30' title='bbox 62 588 121 633; x_wconf 77' lang='lat' dir='ltr'>et</span> <span class='ocrx_word' id='word_1_31' title='bbox 165 594 328 650; x_wconf 85' lang='lat' dir='ltr'>spem</span> <span class='ocrx_word' id='word_1_32' title='bbox 375 569 844 647; x_wconf 87' lang='lat' dir='ltr'>oppugnantium</span> <span class='ocrx_word' id='word_1_33' title='bbox 881 570 1128 641; x_wconf 86' lang='lat' dir='ltr'>augebat</span> <span class='ocrx_word' id='word_1_34' title='bbox 1162 569 1489 646; x_wconf 83' lang='lat' dir='ltr'>amplitudo</span> <span class='ocrx_word' id='word_1_35' title='bbox 1526 573 1701 642; x_wconf 83' lang='lat' dir='ltr'>valli,</span> <span class='ocrx_word' id='word_1_36' title='bbox 1753 576 1914 652; x_wconf 88' lang='lat' dir='ltr'>quod</span> 
     </span>
     <span class='ocr_line' id='line_1_9' title="bbox 64 653 1915 735; baseline -0.002 -17"><span class='ocrx_word' id='word_1_37' title='bbox 64 661 292 718; x_wconf 87' lang='lat' dir='ltr'>duabus</span> <span class='ocrx_word' id='word_1_38' title='bbox 333 656 664 730; x_wconf 82' lang='lat' dir='ltr'>legionibus</span> <span class='ocrx_word' id='word_1_39' title='bbox 701 654 877 710; x_wconf 88' lang='lat' dir='ltr'>situm</span> <span class='ocrx_word' id='word_1_40' title='bbox 903 653 1009 735; x_wconf 45' lang='lat' dir='ltr'>&#39;vig</span> <span class='ocrx_word' id='word_1_41' title='bbox 1044 654 1317 731; x_wconf 78' lang='lat' dir='ltr'>quinque</span> <span class='ocrx_word' id='word_1_42' title='bbox 1338 654 1527 710; x_wconf 81' lang='lat' dir='ltr'>millia</span> <span class='ocrx_word' id='word_1_43' title='bbox 1556 670 1915 717; x_wconf 88' lang='lat' dir='ltr'>armatorum</span> 
     </span>
    </p>
   </div>
   <div class='ocr_carea' id='block_1_7' title="bbox 63 741 841 804">
    <p class='ocr_par' dir='ltr' id='par_1_7' title="bbox 63 741 841 804">
     <span class='ocr_line' id='line_1_10' title="bbox 63 741 841 804; baseline -0.015 0"><span class='ocrx_word' id='word_1_44' title='bbox 63 743 476 804; x_wconf 84' lang='lat' dir='ltr'>Romanorum</span> <span class='ocrx_word' id='word_1_45' title='bbox 509 741 841 797; x_wconf 86' lang='lat' dir='ltr'>tuebantur.</span> 
     </span>
    </p>
   </div>
   <div class='ocr_carea' id='block_1_8' title="bbox 919 738 1916 801">
    <p class='ocr_par' dir='ltr' id='par_1_8' title="bbox 919 738 1916 801">
     <span class='ocr_line' id='line_1_11' title="bbox 919 738 1916 801; baseline 0.009 -9"><span class='ocrx_word' id='word_1_46' title='bbox 919 738 1018 793; x_wconf 91' lang='lat' dir='ltr'>sed</span> <span class='ocrx_word' id='word_1_47' title='bbox 1034 762 1036 765; x_wconf 59' lang='grc'>’</span> <span class='ocrx_word' id='word_1_48' title='bbox 1050 738 1302 795; x_wconf 78' lang='lat' dir='ltr'>lixarum</span> <span class='ocrx_word' id='word_1_49' title='bbox 1325 739 1646 796; x_wconf 88' lang='lat' dir='ltr'>multitudo</span> <span class='ocrx_word' id='word_1_50' title='bbox 1684 745 1916 801; x_wconf 86' lang='lat' dir='ltr'>turbata</span> 
     </span>
    </p>
   </div>
   <div class='ocr_carea' id='block_1_9' title="bbox 66 822 1916 979">
    <p class='ocr_par' dir='ltr' id='par_1_9' title="bbox 66 822 1916 979">
     <span class='ocr_line' id='line_1_12' title="bbox 66 822 1557 907; baseline -0.005 -20"><span class='ocrx_word' id='word_1_51' title='bbox 66 850 207 907; x_wconf 86' lang='lat' dir='ltr'>pace</span> <span class='ocrx_word' id='word_1_52' title='bbox 235 830 376 885; x_wconf 89' lang='lat' dir='ltr'>illuc</span> <span class='ocrx_word' id='word_1_53' title='bbox 405 836 748 899; x_wconf 83' lang='lat' dir='ltr'>congregata</span> <span class='ocrx_word' id='word_1_54' title='bbox 773 834 829 879; x_wconf 86' lang='lat' dir='ltr'>et</span> <span class='ocrx_word' id='word_1_55' title='bbox 853 823 1010 879; x_wconf 88' lang='lat' dir='ltr'>bello</span> <span class='ocrx_word' id='word_1_56' title='bbox 1036 822 1313 881; x_wconf 84' lang='lat' dir='ltr'>ministra</span> <span class='ocrx_word' id='word_1_57' title='bbox 1339 823 1557 881; x_wconf 89' lang='lat' dir='ltr'>aderat.</span> 
     </span>
     <span class='ocr_line' id='line_1_13' title="bbox 237 908 1916 979; baseline -0.001 -9"><span class='ocrx_word' id='word_1_58' title='bbox 237 909 462 970; x_wconf 88' lang='lat' dir='ltr'>XXIII.</span> <span class='ocrx_word' id='word_1_59' title='bbox 508 921 511 923; x_wconf 84' lang='grc'><strong>’</strong></span> <span class='ocrx_word' id='word_1_60' title='bbox 548 909 693 967; x_wconf 88' lang='lat' dir='ltr'>Pars</span> <span class='ocrx_word' id='word_1_61' title='bbox 731 919 1052 966; x_wconf 87' lang='lat' dir='ltr'>castrorum</span> <span class='ocrx_word' id='word_1_62' title='bbox 1103 908 1168 963; x_wconf 91' lang='lat' dir='ltr'>in</span> <span class='ocrx_word' id='word_1_63' title='bbox 1206 909 1415 965; x_wconf 90' lang='lat' dir='ltr'>collem</span> <span class='ocrx_word' id='word_1_64' title='bbox 1445 909 1666 979; x_wconf 78' lang='lat' dir='ltr'>leniter</span> <span class='ocrx_word' id='word_1_65' title='bbox 1715 931 1916 969; x_wconf 89' lang='lat' dir='ltr'>exsur-</span> 
     </span>
    </p>
   </div>
   <div class='ocr_carea' id='block_1_10' title="bbox 67 993 958 1076">
    <p class='ocr_par' dir='ltr' id='par_1_10' title="bbox 67 993 958 1076">
     <span class='ocr_line' id='line_1_14' title="bbox 67 993 958 1076; baseline -0.01 -19"><span class='ocrx_word' id='word_1_66' title='bbox 67 1013 242 1076; x_wconf 74' lang='lat' dir='ltr'>genS,</span> <span class='ocrx_word' id='word_1_67' title='bbox 287 1016 422 1073; x_wconf 83' lang='lat' dir='ltr'>pars</span> <span class='ocrx_word' id='word_1_68' title='bbox 447 1016 633 1072; x_wconf 86' lang='lat' dir='ltr'>aequo</span> <span class='ocrx_word' id='word_1_69' title='bbox 667 993 958 1051; x_wconf 75' lang='lat' dir='ltr'>adibatur.</span> 
     </span>
    </p>
   </div>
   <div class='ocr_carea' id='block_1_11' title="bbox 1044 989 1917 1069">
    <p class='ocr_par' dir='ltr' id='par_1_11' title="bbox 1044 989 1917 1069">
     <span class='ocr_line' id='line_1_15' title="bbox 1044 989 1917 1069; baseline 0.005 -20"><span class='ocrx_word' id='word_1_70' title='bbox 1044 994 1262 1069; x_wconf 88' lang='lat' dir='ltr'>quippe</span> <span class='ocrx_word' id='word_1_71' title='bbox 1300 994 1417 1049; x_wconf 90' lang='lat' dir='ltr'>illis</span> <span class='ocrx_word' id='word_1_72' title='bbox 1453 989 1720 1051; x_wconf 87' lang='lat' dir='ltr'>hibernis</span> <span class='ocrx_word' id='word_1_73' title='bbox 1758 997 1917 1053; x_wconf 89' lang='lat' dir='ltr'>obsi-</span> 
     </span>
    </p>
   </div>
   <div class='ocr_carea' id='block_1_12' title="bbox 69 1073 1918 1160">
    <p class='ocr_par' dir='ltr' id='par_1_12' title="bbox 69 1073 1918 1160">
     <span class='ocr_line' id='line_1_16' title="bbox 69 1073 1918 1160; baseline -0.002 -18"><span class='ocrx_word' id='word_1_74' title='bbox 69 1085 195 1142; x_wconf 86' lang='lat' dir='ltr'>deri</span> <span class='ocrx_word' id='word_1_75' title='bbox 234 1081 536 1160; x_wconf 86' lang='lat' dir='ltr'>premique</span> <span class='ocrx_word' id='word_1_76' title='bbox 573 1078 926 1138; x_wconf 81' lang='lat' dir='ltr'>Germanias</span> <span class='ocrx_word' id='word_1_77' title='bbox 963 1073 1264 1152; x_wconf 84' lang='lat' dir='ltr'>Augustns</span> <span class='ocrx_word' id='word_1_78' title='bbox 1306 1079 1664 1150; x_wconf 84' lang='lat' dir='ltr'>crediderat,</span> <span class='ocrx_word' id='word_1_79' title='bbox 1727 1101 1918 1160; x_wconf 88' lang='lat' dir='ltr'>neque</span> 
     </span>
    </p>
   </div>
   <div class='ocr_carea' id='block_1_13' title="bbox 32 1336 963 2130">
    <p class='ocr_par' dir='ltr' id='par_1_13' title="bbox 32 1336 963 2130">
     <span class='ocr_line' id='line_1_17' title="bbox 71 1336 955 1398; baseline -0.005 -14"><span class='ocrx_word' id='word_1_80' title='bbox 71 1357 124 1384; x_wconf 84' lang='lat' dir='ltr'>ve</span> <span class='ocrx_word' id='word_1_81' title='bbox 151 1355 309 1398; x_wconf 80' lang='lat' dir='ltr'>parurn</span> <span class='ocrx_word' id='word_1_82' title='bbox 329 1347 483 1396; x_wconf 85' lang='lat' dir='ltr'>aptum</span> <span class='ocrx_word' id='word_1_83' title='bbox 508 1336 681 1381; x_wconf 76' lang='lat' dir='ltr'>videtur</span> <span class='ocrx_word' id='word_1_84' title='bbox 705 1337 808 1381; x_wconf 78' lang='lat' dir='ltr'>huic</span> <span class='ocrx_word' id='word_1_85' title='bbox 834 1337 955 1380; x_wconf 87' lang='lat' dir='ltr'>loco.</span> 
     </span>
     <span class='ocr_line' id='line_1_18' title="bbox 71 1394 957 1445; baseline -0.006 -4"><span class='ocrx_word' id='word_1_86' title='bbox 71 1398 184 1442; x_wconf 85' lang='lat' dir='ltr'>Nam</span> <span class='ocrx_word' id='word_1_87' title='bbox 227 1412 280 1440; x_wconf 82' lang='lat' dir='ltr'>ve</span> <span class='ocrx_word' id='word_1_88' title='bbox 315 1395 668 1440; x_wconf 72' lang='lat' dir='ltr'>disiunctionum</span> <span class='ocrx_word' id='word_1_89' title='bbox 699 1394 858 1445; x_wconf 77' lang='lat' dir='ltr'>efficit,</span> <span class='ocrx_word' id='word_1_90' title='bbox 907 1403 957 1436; x_wconf 86' lang='lat' dir='ltr'>ut</span> 
     </span>
     <span class='ocr_line' id='line_1_19' title="bbox 32 1450 956 1513; baseline -0.008 -12"><span class='ocrx_word' id='word_1_91' title='bbox 32 1479 34 1483; x_wconf 30' lang='lat' dir='ltr'>r</span> <span class='ocrx_word' id='word_1_92' title='bbox 70 1455 260 1513; x_wconf 81' lang='lat' dir='ltr'>accipias</span> <span class='ocrx_word' id='word_1_93' title='bbox 311 1468 456 1496; x_wconf 87' lang='lat' dir='ltr'>unum</span> <span class='ocrx_word' id='word_1_94' title='bbox 495 1454 565 1496; x_wconf 86' lang='lat' dir='ltr'>vel</span> <span class='ocrx_word' id='word_1_95' title='bbox 606 1451 814 1495; x_wconf 80' lang='lat' dir='ltr'>alterum.</span> <span class='ocrx_word' id='word_1_96' title='bbox 896 1450 956 1495; x_wconf 84' lang='lat' dir='ltr'>cf.</span> 
     </span>
     <span class='ocr_line' id='line_1_20' title="bbox 70 1511 955 1564; baseline -0.006 -9"><span class='ocrx_word' id='word_1_97' title='bbox 70 1513 184 1555; x_wconf 82' lang='lat' dir='ltr'>Hist.</span> <span class='ocrx_word' id='word_1_98' title='bbox 205 1512 246 1563; x_wconf 79' lang='lat'>3,</span> <span class='ocrx_word' id='word_1_99' title='bbox 265 1512 337 1554; x_wconf 78' lang='lat'><strong>20.</strong></span> <span class='ocrx_word' id='word_1_100' title='bbox 357 1511 528 1562; x_wconf 81' lang='lat' dir='ltr'>pluteis</span> <span class='ocrx_word' id='word_1_101' title='bbox 557 1511 816 1551; x_wconf 80' lang='lat' dir='ltr'>cratibusve</span> <span class='ocrx_word' id='word_1_102' title='bbox 842 1524 955 1564; x_wconf 84' lang='lat' dir='ltr'>pro-</span> 
     </span>
     <span class='ocr_line' id='line_1_21' title="bbox 72 1567 956 1625; baseline -0.007 -12"><span class='ocrx_word' id='word_1_103' title='bbox 72 1572 186 1625; x_wconf 76' lang='lat' dir='ltr'>tegi3</span> <span class='ocrx_word' id='word_1_104' title='bbox 264 1570 309 1621; x_wconf 75' lang='lat'>2,</span> <span class='ocrx_word' id='word_1_105' title='bbox 337 1567 410 1611; x_wconf 82' lang='lat'><strong>38.</strong></span> <span class='ocrx_word' id='word_1_106' title='bbox 459 1568 646 1609; x_wconf 81' lang='lat' dir='ltr'>urbibus</span> <span class='ocrx_word' id='word_1_107' title='bbox 703 1569 956 1620; x_wconf 79' lang='lat' dir='ltr'>regibusve.</span> 
     </span>
     <span class='ocr_line' id='line_1_22' title="bbox 71 1625 957 1677; baseline -0.008 -6"><span class='ocrx_word' id='word_1_108' title='bbox 71 1631 159 1671; x_wconf 86' lang='lat' dir='ltr'>An.</span> <span class='ocrx_word' id='word_1_109' title='bbox 188 1629 226 1676; x_wconf 87' lang='grc'>1,</span> <span class='ocrx_word' id='word_1_110' title='bbox 243 1627 286 1670; x_wconf 90' lang='grc'>9.</span> <span class='ocrx_word' id='word_1_111' title='bbox 311 1625 622 1670; x_wconf 79' lang='lat' dir='ltr'>extollebatur</span> <span class='ocrx_word' id='word_1_112' title='bbox 647 1626 957 1677; x_wconf 78' lang='lat' dir='ltr'>arguebatur-</span> 
     </span>
     <span class='ocr_line' id='line_1_23' title="bbox 73 1682 960 1728; baseline -0.007 0"><span class='ocrx_word' id='word_1_113' title='bbox 73 1701 140 1728; x_wconf 82' lang='lat' dir='ltr'>ve.</span> <span class='ocrx_word' id='word_1_114' title='bbox 223 1684 369 1727; x_wconf 82' lang='lat' dir='ltr'>Immo</span> <span class='ocrx_word' id='word_1_115' title='bbox 399 1685 542 1724; x_wconf 75' lang='lat' dir='ltr'>silvae</span> <span class='ocrx_word' id='word_1_116' title='bbox 575 1691 617 1724; x_wconf 85' lang='lat' dir='ltr'>et</span> <span class='ocrx_word' id='word_1_117' title='bbox 648 1683 740 1723; x_wconf 82' lang='lat' dir='ltr'>luci</span> <span class='ocrx_word' id='word_1_118' title='bbox 765 1682 960 1724; x_wconf 86' lang='lat' dir='ltr'>coniun-</span> 
     </span>
     <span class='ocr_line' id='line_1_24' title="bbox 73 1738 961 1800; baseline -0.005 -16"><span class='ocrx_word' id='word_1_119' title='bbox 73 1751 241 1800; x_wconf 82' lang='lat' dir='ltr'>guntur</span> <span class='ocrx_word' id='word_1_120' title='bbox 274 1749 348 1784; x_wconf 84' lang='lat' dir='ltr'>tan</span> <span class='ocrx_word' id='word_1_121' title='bbox 386 1755 484 1781; x_wconf 84' lang='lat' dir='ltr'>uam</span> <span class='ocrx_word' id='word_1_122' title='bbox 520 1755 772 1796; x_wconf 76' lang='lat' dir='ltr'>synonyma</span> <span class='ocrx_word' id='word_1_123' title='bbox 808 1738 878 1782; x_wconf 88' lang='lat' dir='ltr'>vel</span> <span class='ocrx_word' id='word_1_124' title='bbox 913 1746 961 1780; x_wconf 86' lang='lat' dir='ltr'>ut</span> 
     </span>
     <span class='ocr_line' id='line_1_25' title="bbox 73 1756 961 1843; baseline -0.007 0"><span class='ocrx_word' id='word_1_125' title='bbox 73 1801 128 1843; x_wconf 85' lang='lat' dir='ltr'>sit</span> <span class='ocrx_word' id='word_1_126' title='bbox 161 1798 210 1842; x_wconf 76' lang='grc' dir='ltr'>ἓν</span> <span class='ocrx_word' id='word_1_127' title='bbox 242 1797 319 1842; x_wconf 74' lang='grc' dir='ltr'>διὰ</span> <span class='ocrx_word' id='word_1_128' title='bbox 353 1756 502 1841; x_wconf 69' lang='lat' dir='ltr'>ilvofv.</span> <span class='ocrx_word' id='word_1_129' title='bbox 599 1796 673 1839; x_wconf 90' lang='lat' dir='ltr'>Sic</span> <span class='ocrx_word' id='word_1_130' title='bbox 710 1795 871 1839; x_wconf 80' lang='lat' dir='ltr'>Noster</span> <span class='ocrx_word' id='word_1_131' title='bbox 915 1796 961 1837; x_wconf 87' lang='lat' dir='ltr'>in</span> 
     </span>
     <span class='ocr_line' id='line_1_26' title="bbox 74 1853 962 1910; baseline -0.007 -10"><span class='ocrx_word' id='word_1_132' title='bbox 74 1857 192 1900; x_wconf 87' lang='lat' dir='ltr'>libro</span> <span class='ocrx_word' id='word_1_133' title='bbox 229 1857 283 1899; x_wconf 91' lang='lat' dir='ltr'>de</span> <span class='ocrx_word' id='word_1_134' title='bbox 315 1854 559 1899; x_wconf 83' lang='lat' dir='ltr'>Germania</span> <span class='ocrx_word' id='word_1_135' title='bbox 605 1853 839 1910; x_wconf 72' lang='lat' dir='ltr'>coniungit</span> <span class='ocrx_word' id='word_1_136' title='bbox 879 1868 962 1895; x_wconf 86' lang='lat' dir='ltr'>ne-</span> 
     </span>
     <span class='ocr_line' id='line_1_27' title="bbox 75 1909 961 1957; baseline -0.006 -1"><span class='ocrx_word' id='word_1_137' title='bbox 75 1929 212 1957; x_wconf 84' lang='lat' dir='ltr'>mora</span> <span class='ocrx_word' id='word_1_138' title='bbox 245 1930 300 1956; x_wconf 83' lang='lat' dir='ltr'>ac</span> <span class='ocrx_word' id='word_1_139' title='bbox 334 1917 479 1956; x_wconf 82' lang='lat' dir='ltr'>lucos.</span> <span class='ocrx_word' id='word_1_140' title='bbox 560 1910 619 1954; x_wconf 84' lang='lat' dir='ltr'>cf.</span> <span class='ocrx_word' id='word_1_141' title='bbox 654 1927 692 1953; x_wconf 87' lang='lat' dir='ltr'>c.</span> <span class='ocrx_word' id='word_1_142' title='bbox 714 1911 757 1953; x_wconf 90' lang='lat'>9.</span> <span class='ocrx_word' id='word_1_143' title='bbox 790 1913 860 1954; x_wconf 89' lang='grc'>10.</span> <span class='ocrx_word' id='word_1_144' title='bbox 889 1909 961 1952; x_wconf 82' lang='lat'><strong>45.</strong></span> 
     </span>
     <span class='ocr_line' id='line_1_28' title="bbox 77 1967 963 2026; baseline -0.007 -11"><span class='ocrx_word' id='word_1_145' title='bbox 77 1972 288 2016; x_wconf 74' lang='lat' dir='ltr'>Ceterum</span> <span class='ocrx_word' id='word_1_146' title='bbox 342 1970 397 2013; x_wconf 90' lang='lat' dir='ltr'>de</span> <span class='ocrx_word' id='word_1_147' title='bbox 449 1967 717 2026; x_wconf 84' lang='lat' dir='ltr'>imaginibus</span> <span class='ocrx_word' id='word_1_148' title='bbox 766 1968 963 2011; x_wconf 82' lang='lat' dir='ltr'>ferarum</span> 
     </span>
     <span class='ocr_line' id='line_1_29' title="bbox 78 2023 963 2082; baseline -0.006 -11"><span class='ocrx_word' id='word_1_149' title='bbox 78 2029 332 2072; x_wconf 81' lang='lat' dir='ltr'>Germanos</span> <span class='ocrx_word' id='word_1_150' title='bbox 377 2027 423 2070; x_wconf 93' lang='lat' dir='ltr'>in</span> <span class='ocrx_word' id='word_1_151' title='bbox 470 2025 693 2082; x_wconf 82' lang='lat' dir='ltr'>proelium</span> <span class='ocrx_word' id='word_1_152' title='bbox 739 2023 963 2069; x_wconf 85' lang='lat' dir='ltr'>comitatis</span> 
     </span>
     <span class='ocr_line' id='line_1_30' title="bbox 77 2083 769 2130; baseline -0.004 -1"><span class='ocrx_word' id='word_1_153' title='bbox 77 2087 180 2130; x_wconf 84' lang='lat' dir='ltr'>vide</span> <span class='ocrx_word' id='word_1_154' title='bbox 202 2086 366 2128; x_wconf 86' lang='lat' dir='ltr'>librum</span> <span class='ocrx_word' id='word_1_155' title='bbox 390 2085 444 2127; x_wconf 89' lang='lat' dir='ltr'>de</span> <span class='ocrx_word' id='word_1_156' title='bbox 470 2083 623 2126; x_wconf 86' lang='lat' dir='ltr'>Germ.</span> <span class='ocrx_word' id='word_1_157' title='bbox 658 2098 699 2126; x_wconf 84' lang='lat' dir='ltr'>e.</span> <span class='ocrx_word' id='word_1_158' title='bbox 728 2083 769 2127; x_wconf 88' lang='lat'>7.</span> 
     </span>
    </p>
   </div>
   <div class='ocr_carea' id='block_1_14' title="bbox 77 2147 969 2610">
    <p class='ocr_par' dir='ltr' id='par_1_14' title="bbox 77 2147 965 2270">
     <span class='ocr_line' id='line_1_31' title="bbox 133 2147 965 2210; baseline -0.002 -14"><span class='ocrx_word' id='word_1_159' title='bbox 133 2163 186 2196; x_wconf 82' lang='lat' dir='ltr'>ut</span> <span class='ocrx_word' id='word_1_160' title='bbox 216 2156 375 2210; x_wconf 81' lang='lat' dir='ltr'>cuique</span> <span class='ocrx_word' id='word_1_161' title='bbox 394 2157 535 2209; x_wconf 79' lang='lat' dir='ltr'>genti.</span> <span class='ocrx_word' id='word_1_162' title='bbox 606 2147 709 2197; x_wconf 86' lang='lat' dir='ltr'><strong>MS.</strong></span> <span class='ocrx_word' id='word_1_163' title='bbox 731 2151 884 2201; x_wconf 83' lang='lat' dir='ltr'>Guelf.</span> <span class='ocrx_word' id='word_1_164' title='bbox 914 2160 965 2194; x_wconf 89' lang='lat' dir='ltr'>ut</span> 
     </span>
     <span class='ocr_line' id='line_1_32' title="bbox 77 2212 526 2270; baseline -0.002 -16"><span class='ocrx_word' id='word_1_165' title='bbox 77 2213 361 2270; x_wconf 83' lang='lat' dir='ltr'>quoicunque</span> <span class='ocrx_word' id='word_1_166' title='bbox 382 2212 526 2266; x_wconf 70' lang='lat' dir='ltr'>genti.</span> 
     </span>
    </p>

    <p class='ocr_par' dir='ltr' id='par_1_15' title="bbox 77 2279 969 2610">
     <span class='ocr_line' id='line_1_33' title="bbox 135 2279 964 2325; baseline -0.004 -1"><span class='ocrx_word' id='word_1_167' title='bbox 135 2283 292 2325; x_wconf 78' lang='lat' dir='ltr'>mixta</span> <span class='ocrx_word' id='word_1_168' title='bbox 340 2283 458 2325; x_wconf 83' lang='lat' dir='ltr'>belli.</span> <span class='ocrx_word' id='word_1_169' title='bbox 549 2280 626 2324; x_wconf 86' lang='lat' dir='ltr'>Sic</span> <span class='ocrx_word' id='word_1_170' title='bbox 662 2279 799 2324; x_wconf 87' lang='lat' dir='ltr'><strong>MSS.</strong></span> <span class='ocrx_word' id='word_1_171' title='bbox 838 2280 964 2323; x_wconf 87' lang='lat' dir='ltr'>Flor.</span> 
     </span>
     <span class='ocr_line' id='line_1_34' title="bbox 77 2337 967 2396; baseline -0.004 -13"><span class='ocrx_word' id='word_1_172' title='bbox 77 2342 191 2396; x_wconf 82' lang='lat' dir='ltr'>(test.</span> <span class='ocrx_word' id='word_1_173' title='bbox 214 2339 427 2395; x_wconf 88' lang='lat' dir='ltr'>Picbena)</span> <span class='ocrx_word' id='word_1_174' title='bbox 455 2339 592 2383; x_wconf 71' lang='lat' dir='ltr'>corb.</span> <span class='ocrx_word' id='word_1_175' title='bbox 620 2337 867 2395; x_wconf 36' lang='lat' dir='ltr'>eddsspir.</span> <span class='ocrx_word' id='word_1_176' title='bbox 895 2337 967 2379; x_wconf 90' lang='lat' dir='ltr'>Pi-</span> 
     </span>
     <span class='ocr_line' id='line_1_35' title="bbox 78 2395 966 2454; baseline -0.005 -14"><span class='ocrx_word' id='word_1_177' title='bbox 78 2398 212 2441; x_wconf 84' lang='lat' dir='ltr'>chen.</span> <span class='ocrx_word' id='word_1_178' title='bbox 233 2395 418 2440; x_wconf 79' lang='lat' dir='ltr'>Gruter.</span> <span class='ocrx_word' id='word_1_179' title='bbox 443 2412 563 2454; x_wconf 88' lang='lat' dir='ltr'>sqq.‚</span> <span class='ocrx_word' id='word_1_180' title='bbox 606 2395 692 2438; x_wconf 87' lang='lat' dir='ltr'>nisi</span> <span class='ocrx_word' id='word_1_181' title='bbox 720 2396 840 2452; x_wconf 90' lang='lat' dir='ltr'>quod</span> <span class='ocrx_word' id='word_1_182' title='bbox 864 2395 966 2437; x_wconf 87' lang='lat' dir='ltr'><strong>MS.</strong></span> 
     </span>
     <span class='ocr_line' id='line_1_36' title="bbox 80 2453 969 2510; baseline -0.008 -12"><span class='ocrx_word' id='word_1_183' title='bbox 80 2453 219 2498; x_wconf 86' lang='lat' dir='ltr'>Corb.</span> <span class='ocrx_word' id='word_1_184' title='bbox 271 2463 313 2497; x_wconf 89' lang='lat' dir='ltr'>et</span> <span class='ocrx_word' id='word_1_185' title='bbox 365 2453 435 2496; x_wconf 87' lang='lat' dir='ltr'>ed.</span> <span class='ocrx_word' id='word_1_186' title='bbox 482 2454 600 2510; x_wconf 87' lang='lat' dir='ltr'>Spir.</span> <span class='ocrx_word' id='word_1_187' title='bbox 647 2459 969 2509; x_wconf 83' lang='lat' dir='ltr'>transponunt:</span> 
     </span>
     <span class='ocr_line' id='line_1_37' title="bbox 82 2509 969 2562; baseline -0.008 -7"><span class='ocrx_word' id='word_1_188' title='bbox 82 2527 186 2555; x_wconf 82' lang='lat' dir='ltr'>mos</span> <span class='ocrx_word' id='word_1_189' title='bbox 235 2519 302 2554; x_wconf 77' lang='lat' dir='ltr'>est</span> <span class='ocrx_word' id='word_1_190' title='bbox 347 2509 458 2553; x_wconf 82' lang='lat' dir='ltr'>belli</span> <span class='ocrx_word' id='word_1_191' title='bbox 505 2511 648 2552; x_wconf 68' lang='lat' dir='ltr'>civilis</span> <span class='ocrx_word' id='word_1_192' title='bbox 693 2511 969 2562; x_wconf 75' lang='lat' dir='ltr'>externique</span> 
     </span>
     <span class='ocr_line' id='line_1_38' title="bbox 499 2564 967 2610; baseline -0.002 -1"><span class='ocrx_word' id='word_1_193' title='bbox 499 2567 590 2610; x_wconf 89' lang='lat' dir='ltr'>Pro</span> <span class='ocrx_word' id='word_1_194' title='bbox 636 2569 790 2608; x_wconf 75' lang='lat' dir='ltr'>mixta</span> <span class='ocrx_word' id='word_1_195' title='bbox 831 2564 967 2608; x_wconf 85' lang='lat' dir='ltr'><strong>MSS.</strong></span> 
     </span>
    </p>
   </div>
   <div class='ocr_carea' id='block_1_15' title="bbox 81 2568 413 2624">
    <p class='ocr_par' dir='ltr' id='par_1_16' title="bbox 81 2568 413 2624">
     <span class='ocr_line' id='line_1_39' title="bbox 81 2568 413 2624; baseline -0.006 -12"><span class='ocrx_word' id='word_1_196' title='bbox 81 2572 235 2612; x_wconf 57' lang='lat' dir='ltr'>mixta</span> <span class='ocrx_word' id='word_1_197' title='bbox 267 2568 413 2624; x_wconf 85' lang='lat' dir='ltr'>facie.</span> 
     </span>
    </p>
   </div>
   <div class='ocr_carea' id='block_1_16' title="bbox 29 2621 970 2670">
    <p class='ocr_par' dir='ltr' id='par_1_17' title="bbox 29 2621 970 2670">
     <span class='ocr_line' id='line_1_40' title="bbox 29 2621 970 2670; baseline -0.005 -1"><span class='ocrx_word' id='word_1_198' title='bbox 29 2631 34 2638; x_wconf 94' lang='grc'><em>“</em></span> <span class='ocrx_word' id='word_1_199' title='bbox 84 2626 232 2670; x_wconf 88' lang='lat' dir='ltr'>Guelf.</span> <span class='ocrx_word' id='word_1_200' title='bbox 260 2624 388 2668; x_wconf 72' lang='lat' dir='ltr'>Bodt.</span> <span class='ocrx_word' id='word_1_201' title='bbox 409 2625 509 2667; x_wconf 91' lang='lat' dir='ltr'>edd.</span> <span class='ocrx_word' id='word_1_202' title='bbox 533 2624 634 2667; x_wconf 83' lang='lat' dir='ltr'>Put.</span> <span class='ocrx_word' id='word_1_203' title='bbox 657 2624 724 2667; x_wconf 87' lang='lat' dir='ltr'>M.</span> <span class='ocrx_word' id='word_1_204' title='bbox 749 2633 791 2666; x_wconf 84' lang='lat' dir='ltr'>et</span> <span class='ocrx_word' id='word_1_205' title='bbox 808 2621 865 2665; x_wconf 85' lang='lat' dir='ltr'><strong>V.</strong></span> <span class='ocrx_word' id='word_1_206' title='bbox 889 2622 970 2664; x_wconf 84' lang='lat' dir='ltr'>Be-</span> 
     </span>
    </p>
   </div>
   <div class='ocr_carea' id='block_1_17' title="bbox 83 2681 982 3595">
    <p class='ocr_par' dir='ltr' id='par_1_18' title="bbox 83 2681 974 3078">
     <span class='ocr_line' id='line_1_41' title="bbox 83 2681 972 2737; baseline -0.007 -11"><span class='ocrx_word' id='word_1_207' title='bbox 83 2684 224 2726; x_wconf 86' lang='lat' dir='ltr'>roald.</span> <span class='ocrx_word' id='word_1_208' title='bbox 255 2684 377 2737; x_wconf 73' lang='lat' dir='ltr'>(cum</span> <span class='ocrx_word' id='word_1_209' title='bbox 416 2682 482 2725; x_wconf 87' lang='lat' dir='ltr'>sil.</span> <span class='ocrx_word' id='word_1_210' title='bbox 507 2681 646 2737; x_wconf 75' lang='lat' dir='ltr'>vict.)</span> <span class='ocrx_word' id='word_1_211' title='bbox 681 2681 784 2724; x_wconf 85' lang='lat' dir='ltr'>Alc.</span> <span class='ocrx_word' id='word_1_212' title='bbox 815 2681 972 2722; x_wconf 82' lang='lat' dir='ltr'>ferunt</span> 
     </span>
     <span class='ocr_line' id='line_1_42' title="bbox 83 2735 973 2796; baseline -0.007 -12"><span class='ocrx_word' id='word_1_213' title='bbox 83 2744 232 2795; x_wconf 82' lang='lat' dir='ltr'>iusta,</span> <span class='ocrx_word' id='word_1_214' title='bbox 274 2747 318 2781; x_wconf 89' lang='lat' dir='ltr'>et</span> <span class='ocrx_word' id='word_1_215' title='bbox 344 2740 430 2784; x_wconf 83' lang='lat' dir='ltr'>hoc</span> <span class='ocrx_word' id='word_1_216' title='bbox 459 2748 521 2784; x_wconf 81' lang='lat' dir='ltr'>est</span> <span class='ocrx_word' id='word_1_217' title='bbox 544 2756 625 2796; x_wconf 83' lang='lat' dir='ltr'>pro</span> <span class='ocrx_word' id='word_1_218' title='bbox 649 2743 807 2789; x_wconf 66' lang='lat' dir='ltr'>iuxta,</span> <span class='ocrx_word' id='word_1_219' title='bbox 881 2735 973 2779; x_wconf 89' lang='lat' dir='ltr'>uod</span> 
     </span>
     <span class='ocr_line' id='line_1_43' title="bbox 86 2793 972 2841; baseline -0.006 0"><span class='ocrx_word' id='word_1_220' title='bbox 86 2806 220 2841; x_wconf 81' lang='lat' dir='ltr'>exstat</span> <span class='ocrx_word' id='word_1_221' title='bbox 246 2797 290 2838; x_wconf 90' lang='lat' dir='ltr'>in</span> <span class='ocrx_word' id='word_1_222' title='bbox 316 2797 450 2840; x_wconf 83' lang='lat' dir='ltr'><strong>MSS.</strong></span> <span class='ocrx_word' id='word_1_223' title='bbox 477 2797 590 2839; x_wconf 75' lang='lat' dir='ltr'>ssud.</span> <span class='ocrx_word' id='word_1_224' title='bbox 619 2798 697 2839; x_wconf 89' lang='lat' dir='ltr'>les.</span> <span class='ocrx_word' id='word_1_225' title='bbox 732 2795 836 2839; x_wconf 88' lang='lat' dir='ltr'>edd.</span> <span class='ocrx_word' id='word_1_226' title='bbox 876 2793 972 2836; x_wconf 67' lang='lat' dir='ltr'>{he-</span> 
     </span>
     <span class='ocr_line' id='line_1_44' title="bbox 85 2853 972 2910; baseline -0.001 -13"><span class='ocrx_word' id='word_1_227' title='bbox 85 2871 193 2897; x_wconf 83' lang='lat' dir='ltr'>nan.</span> <span class='ocrx_word' id='word_1_228' title='bbox 236 2853 339 2897; x_wconf 87' lang='lat' dir='ltr'>Ald.</span> <span class='ocrx_word' id='word_1_229' title='bbox 385 2869 480 2910; x_wconf 86' lang='lat' dir='ltr'><strong>sqq.</strong></span> <span class='ocrx_word' id='word_1_230' title='bbox 528 2853 581 2896; x_wconf 85' lang='lat' dir='ltr'>ad</span> <span class='ocrx_word' id='word_1_231' title='bbox 626 2854 883 2897; x_wconf 83' lang='lat' dir='ltr'>Pichenam.</span> <span class='ocrx_word' id='word_1_232' title='bbox 914 2874 972 2882; x_wconf 93' lang='grc'><strong>-</strong></span> 
     </span>
     <span class='ocr_line' id='line_1_45' title="bbox 85 2911 974 2955; baseline -0.003 -1"><span class='ocrx_word' id='word_1_233' title='bbox 85 2911 252 2954; x_wconf 83' lang='lat' dir='ltr'>Eadem</span> <span class='ocrx_word' id='word_1_234' title='bbox 296 2911 626 2955; x_wconf 85' lang='lat' dir='ltr'>vocabulorum</span> <span class='ocrx_word' id='word_1_235' title='bbox 679 2911 885 2954; x_wconf 81' lang='lat' dir='ltr'>confusio</span> <span class='ocrx_word' id='word_1_236' title='bbox 930 2918 974 2951; x_wconf 85' lang='lat' dir='ltr'>et</span> 
     </span>
     <span class='ocr_line' id='line_1_46' title="bbox 86 2967 972 3017; baseline -0.003 -6"><span class='ocrx_word' id='word_1_237' title='bbox 86 2969 194 3017; x_wconf 80' lang='lat' dir='ltr'>alibi</span> <span class='ocrx_word' id='word_1_238' title='bbox 239 2967 483 3014; x_wconf 82' lang='lat' dir='ltr'>invenitur.</span> <span class='ocrx_word' id='word_1_239' title='bbox 564 2968 623 3011; x_wconf 74' lang='lat' dir='ltr'>cf.</span> <span class='ocrx_word' id='word_1_240' title='bbox 660 2976 759 3010; x_wconf 82' lang='lat' dir='ltr'>not.</span> <span class='ocrx_word' id='word_1_241' title='bbox 796 2967 851 3010; x_wconf 88' lang='lat' dir='ltr'>ad</span> <span class='ocrx_word' id='word_1_242' title='bbox 882 2967 972 3009; x_wconf 84' lang='lat' dir='ltr'>An.</span> 
     </span>
     <span class='ocr_line' id='line_1_47' title="bbox 91 3026 250 3078; baseline -0.006 -9"><span class='ocrx_word' id='word_1_243' title='bbox 91 3026 158 3078; x_wconf 80' lang='lat'>14,</span> <span class='ocrx_word' id='word_1_244' title='bbox 184 3026 250 3068; x_wconf 72' lang='lat'><strong>12.</strong></span> 
     </span>
    </p>

    <p class='ocr_par' dir='ltr' id='par_1_19' title="bbox 145 3081 942 3137">
     <span class='ocr_line' id='line_1_48' title="bbox 145 3081 942 3137; baseline -0.004 -12"><span class='ocrx_word' id='word_1_245' title='bbox 145 3090 189 3130; x_wconf 84' lang='lat' dir='ltr'>et</span> <span class='ocrx_word' id='word_1_246' title='bbox 210 3097 356 3137; x_wconf 80' lang='lat' dir='ltr'>spem.</span> <span class='ocrx_word' id='word_1_247' title='bbox 414 3083 516 3126; x_wconf 86' lang='lat' dir='ltr'><strong>MS..</strong></span> <span class='ocrx_word' id='word_1_248' title='bbox 541 3081 692 3125; x_wconf 86' lang='lat' dir='ltr'>Guelf.</span> <span class='ocrx_word' id='word_1_249' title='bbox 717 3089 760 3124; x_wconf 88' lang='lat' dir='ltr'>et</span> <span class='ocrx_word' id='word_1_250' title='bbox 780 3083 942 3134; x_wconf 80' lang='lat' dir='ltr'>specie.</span> 
     </span>
    </p>

    <p class='ocr_par' dir='ltr' id='par_1_20' title="bbox 147 3138 916 3197">
     <span class='ocr_line' id='line_1_49' title="bbox 147 3138 916 3197; baseline -0.004 -16"><span class='ocrx_word' id='word_1_251' title='bbox 147 3145 359 3194; x_wconf 78' lang='lat' dir='ltr'>augebat.</span> <span class='ocrx_word' id='word_1_252' title='bbox 419 3140 501 3183; x_wconf 74' lang='lat' dir='ltr'>Ed.</span> <span class='ocrx_word' id='word_1_253' title='bbox 525 3138 643 3197; x_wconf 81' lang='lat' dir='ltr'>Spir.</span> <span class='ocrx_word' id='word_1_254' title='bbox 669 3141 916 3192; x_wconf 79' lang='lat' dir='ltr'>angebant.</span> 
     </span>
    </p>

    <p class='ocr_par' dir='ltr' id='par_1_21' title="bbox 90 3193 982 3595">
     <span class='ocr_line' id='line_1_50' title="bbox 146 3193 979 3246; baseline -0.001 -7"><span class='ocrx_word' id='word_1_255' title='bbox 146 3205 444 3246; x_wconf 77' lang='lat' dir='ltr'>armatorum</span> <span class='ocrx_word' id='word_1_256' title='bbox 485 3199 820 3240; x_wconf 76' lang='lat' dir='ltr'>Romanorum.</span> <span class='ocrx_word' id='word_1_257' title='bbox 902 3193 979 3238; x_wconf 81' lang='lat' dir='ltr'>Sic</span> 
     </span>
     <span class='ocr_line' id='line_1_51' title="bbox 90 3253 979 3308; baseline -0.006 -10"><span class='ocrx_word' id='word_1_258' title='bbox 90 3263 260 3298; x_wconf 82' lang='lat' dir='ltr'>veteres</span> <span class='ocrx_word' id='word_1_259' title='bbox 290 3253 389 3297; x_wconf 88' lang='lat' dir='ltr'>libri</span> <span class='ocrx_word' id='word_1_260' title='bbox 423 3254 556 3298; x_wconf 75' lang='lat' dir='ltr'><strong>MSS.</strong></span> <span class='ocrx_word' id='word_1_261' title='bbox 593 3261 636 3295; x_wconf 90' lang='lat' dir='ltr'>et</span> <span class='ocrx_word' id='word_1_262' title='bbox 669 3253 797 3304; x_wconf 87' lang='lat' dir='ltr'>editi,</span> <span class='ocrx_word' id='word_1_263' title='bbox 845 3267 979 3308; x_wconf 84' lang='lat' dir='ltr'>prae-.</span> 
     </span>
     <span class='ocr_line' id='line_1_52' title="bbox 91 3308 982 3367; baseline -0.003 -13"><span class='ocrx_word' id='word_1_264' title='bbox 91 3316 157 3355; x_wconf 77' lang='lat' dir='ltr'>ter</span> <span class='ocrx_word' id='word_1_265' title='bbox 177 3310 383 3355; x_wconf 81' lang='lat' dir='ltr'>codic&#39;ern</span> <span class='ocrx_word' id='word_1_266' title='bbox 401 3311 681 3362; x_wconf 82' lang='lat' dir='ltr'>Budensem,</span> <span class='ocrx_word' id='word_1_267' title='bbox 712 3309 788 3367; x_wconf 88' lang='lat' dir='ltr'>qui</span> <span class='ocrx_word' id='word_1_268' title='bbox 814 3308 982 3351; x_wconf 82' lang='lat' dir='ltr'>omittit</span> 
     </span>
     <span class='ocr_line' id='line_1_53' title="bbox 91 3366 980 3425; baseline -0.008 -12"><span class='ocrx_word' id='word_1_269' title='bbox 91 3371 438 3418; x_wconf 79' lang='lat' dir='ltr'>Romanorum,</span> <span class='ocrx_word' id='word_1_270' title='bbox 488 3384 631 3425; x_wconf 78' lang='lat' dir='ltr'>eoque</span> <span class='ocrx_word' id='word_1_271' title='bbox 670 3376 850 3410; x_wconf 77' lang='lat' dir='ltr'>auctore</span> <span class='ocrx_word' id='word_1_272' title='bbox 892 3366 980 3408; x_wconf 83' lang='lat' dir='ltr'>boc</span> 
     </span>
     <span class='ocr_line' id='line_1_54' title="bbox 93 3422 980 3475; baseline -0.005 -9"><span class='ocrx_word' id='word_1_273' title='bbox 93 3426 358 3475; x_wconf 79' lang='lat' dir='ltr'>vocabulum</span> <span class='ocrx_word' id='word_1_274' title='bbox 379 3425 597 3467; x_wconf 80' lang='lat' dir='ltr'>deleverat</span> <span class='ocrx_word' id='word_1_275' title='bbox 610 3424 864 3470; x_wconf 74' lang='lat' dir='ltr'>Rhenanus.</span> <span class='ocrx_word' id='word_1_276' title='bbox 895 3422 980 3464; x_wconf 53' lang='lat' dir='ltr'>Re«</span> 
     </span>
     <span class='ocr_line' id='line_1_55' title="bbox 94 3480 980 3537; baseline -0.007 -11"><span class='ocrx_word' id='word_1_277' title='bbox 94 3483 234 3527; x_wconf 76' lang='lat' dir='ltr'>stituit</span> <span class='ocrx_word' id='word_1_278' title='bbox 283 3481 477 3533; x_wconf 87' lang='lat' dir='ltr'>Picbena</span> <span class='ocrx_word' id='word_1_279' title='bbox 539 3481 802 3537; x_wconf 76' lang='lat' dir='ltr'>censuitque</span> <span class='ocrx_word' id='word_1_280' title='bbox 854 3480 980 3522; x_wconf 78' lang='lat' dir='ltr'>adie-</span> 
     </span>
     <span class='ocr_line' id='line_1_56' title="bbox 97 3537 981 3595; baseline -0.006 -13"><span class='ocrx_word' id='word_1_281' title='bbox 97 3546 209 3582; x_wconf 81' lang='lat' dir='ltr'>ctam</span> <span class='ocrx_word' id='word_1_282' title='bbox 247 3550 347 3583; x_wconf 77' lang='lat' dir='ltr'>‘eam</span> <span class='ocrx_word' id='word_1_283' title='bbox 393 3555 574 3589; x_wconf 86' lang='lat' dir='ltr'>vocem,</span> <span class='ocrx_word' id='word_1_284' title='bbox 635 3547 684 3580; x_wconf 85' lang='lat' dir='ltr'>ut</span> <span class='ocrx_word' id='word_1_285' title='bbox 716 3555 739 3582; x_wconf 86' lang='lat' dir='ltr'>a</span> <span class='ocrx_word' id='word_1_286' title='bbox 783 3537 981 3595; x_wconf 87' lang='lat' dir='ltr'>quinque</span> 
     </span>
    </p>
   </div>
   <div class='ocr_carea' id='block_1_18' title="bbox 98 3594 978 3648">
    <p class='ocr_par' dir='ltr' id='par_1_22' title="bbox 98 3594 978 3648">
     <span class='ocr_line' id='line_1_57' title="bbox 98 3594 978 3648; baseline -0.005 -9"><span class='ocrx_word' id='word_1_287' title='bbox 98 3595 283 3648; x_wconf 81' lang='lat' dir='ltr'>millium</span> <span class='ocrx_word' id='word_1_288' title='bbox 309 3612 481 3643; x_wconf 66' lang='lat' dir='ltr'>sunnna</span> <span class='ocrx_word' id='word_1_289' title='bbox 515 3594 854 3642; x_wconf 76' lang='lat' dir='ltr'>excluderentur</span> <span class='ocrx_word' id='word_1_290' title='bbox 883 3609 978 3637; x_wconf 83' lang='lat' dir='ltr'>ser-</span> 
     </span>
    </p>
   </div>
   <div class='ocr_carea' id='block_1_19' title="bbox 789 3733 794 3755">
    <p class='ocr_par' dir='ltr' id='par_1_23' title="bbox 789 3733 794 3755">
     <span class='ocr_line' id='line_1_58' title="bbox 789 3733 794 3755; baseline 0 0"><span class='ocrx_word' id='word_1_291' title='bbox 789 3733 794 3755; x_wconf 82' lang='grc' dir='ltr'><strong><em>Ι</em></strong></span> 
     </span>
    </p>
   </div>
   <div class='ocr_carea' id='block_1_20' title="bbox 1028 1332 1994 3398">
    <p class='ocr_par' dir='ltr' id='par_1_24' title="bbox 1028 1332 1930 2537">
     <span class='ocr_line' id='line_1_59' title="bbox 1031 1332 1916 1393; baseline 0 -15"><span class='ocrx_word' id='word_1_292' title='bbox 1031 1332 1098 1387; x_wconf 84' lang='lat' dir='ltr'>vi,</span> <span class='ocrx_word' id='word_1_293' title='bbox 1129 1334 1236 1379; x_wconf 84' lang='lat' dir='ltr'>lixae</span> <span class='ocrx_word' id='word_1_294' title='bbox 1271 1343 1402 1393; x_wconf 79' lang='lat' dir='ltr'>atque</span> <span class='ocrx_word' id='word_1_295' title='bbox 1432 1334 1475 1378; x_wconf 93' lang='lat' dir='ltr'>id</span> <span class='ocrx_word' id='word_1_296' title='bbox 1501 1349 1641 1390; x_wconf 77' lang='lat' dir='ltr'>genus</span> <span class='ocrx_word' id='word_1_297' title='bbox 1664 1334 1916 1379; x_wconf 87' lang='lat' dir='ltr'>hominum.</span> 
     </span>
     <span class='ocr_line' id='line_1_60' title="bbox 1028 1391 1920 1447; baseline -0.001 -10"><span class='ocrx_word' id='word_1_298' title='bbox 1028 1394 1130 1437; x_wconf 89' lang='lat' dir='ltr'>Non</span> <span class='ocrx_word' id='word_1_299' title='bbox 1164 1394 1267 1436; x_wconf 73' lang='lat' dir='ltr'>saxis</span> <span class='ocrx_word' id='word_1_300' title='bbox 1295 1401 1434 1436; x_wconf 81' lang='lat' dir='ltr'>recte.</span> <span class='ocrx_word' id='word_1_301' title='bbox 1496 1392 1649 1447; x_wconf 85' lang='lat' dir='ltr'>Quare</span> <span class='ocrx_word' id='word_1_302' title='bbox 1675 1391 1920 1436; x_wconf 89' lang='lat' dir='ltr'>Oberlinus</span> 
     </span>
     <span class='ocr_line' id='line_1_61' title="bbox 1030 1450 1920 1500; baseline -0.004 -7"><span class='ocrx_word' id='word_1_303' title='bbox 1030 1468 1184 1494; x_wconf 89' lang='lat' dir='ltr'>rursus</span> <span class='ocrx_word' id='word_1_304' title='bbox 1208 1450 1373 1496; x_wconf 82' lang='lat' dir='ltr'>delevit</span> <span class='ocrx_word' id='word_1_305' title='bbox 1397 1452 1743 1500; x_wconf 72' lang='lat' dir='ltr'>Romanorum,</span> <span class='ocrx_word' id='word_1_306' title='bbox 1768 1451 1920 1494; x_wconf 77' lang='lat' dir='ltr'>addito</span> 
     </span>
     <span class='ocr_line' id='line_1_62' title="bbox 1028 1507 1924 1554; baseline 0 -3"><span class='ocrx_word' id='word_1_307' title='bbox 1028 1509 1098 1554; x_wconf 86' lang='lat' dir='ltr'>vel</span> <span class='ocrx_word' id='word_1_308' title='bbox 1134 1508 1228 1551; x_wconf 86' lang='lat' dir='ltr'>sine</span> <span class='ocrx_word' id='word_1_309' title='bbox 1260 1520 1373 1551; x_wconf 86' lang='lat' dir='ltr'>voce</span> <span class='ocrx_word' id='word_1_310' title='bbox 1398 1509 1725 1550; x_wconf 80' lang='lat' dir='ltr'>Romanorum</span> <span class='ocrx_word' id='word_1_311' title='bbox 1761 1507 1924 1552; x_wconf 80' lang='lat' dir='ltr'>milites</span> 
     </span>
     <span class='ocr_line' id='line_1_63' title="bbox 1030 1564 1920 1622; baseline -0.002 -14"><span class='ocrx_word' id='word_1_312' title='bbox 1030 1582 1054 1608; x_wconf 88' lang='lat' dir='ltr'>a</span> <span class='ocrx_word' id='word_1_313' title='bbox 1084 1565 1181 1607; x_wconf 83' lang='lat' dir='ltr'>lixis</span> <span class='ocrx_word' id='word_1_314' title='bbox 1213 1565 1440 1622; x_wconf 81' lang='lat' dir='ltr'>distingui.</span> <span class='ocrx_word' id='word_1_315' title='bbox 1526 1564 1587 1617; x_wconf 84' lang='lat' dir='ltr'>At</span> <span class='ocrx_word' id='word_1_316' title='bbox 1616 1565 1799 1606; x_wconf 81' lang='lat' dir='ltr'>armati</span> <span class='ocrx_word' id='word_1_317' title='bbox 1822 1566 1920 1608; x_wconf 84' lang='lat' dir='ltr'>Ro-</span> 
     </span>
     <span class='ocr_line' id='line_1_64' title="bbox 1031 1620 1924 1679; baseline -0.002 -13"><span class='ocrx_word' id='word_1_318' title='bbox 1031 1623 1168 1666; x_wconf 85' lang='lat' dir='ltr'>mam‘</span> <span class='ocrx_word' id='word_1_319' title='bbox 1196 1630 1300 1664; x_wconf 90' lang='lat' dir='ltr'>sunt</span> <span class='ocrx_word' id='word_1_320' title='bbox 1331 1620 1494 1664; x_wconf 82' lang='lat' dir='ltr'>milites</span> <span class='ocrx_word' id='word_1_321' title='bbox 1523 1620 1780 1678; x_wconf 82' lang='lat' dir='ltr'>legionarii,</span> <span class='ocrx_word' id='word_1_322' title='bbox 1813 1637 1924 1679; x_wconf 90' lang='lat' dir='ltr'>quo-</span> 
     </span>
     <span class='ocr_line' id='line_1_65' title="bbox 1031 1677 1922 1738; baseline -0.002 -14"><span class='ocrx_word' id='word_1_323' title='bbox 1031 1677 1141 1724; x_wconf 41' lang='lat' dir='ltr'>rum‘</span> <span class='ocrx_word' id='word_1_324' title='bbox 1172 1679 1372 1738; x_wconf 88' lang='lat' dir='ltr'>quinque</span> <span class='ocrx_word' id='word_1_325' title='bbox 1405 1678 1543 1721; x_wconf 89' lang='lat' dir='ltr'>millia</span> <span class='ocrx_word' id='word_1_326' title='bbox 1578 1687 1673 1720; x_wconf 83' lang='lat' dir='ltr'>tum</span> <span class='ocrx_word' id='word_1_327' title='bbox 1705 1678 1843 1722; x_wconf 85' lang='lat' dir='ltr'>fuisse</span> <span class='ocrx_word' id='word_1_328' title='bbox 1873 1680 1922 1722; x_wconf 87' lang='lat' dir='ltr'>in</span> 
     </span>
     <span class='ocr_line' id='line_1_66' title="bbox 1033 1735 1923 1793; baseline 0 -14"><span class='ocrx_word' id='word_1_329' title='bbox 1033 1735 1187 1782; x_wconf 87' lang='lat' dir='ltr'>castris</span> <span class='ocrx_word' id='word_1_330' title='bbox 1221 1736 1386 1779; x_wconf 85' lang='lat' dir='ltr'>Noster</span> <span class='ocrx_word' id='word_1_331' title='bbox 1417 1735 1537 1780; x_wconf 85' lang='lat' dir='ltr'>dicit.</span> <span class='ocrx_word' id='word_1_332' title='bbox 1613 1735 1811 1793; x_wconf 87' lang='lat' dir='ltr'>Simplex</span> <span class='ocrx_word' id='word_1_333' title='bbox 1843 1753 1923 1782; x_wconf 85' lang='lat' dir='ltr'>vo·</span> 
     </span>
     <span class='ocr_line' id='line_1_67' title="bbox 1034 1793 1922 1849; baseline 0 -12"><span class='ocrx_word' id='word_1_334' title='bbox 1034 1793 1244 1838; x_wconf 70' lang='lat' dir='ltr'>nabulum</span> <span class='ocrx_word' id='word_1_335' title='bbox 1285 1794 1469 1836; x_wconf 80' lang='lat' dir='ltr'>armati</span> <span class='ocrx_word' id='word_1_336' title='bbox 1501 1800 1648 1849; x_wconf 70' lang='lat' dir='ltr'>potest</span> <span class='ocrx_word' id='word_1_337' title='bbox 1680 1796 1812 1836; x_wconf 84' lang='lat' dir='ltr'>etiam</span> <span class='ocrx_word' id='word_1_338' title='bbox 1843 1811 1922 1837; x_wconf 88' lang='lat' dir='ltr'>re-</span> 
     </span>
     <span class='ocr_line' id='line_1_68' title="bbox 1034 1850 1923 1900; baseline 0 -6"><span class='ocrx_word' id='word_1_339' title='bbox 1034 1851 1140 1894; x_wconf 81' lang='lat' dir='ltr'>ferri</span> <span class='ocrx_word' id='word_1_340' title='bbox 1187 1850 1245 1900; x_wconf 81' lang='lat' dir='ltr'>ad</span> <span class='ocrx_word' id='word_1_341' title='bbox 1285 1850 1447 1893; x_wconf 86' lang='lat' dir='ltr'>milites</span> <span class='ocrx_word' id='word_1_342' title='bbox 1491 1850 1734 1893; x_wconf 85' lang='lat' dir='ltr'>auxiliares.</span> <span class='ocrx_word' id='word_1_343' title='bbox 1830 1851 1923 1895; x_wconf 85' lang='lat' dir='ltr'>Iam</span> 
     </span>
     <span class='ocr_line' id='line_1_69' title="bbox 1033 1906 1924 1964; baseline 0.001 -12"><span class='ocrx_word' id='word_1_344' title='bbox 1033 1917 1310 1952; x_wconf 76' lang='lat' dir='ltr'>armatorum</span> <span class='ocrx_word' id='word_1_345' title='bbox 1337 1906 1524 1950; x_wconf 86' lang='lat' dir='ltr'>omnino</span> <span class='ocrx_word' id='word_1_346' title='bbox 1553 1907 1749 1964; x_wconf 85' lang='lat' dir='ltr'>quinque</span> <span class='ocrx_word' id='word_1_347' title='bbox 1783 1907 1924 1953; x_wconf 72' lang='lat' dir='ltr'>millia</span> 
     </span>
     <span class='ocr_line' id='line_1_70' title="bbox 1034 1963 1925 2014; baseline 0 -5"><span class='ocrx_word' id='word_1_348' title='bbox 1034 1965 1226 2014; x_wconf 80' lang='lat' dir='ltr'>suerint,</span> <span class='ocrx_word' id='word_1_349' title='bbox 1268 1974 1433 2008; x_wconf 87' lang='lat' dir='ltr'>utnon</span> <span class='ocrx_word' id='word_1_350' title='bbox 1467 1963 1779 2013; x_wconf 82' lang='lat' dir='ltr'>discernantur</span> <span class='ocrx_word' id='word_1_351' title='bbox 1809 1967 1925 2009; x_wconf 91' lang='lat' dir='ltr'>mili·</span> 
     </span>
     <span class='ocr_line' id='line_1_71' title="bbox 1035 2019 1926 2078; baseline 0 -11"><span class='ocrx_word' id='word_1_352' title='bbox 1035 2031 1098 2067; x_wconf 83' lang='lat' dir='ltr'>tes</span> <span class='ocrx_word' id='word_1_353' title='bbox 1145 2021 1378 2065; x_wconf 81' lang='lat' dir='ltr'>auxiliares</span> <span class='ocrx_word' id='word_1_354' title='bbox 1430 2029 1505 2063; x_wconf 80' lang='lat' dir='ltr'>aut</span> <span class='ocrx_word' id='word_1_355' title='bbox 1550 2019 1809 2078; x_wconf 82' lang='lat' dir='ltr'>legionarii,</span> <span class='ocrx_word' id='word_1_356' title='bbox 1867 2039 1926 2067; x_wconf 86' lang='lat' dir='ltr'>an</span> 
     </span>
     <span class='ocr_line' id='line_1_72' title="bbox 1035 2077 1926 2138; baseline 0.003 -17"><span class='ocrx_word' id='word_1_357' title='bbox 1035 2079 1234 2138; x_wconf 87' lang='lat' dir='ltr'>quinque</span> <span class='ocrx_word' id='word_1_358' title='bbox 1274 2079 1349 2121; x_wconf 88' lang='lat' dir='ltr'>illa</span> <span class='ocrx_word' id='word_1_359' title='bbox 1392 2077 1531 2121; x_wconf 89' lang='lat' dir='ltr'>millia</span> <span class='ocrx_word' id='word_1_360' title='bbox 1561 2077 1730 2121; x_wconf 84' lang='lat' dir='ltr'>fuerint</span> <span class='ocrx_word' id='word_1_361' title='bbox 1768 2081 1926 2124; x_wconf 80' lang='lat' dir='ltr'>armati</span> 
     </span>
     <span class='ocr_line' id='line_1_73' title="bbox 1037 2134 1929 2184; baseline 0.003 -5"><span class='ocrx_word' id='word_1_362' title='bbox 1037 2137 1254 2184; x_wconf 84' lang='lat' dir='ltr'>Romani,</span> <span class='ocrx_word' id='word_1_363' title='bbox 1313 2134 1446 2178; x_wconf 85' lang='lat' dir='ltr'>hodie</span> <span class='ocrx_word' id='word_1_364' title='bbox 1489 2151 1625 2178; x_wconf 87' lang='lat' dir='ltr'>nemo</span> <span class='ocrx_word' id='word_1_365' title='bbox 1678 2137 1929 2182; x_wconf 84' lang='lat' dir='ltr'>discernet:</span> 
     </span>
     <span class='ocr_line' id='line_1_74' title="bbox 1035 2193 1926 2239; baseline 0.001 -2"><span class='ocrx_word' id='word_1_366' title='bbox 1035 2195 1144 2238; x_wconf 89' lang='lat' dir='ltr'>fides</span> <span class='ocrx_word' id='word_1_367' title='bbox 1185 2193 1384 2236; x_wconf 84' lang='lat' dir='ltr'>habenda</span> <span class='ocrx_word' id='word_1_368' title='bbox 1434 2200 1498 2236; x_wconf 81' lang='lat' dir='ltr'>est</span> <span class='ocrx_word' id='word_1_369' title='bbox 1544 2193 1683 2236; x_wconf 86' lang='lat' dir='ltr'>libris.</span> <span class='ocrx_word' id='word_1_370' title='bbox 1771 2193 1926 2239; x_wconf 85' lang='lat' dir='ltr'>Castra</span> 
     </span>
     <span class='ocr_line' id='line_1_75' title="bbox 1037 2250 1930 2308; baseline 0.001 -13"><span class='ocrx_word' id='word_1_371' title='bbox 1037 2252 1208 2295; x_wconf 86' lang='lat' dir='ltr'>duabus</span> <span class='ocrx_word' id='word_1_372' title='bbox 1241 2250 1488 2308; x_wconf 84' lang='lat' dir='ltr'>legionibus</span> <span class='ocrx_word' id='word_1_373' title='bbox 1520 2258 1647 2292; x_wconf 79' lang='lat' dir='ltr'>erant</span> <span class='ocrx_word' id='word_1_374' title='bbox 1681 2251 1784 2293; x_wconf 76' lang='lat' dir='ltr'>sita:</span> <span class='ocrx_word' id='word_1_375' title='bbox 1818 2252 1930 2296; x_wconf 87' lang='lat' dir='ltr'>duae</span> 
     </span>
     <span class='ocr_line' id='line_1_76' title="bbox 1036 2307 1928 2366; baseline 0 -14"><span class='ocrx_word' id='word_1_376' title='bbox 1036 2310 1171 2366; x_wconf 79' lang='lat' dir='ltr'>igitur</span> <span class='ocrx_word' id='word_1_377' title='bbox 1210 2307 1405 2365; x_wconf 77' lang='lat' dir='ltr'>legiones</span> <span class='ocrx_word' id='word_1_378' title='bbox 1448 2323 1553 2352; x_wconf 85' lang='lat' dir='ltr'>cum</span> <span class='ocrx_word' id='word_1_379' title='bbox 1594 2308 1722 2356; x_wconf 79' lang='lat' dir='ltr'>iustis</span> <span class='ocrx_word' id='word_1_380' title='bbox 1760 2309 1928 2352; x_wconf 80' lang='lat' dir='ltr'>auxiliis</span> 
     </span>
     <span class='ocr_line' id='line_1_77' title="bbox 1038 2365 1928 2416; baseline 0 -8"><span class='ocrx_word' id='word_1_381' title='bbox 1038 2366 1260 2410; x_wconf 84' lang='lat' dir='ltr'>debebant</span> <span class='ocrx_word' id='word_1_382' title='bbox 1294 2366 1470 2416; x_wconf 84' lang='lat' dir='ltr'>adesse,</span> <span class='ocrx_word' id='word_1_383' title='bbox 1533 2374 1582 2411; x_wconf 84' lang='lat' dir='ltr'>ut</span> <span class='ocrx_word' id='word_1_384' title='bbox 1629 2374 1769 2408; x_wconf 73' lang='lat' dir='ltr'>casira</span> <span class='ocrx_word' id='word_1_385' title='bbox 1812 2365 1928 2410; x_wconf 87' lang='lat' dir='ltr'>bene</span> 
     </span>
     <span class='ocr_line' id='line_1_78' title="bbox 1040 2422 1930 2471; baseline -0.002 -5"><span class='ocrx_word' id='word_1_386' title='bbox 1040 2423 1410 2471; x_wconf 68' lang='lat' dir='ltr'>defenderentur.</span> <span class='ocrx_word' id='word_1_387' title='bbox 1468 2422 1529 2464; x_wconf 86' lang='lat' dir='ltr'>At</span> <span class='ocrx_word' id='word_1_388' title='bbox 1555 2422 1731 2471; x_wconf 84' lang='lat' dir='ltr'>inerant</span> <span class='ocrx_word' id='word_1_389' title='bbox 1756 2431 1930 2467; x_wconf 80' lang='lat' dir='ltr'>tantum</span> 
     </span>
     <span class='ocr_line' id='line_1_79' title="bbox 1041 2478 1816 2537; baseline -0.001 -16"><span class='ocrx_word' id='word_1_390' title='bbox 1041 2479 1240 2537; x_wconf 89' lang='lat' dir='ltr'>quinque</span> <span class='ocrx_word' id='word_1_391' title='bbox 1264 2478 1405 2522; x_wconf 78' lang='lat' dir='ltr'>millia</span> <span class='ocrx_word' id='word_1_392' title='bbox 1429 2480 1588 2521; x_wconf 85' lang='lat' dir='ltr'>armati</span> <span class='ocrx_word' id='word_1_393' title='bbox 1610 2478 1816 2527; x_wconf 79' lang='lat' dir='ltr'>Romani.</span> 
     </span>
    </p>

    <p class='ocr_par' dir='ltr' id='par_1_25' title="bbox 1043 2535 1994 2638">
     <span class='ocr_line' id='line_1_80' title="bbox 1100 2535 1994 2594; baseline 0.002 -15"><span class='ocrx_word' id='word_1_394' title='bbox 1100 2535 1310 2580; x_wconf 67' lang='lat' dir='ltr'><strong>CAP.23.</strong></span> <span class='ocrx_word' id='word_1_395' title='bbox 1370 2538 1555 2584; x_wconf 72' lang='lat' dir='ltr'>leniter.</span> <span class='ocrx_word' id='word_1_396' title='bbox 1616 2536 1696 2579; x_wconf 87' lang='lat' dir='ltr'>Ed.</span> <span class='ocrx_word' id='word_1_397' title='bbox 1715 2536 1834 2594; x_wconf 78' lang='lat' dir='ltr'>Spir.</span> <span class='ocrx_word' id='word_1_398' title='bbox 1860 2540 1928 2581; x_wconf 79' lang='lat' dir='ltr'>le·</span> <span class='ocrx_word' id='word_1_399' title='bbox 1991 2559 1994 2562; x_wconf 46' lang='lat'><strong>⁴</strong></span> 
     </span>
     <span class='ocr_line' id='line_1_81' title="bbox 1043 2596 1180 2638; baseline 0.007 -2"><span class='ocrx_word' id='word_1_400' title='bbox 1043 2596 1180 2638; x_wconf 75' lang='lat' dir='ltr'>nicer.</span> 
     </span>
    </p>

    <p class='ocr_par' dir='ltr' id='par_1_26' title="bbox 1039 2649 1955 3106">
     <span class='ocr_line' id='line_1_82' title="bbox 1100 2649 1955 2706; baseline 0.005 -14"><span class='ocrx_word' id='word_1_401' title='bbox 1100 2664 1371 2704; x_wconf 72' lang='lat' dir='ltr'>exsurgens.</span> <span class='ocrx_word' id='word_1_402' title='bbox 1430 2649 1507 2696; x_wconf 77' lang='lat' dir='ltr'>Sic</span> <span class='ocrx_word' id='word_1_403' title='bbox 1520 2649 1654 2694; x_wconf 89' lang='lat' dir='ltr'><strong>MSS.</strong></span> <span class='ocrx_word' id='word_1_404' title='bbox 1668 2650 1791 2694; x_wconf 79' lang='lat' dir='ltr'>Flor.</span> <span class='ocrx_word' id='word_1_405' title='bbox 1817 2649 1955 2706; x_wconf 58' lang='lat' dir='ltr'>(test.¹</span> 
     </span>
     <span class='ocr_line' id='line_1_83' title="bbox 1044 2706 1932 2765; baseline 0.002 -14"><span class='ocrx_word' id='word_1_406' title='bbox 1044 2708 1132 2751; x_wconf 87' lang='lat' dir='ltr'>Iac.</span> <span class='ocrx_word' id='word_1_407' title='bbox 1147 2706 1372 2762; x_wconf 82' lang='lat' dir='ltr'>Gronov.)</span> <span class='ocrx_word' id='word_1_408' title='bbox 1398 2706 1513 2765; x_wconf 67' lang='lat' dir='ltr'>Reg.⁴</span> <span class='ocrx_word' id='word_1_409' title='bbox 1534 2707 1672 2757; x_wconf 76' lang='lat' dir='ltr'>Corb.</span> <span class='ocrx_word' id='word_1_410' title='bbox 1693 2707 1802 2765; x_wconf 82' lang='lat' dir='ltr'>Agr.</span> <span class='ocrx_word' id='word_1_411' title='bbox 1820 2709 1932 2754; x_wconf 81' lang='lat' dir='ltr'>ssud.</span> 
     </span>
     <span class='ocr_line' id='line_1_84' title="bbox 1045 2764 1931 2823; baseline 0.001 -15"><span class='ocrx_word' id='word_1_412' title='bbox 1045 2765 1148 2808; x_wconf 84' lang='lat' dir='ltr'>edd.</span> <span class='ocrx_word' id='word_1_413' title='bbox 1182 2765 1301 2823; x_wconf 86' lang='lat' dir='ltr'>Spir.</span> <span class='ocrx_word' id='word_1_414' title='bbox 1340 2765 1468 2807; x_wconf 82' lang='lat' dir='ltr'>Brot.</span> <span class='ocrx_word' id='word_1_415' title='bbox 1509 2764 1691 2822; x_wconf 77' lang='lat' dir='ltr'>Bipont.</span> <span class='ocrx_word' id='word_1_416' title='bbox 1724 2765 1931 2810; x_wconf 85' lang='lat' dir='ltr'>Oberlin.</span> 
     </span>
     <span class='ocr_line' id='line_1_85' title="bbox 1044 2821 1943 2879; baseline 0.002 -15"><span class='ocrx_word' id='word_1_417' title='bbox 1044 2839 1142 2879; x_wconf 77' lang='lat' dir='ltr'><strong>sqq.</strong></span> <span class='ocrx_word' id='word_1_418' title='bbox 1212 2822 1271 2866; x_wconf 91' lang='lat' dir='ltr'>cf.</span> <span class='ocrx_word' id='word_1_419' title='bbox 1295 2821 1403 2865; x_wconf 83' lang='lat' dir='ltr'>Hist.</span> <span class='ocrx_word' id='word_1_420' title='bbox 1427 2822 1469 2870; x_wconf 72' lang='lat'>2,</span> <span class='ocrx_word' id='word_1_421' title='bbox 1494 2821 1561 2864; x_wconf 82' lang='lat'><strong>14.</strong></span> <span class='ocrx_word' id='word_1_422' title='bbox 1586 2823 1632 2863; x_wconf 78' lang='lat' dir='ltr'>in</span> <span class='ocrx_word' id='word_1_423' title='bbox 1655 2825 1788 2865; x_wconf 84' lang='lat' dir='ltr'>colles</span> <span class='ocrx_word' id='word_1_424' title='bbox 1808 2826 1943 2867; x_wconf 77' lang='lat' dir='ltr'>mari·</span> 
     </span>
     <span class='ocr_line' id='line_1_86' title="bbox 1039 2880 1933 2935; baseline 0.002 -14"><span class='ocrx_word' id='word_1_425' title='bbox 1039 2880 1327 2935; x_wconf 76' lang='lat' dir='ltr'>propinquos</span> <span class='ocrx_word' id='word_1_426' title='bbox 1370 2886 1660 2933; x_wconf 58' lang='lat' dir='ltr'>exsurgeret.</span> <span class='ocrx_word' id='word_1_427' title='bbox 1698 2905 1755 2914; x_wconf 89' lang='lat'>-</span> <span class='ocrx_word' id='word_1_428' title='bbox 1828 2881 1933 2924; x_wconf 90' lang='lat' dir='ltr'><strong>MS.</strong></span> 
     </span>
     <span class='ocr_line' id='line_1_87' title="bbox 1047 2936 1936 2994; baseline 0 -14"><span class='ocrx_word' id='word_1_429' title='bbox 1047 2936 1199 2980; x_wconf 89' lang='lat' dir='ltr'>Guelf.</span> <span class='ocrx_word' id='word_1_430' title='bbox 1227 2936 1326 2980; x_wconf 83' lang='lat' dir='ltr'>edd.</span> <span class='ocrx_word' id='word_1_431' title='bbox 1350 2937 1455 2983; x_wconf 60' lang='lat' dir='ltr'>Pin.</span> <span class='ocrx_word' id='word_1_432' title='bbox 1485 2937 1586 2979; x_wconf 84' lang='lat' dir='ltr'>Ber.</span> <span class='ocrx_word' id='word_1_433' title='bbox 1619 2936 1678 2991; x_wconf 85' lang='lat' dir='ltr'>(e.</span> <span class='ocrx_word' id='word_1_434' title='bbox 1703 2938 1771 2980; x_wconf 90' lang='lat' dir='ltr'>sil.</span> <span class='ocrx_word' id='word_1_435' title='bbox 1794 2937 1936 2994; x_wconf 82' lang='lat' dir='ltr'>Vict.)</span> 
     </span>
     <span class='ocr_line' id='line_1_88' title="bbox 1047 2994 1935 3051; baseline 0.002 -15"><span class='ocrx_word' id='word_1_436' title='bbox 1047 2995 1148 3042; x_wconf 81' lang='lat' dir='ltr'>Alc.</span> <span class='ocrx_word' id='word_1_437' title='bbox 1184 3010 1277 3051; x_wconf 86' lang='lat' dir='ltr'><strong>sqq.</strong></span> <span class='ocrx_word' id='word_1_438' title='bbox 1314 3008 1577 3048; x_wconf 57' lang='lat' dir='ltr'>assurgens.</span> <span class='ocrx_word' id='word_1_439' title='bbox 1645 2994 1705 3037; x_wconf 87' lang='lat' dir='ltr'>cs.</span> <span class='ocrx_word' id='word_1_440' title='bbox 1738 2997 1831 3038; x_wconf 82' lang='lat' dir='ltr'>An.</span> <span class='ocrx_word' id='word_1_441' title='bbox 1868 2997 1935 3047; x_wconf 85' lang='lat'>15,</span> 
     </span>
     <span class='ocr_line' id='line_1_89' title="bbox 1046 3051 1818 3106; baseline 0.003 -12"><span class='ocrx_word' id='word_1_442' title='bbox 1046 3052 1114 3099; x_wconf 74' lang='lat'><strong>38.</strong></span> <span class='ocrx_word' id='word_1_443' title='bbox 1140 3055 1301 3092; x_wconf 78' lang='lat' dir='ltr'>demde</span> <span class='ocrx_word' id='word_1_444' title='bbox 1321 3051 1370 3092; x_wconf 86' lang='lat' dir='ltr'>in</span> <span class='ocrx_word' id='word_1_445' title='bbox 1395 3053 1518 3092; x_wconf 83' lang='lat' dir='ltr'>edito</span> <span class='ocrx_word' id='word_1_446' title='bbox 1539 3053 1818 3106; x_wconf 75' lang='lat' dir='ltr'>adsurgens.</span> 
     </span>
    </p>

    <p class='ocr_par' dir='ltr' id='par_1_27' title="bbox 1049 3108 1940 3398">
     <span class='ocr_line' id='line_1_90' title="bbox 1105 3108 1940 3167; baseline 0.004 -17"><span class='ocrx_word' id='word_1_447' title='bbox 1105 3110 1339 3151; x_wconf 78' lang='lat' dir='ltr'>adibatur.</span> <span class='ocrx_word' id='word_1_448' title='bbox 1420 3108 1520 3151; x_wconf 89' lang='lat' dir='ltr'><strong>MS.</strong></span> <span class='ocrx_word' id='word_1_449' title='bbox 1545 3108 1698 3152; x_wconf 87' lang='lat' dir='ltr'>Guelf.</span> <span class='ocrx_word' id='word_1_450' title='bbox 1734 3127 1757 3153; x_wconf 90' lang='lat' dir='ltr'>a</span> <span class='ocrx_word' id='word_1_451' title='bbox 1790 3111 1940 3167; x_wconf 70' lang='lat' dir='ltr'>prima</span> 
     </span>
     <span class='ocr_line' id='line_1_91' title="bbox 1049 3164 1934 3224; baseline 0.001 -16"><span class='ocrx_word' id='word_1_452' title='bbox 1049 3182 1185 3208; x_wconf 86' lang='lat' dir='ltr'>manu</span> <span class='ocrx_word' id='word_1_453' title='bbox 1222 3166 1501 3215; x_wconf 63' lang='lat' dir='ltr'>adhibatum</span> <span class='ocrx_word' id='word_1_454' title='bbox 1548 3164 1594 3208; x_wconf 89' lang='lat' dir='ltr'>in</span> <span class='ocrx_word' id='word_1_455' title='bbox 1624 3167 1823 3224; x_wconf 85' lang='lat' dir='ltr'>margine</span> <span class='ocrx_word' id='word_1_456' title='bbox 1854 3168 1934 3209; x_wconf 83' lang='lat' dir='ltr'>ad·</span> 
     </span>
     <span class='ocr_line' id='line_1_92' title="bbox 1050 3222 1936 3282; baseline 0 -16"><span class='ocrx_word' id='word_1_457' title='bbox 1050 3224 1171 3266; x_wconf 87' lang='lat' dir='ltr'>ditur</span> <span class='ocrx_word' id='word_1_458' title='bbox 1205 3222 1371 3279; x_wconf 78' lang='lat' dir='ltr'>syllaba</span> <span class='ocrx_word' id='word_1_459' title='bbox 1395 3223 1472 3271; x_wconf 75' lang='lat' dir='ltr'>be,</span> <span class='ocrx_word' id='word_1_460' title='bbox 1514 3231 1563 3266; x_wconf 80' lang='lat' dir='ltr'>ut</span> <span class='ocrx_word' id='word_1_461' title='bbox 1592 3222 1708 3282; x_wconf 82' lang='lat' dir='ltr'>legas</span> <span class='ocrx_word' id='word_1_462' title='bbox 1740 3224 1936 3266; x_wconf 76' lang='lat' dir='ltr'>adhibe-</span> 
     </span>
     <span class='ocr_line' id='line_1_93' title="bbox 1050 3279 1935 3338; baseline 0.001 -18"><span class='ocrx_word' id='word_1_463' title='bbox 1050 3282 1212 3330; x_wconf 76' lang='lat' dir='ltr'>batur,</span> <span class='ocrx_word' id='word_1_464' title='bbox 1263 3279 1384 3338; x_wconf 78' lang='lat' dir='ltr'>quod</span> <span class='ocrx_word' id='word_1_465' title='bbox 1429 3287 1570 3337; x_wconf 56' lang='lat' dir='ltr'>exstat</span> <span class='ocrx_word' id='word_1_466' title='bbox 1611 3281 1658 3322; x_wconf 84' lang='lat' dir='ltr'>iu</span> <span class='ocrx_word' id='word_1_467' title='bbox 1701 3280 1772 3324; x_wconf 88' lang='lat' dir='ltr'>ed.</span> <span class='ocrx_word' id='word_1_468' title='bbox 1813 3280 1935 3338; x_wconf 86' lang='lat' dir='ltr'>Spir.</span> 
     </span>
     <span class='ocr_line' id='line_1_94' title="bbox 1052 3336 1937 3398; baseline 0.002 -21"><span class='ocrx_word' id='word_1_469' title='bbox 1052 3337 1191 3398; x_wconf 83' lang='lat' dir='ltr'>Quod</span> <span class='ocrx_word' id='word_1_470' title='bbox 1234 3338 1386 3379; x_wconf 79' lang='lat' dir='ltr'>vitium</span> <span class='ocrx_word' id='word_1_471' title='bbox 1432 3337 1658 3395; x_wconf 73' lang='lat' dir='ltr'>quomodo</span> <span class='ocrx_word' id='word_1_472' title='bbox 1697 3336 1752 3380; x_wconf 91' lang='lat' dir='ltr'>sit</span> <span class='ocrx_word' id='word_1_473' title='bbox 1784 3345 1937 3384; x_wconf 83' lang='lat' dir='ltr'>ortum</span> 
     </span>
    </p>
   </div>
   <div class='ocr_carea' id='block_1_21' title="bbox 1052 3392 1942 3654">
    <p class='ocr_par' dir='ltr' id='par_1_28' title="bbox 1052 3392 1545 3450">
     <span class='ocr_line' id='line_1_95' title="bbox 1052 3392 1545 3450; baseline 0 -13"><span class='ocrx_word' id='word_1_474' title='bbox 1052 3393 1138 3437; x_wconf 79' lang='lat' dir='ltr'>iam</span> <span class='ocrx_word' id='word_1_475' title='bbox 1161 3392 1289 3437; x_wconf 77' lang='lat' dir='ltr'>facile</span> <span class='ocrx_word' id='word_1_476' title='bbox 1314 3394 1545 3450; x_wconf 73' lang='lat' dir='ltr'>intelliges.</span> 
     </span>
    </p>

    <p class='ocr_par' dir='ltr' id='par_1_29' title="bbox 1052 3466 1942 3654">
     <span class='ocr_line' id='line_1_96' title="bbox 1108 3466 1938 3532; baseline 0.004 -15"><span class='ocrx_word' id='word_1_477' title='bbox 1108 3478 1356 3530; x_wconf 69' lang='lat' dir='ltr'>Augustus..</span> <span class='ocrx_word' id='word_1_478' title='bbox 1434 3476 1520 3520; x_wconf 88' lang='lat' dir='ltr'>Ed.</span> <span class='ocrx_word' id='word_1_479' title='bbox 1553 3475 1672 3532; x_wconf 82' lang='lat' dir='ltr'>Spir.</span> <span class='ocrx_word' id='word_1_480' title='bbox 1710 3466 1848 3531; x_wconf 62' lang='lat' dir='ltr'>auga.</span> <span class='ocrx_word' id='word_1_481' title='bbox 1880 3504 1938 3514; x_wconf 92' lang='lat'>—</span> 
     </span>
     <span class='ocr_line' id='line_1_97' title="bbox 1052 3534 1942 3603; baseline 0.002 -28"><span class='ocrx_word' id='word_1_482' title='bbox 1052 3534 1219 3576; x_wconf 77' lang='lat' dir='ltr'>Eadem</span> <span class='ocrx_word' id='word_1_483' title='bbox 1277 3549 1378 3577; x_wconf 82' lang='lat' dir='ltr'>mox</span> <span class='ocrx_word' id='word_1_484' title='bbox 1431 3535 1798 3593; x_wconf 58' lang='lat' dir='ltr'>oppugnantium</span> <span class='ocrx_word' id='word_1_485' title='bbox 1854 3550 1942 3603; x_wconf 64' lang='grc' dir='ltr'>ρῳ,</span> 
     </span>
     <span class='ocr_line' id='line_1_98' title="bbox 1057 3599 1391 3654; baseline 0 -20"><span class='ocrx_word' id='word_1_486' title='bbox 1057 3599 1391 3654; x_wconf 65' lang='lat' dir='ltr'>oppugnatum.</span> 
     </span>
    </p>
   </div>
  </div>
 </body>
</html>
