2138 4030
195 205 244 242 A:
256 206 309 241 n.
327 205 411 239 82³.

193 249 246 286 Λ.
263 249 310 299 e.
352 250 413 285 τυ.

664 209 715 267 L
731 209 756 266 Ι
774 209 842 270 Β.
883 206 991 269 ΙΙΙ.
1069 206 1117 266 C
1133 205 1187 266 A
1203 205 1270 268 P.
1304 206 1404 269 43.
1833 215 1959 273 307

106 352 339 409 auctor,
380 336 546 415 quod
563 335 838 394 Paullino
865 336 1053 412 patria
1078 335 1301 393 Forum
1328 333 1466 392 Iulii
1493 347 1549 394 et
1574 332 1765 396 honos
1796 344 1955 416 apud

106 425 534 500 praetorianOS‚
555 420 829 498 'quorum
873 422 1173 497 quondam
1209 420 1487 478 tribunus
1519 421 1727 483 fuerat.
1812 426 1957 502 ipsi-

105 530 220 586 que
266 509 480 584 pagani
523 508 724 563 favore
761 506 1108 581 municipali
1142 516 1200 562 et
1236 506 1469 561 futurae
1517 509 1811 579 potentiae
1857 530 1958 587 spe

106 595 309 651 iuvare
354 603 546 668 partes
593 591 1029 650 adnitebautur.
1128 608 1276 667 quae
1316 590 1421 646 ubi
1459 601 1665 665 paratu
1696 592 1863 651 firma
1901 608 1957 653 et

105 691 271 736 aucta
315 696 551 734 rumore
589 678 747 750 apud
783 670 978 732 varios
1005 673 1460 732 Vitellianorum
1498 675 1726 731 animos
1763 678 1956 737 incre-

102 765 344 831 inruere,
395 761 612 818 Fabius
644 759 866 816 Valens
907 780 1040 816 cum
1082 770 1360 836 quattuor
1398 760 1860 833 speculatoribus
1904 777 1960 823 et

106 849 294 905 tribus
331 847 531 903 amicis
575 845 934 921 totidemque
969 844 1412 900 centurionibus
1442 845 1516 900 ad
1558 864 1736 900 naves
1762 867 1959 921 regre-

106 933 291 988 ditur:
322 930 561 987 Maturo
587 930 906 1006 ceterisque
928 949 1228 985 remanere
1252 940 1307 985 et
1328 929 1393 984 in
1415 929 1594 985 verba
1608 927 1955 1004 Vespasiani

104 1009 264 1089 adigi
301 1016 638 1072 volentibus
670 1015 800 1073 suit.
898 1012 1174 1071 Ceterum
1210 1024 1278 1069 ut
1317 1033 1478 1069 mare
1515 1014 1699 1071 tutius
1723 1013 1962 1078 Valenti

105 1123 282 1178 quam
332 1101 505 1159 litora
559 1111 659 1156 aut
707 1101 912 1167 urbeS,
972 1099 1051 1155 ita
1094 1097 1282 1155 futuri
1325 1098 1632 1171 ambiguus
1673 1110 1729 1157 et
1774 1103 1960 1175 magis

106 1186 485 1262 quid'vitaret
525 1206 701 1260 quam
741 1185 836 1240 cui
871 1185 1075 1240 fideret
1117 1193 1308 1239 certus
1342 1184 1584 1239 adversa
1620 1195 1959 1260 tempestate

107 1266 464 1328 Stoechadas
512 1269 975 1326 Massiliensium
1024 1268 1247 1323 insulas
1296 1269 1578 1327 adfertur.
1688 1269 1771 1325 ibi
1824 1292 1961 1329 eum
2010 1270 2022 1280 Χ

107 1356 316 1412 missae
351 1376 382 1412 a
410 1354 684 1412 Paullino
707 1353 1033 1410 liburnicae
1060 1372 1417 1427 oppressere.

163 1573 421 1627 quondam.
504 1570 586 1613 Ed.
618 1570 737 1628 Spir.
774 1573 993 1626 quodam.

106 1628 281 1672 Dein'de
315 1629 467 1672 eadem
495 1636 672 1683 parata
703 1629 814 1683 (non
836 1636 994 1683 parta,

105 1687 168 1729 uti
194 1686 366 1728 rettulit
393 1686 640 1741 Ernestius)
678 1702 760 1743 pro
789 1693 996 1738 ραι-αἴας

107 1745 206 1786 MS.
254 1742 368 1786 Bud.
417 1751 525 1786 teste
572 1742 790 1785 Rhenano
831 1752 993 1795 parta,

106 1801 224 1842 unde
239 1799 482 1842 Rhenanus
495 1799 682 1842 faciebat
704 1808 862 1851 pacta.
915 1799 992 1840 Er-

106 1858 272 1900 nestius
299 1858 452 1901 docuit
477 1857 652 1914 egregie
684 1857 766 1898 sibi
798 1872 989 1912 respon-

109 1916 212 1956 dere
257 1915 451 1958 invicem
495 1916 676 1967 ptiratu
705 1922 746 1955 et
783 1927 991 1962 rumore,

107 1979 154 2012 ut
169 1973 314 2026 firma
338 1980 380 2014 et
402 1980 559 2013 aucta.
619 1970 850 2014 MS.F101·.
873 1976 990 2026 (test.

107 2028 224 2071 Vict.
256 2046 358 2071 cum
392 2028 478 2071 lac.
514 2026 742 2081 Gronov.)
787 2043 870 2084 pro
915 2029 993 2069 ubi

102 2093 280 2139 paratu
301 2086 429 2129 habet
463 2088 516 2126 ui
534 2093 731 2136 paratu,
763 2085 882 2127 unde
906 2084 992 2128 lac.

105 2143 368 2187 Gronovius
392 2141 563 2184 volebat
590 2141 681 2184 fieri
719 2150 771 2184 ut
798 2150 991 2195 paratu,

107 2216 197 2242 nou
221 2202 301 2243 alia
328 2198 570 2250 sententia,
601 2210 732 2256 quam
759 2215 869 2256 quae
895 2200 991 2241 vul·

105 2258 216 2314 gatis
238 2259 367 2300 inest.

162 2321 474 2371 irim-ebruere.
568 2325 644 2369 Sic
688 2325 788 2369 MS.
836 2325 987 2371 Guelf.

107 2386 207 2430 edd.
237 2383 440 2428 Beroatd.
477 2384 598 2437 (cum
627 2382 694 2427 sil.
721 2383 854 2440 Vict.)
888 2385 989 2429 Alc.

106 2443 247 2487 Rhen.
271 2457 366 2499 sqq.
389 2463 446 2472 -
475 2442 734 2483 increbuere
756 2441 990 2500 edd.Spir.
1012 2479 1019 2485 .

107 2502 209 2544 Put.
241 2500 306 2542 M.
336 2508 376 2541 et
389 2497 444 2540 V.
472 2497 598 2541 Pich.
622 2498 838 2555 Bernegg.
862 2515 960 2556 sqq.

161 2569 538 2621 speculatoribus.
597 2567 674 2617 Sic
702 2567 835 2611 MSS.
865 2569 989 2612 Flor.

107 2631 223 2684 (test.
247 2624 382 2680 Vici.)
415 2624 567 2668 Guetf.
603 2625 705 2670 edd.
728 2625 846 2682 Spir.
871 2626 989 2684 Lips.

105 2703 201 2744 sqq.
223 2708 272 2717 —
321 2684 668 2736 spiculatoribus
689 2683 789 2726 edd.
811 2682 989 2728 Puteol.

106 2760 205 2801 sqq.
236 2742 288 2785 ad
316 2741 529 2798 Lipsium.

163 2825 462 2878 totidemque.
551 2823 628 2868 Sic
666 2822 800 2867 MSS.
834 2823 987 2867 Guelf.

106 2883 225 2925 Harl.
249 2882 374 2922 Bodt.
414 2880 493 2923 les.
531 2882 640 2938 Agr.
675 2881 772 2923 edd.
796 2881 894 2925 Put.
920 2882 987 2925 M..

107 2949 149 2982 et
175 2939 230 2982 V.
253 2938 461 2982 Beroald,
486 2939 606 2992 (cum
627 2938 694 2980 sit.
720 2937 861 2989 Vici.)
889 2939 988 2982 Alc.

108 3006 150 3048 eft
207 2996 320 3037 inter
384 2995 653 3039 recentiores
710 2993 884 3052 Ryekii.
931 3020 989 3030 —

107 3055 301 3096 totidem
351 3051 577 3111 (neglecta
621 3051 807 3108 copula)
853 3053 987 3096 MSS.

107 3111 216 3168 Reg.
251 3108 387 3151 corb.
423 3108 537 3151 Bud.
576 3108 676 3151 edd.
703 3107 818 3165 Spir.
845 3108 988 3154 Rhen.

105 3185 203 3268 ‘32¹2'
220 3163 733 3279 &ioffssssffiii‘ss‘nsss‘ff'ssssss
744 3165 876 3264 hmiit
887 3166 990 3265 eff.

106 3282 270 3324 nestius
325 3278 502 3336 quidem
559 3279 751 3335 prodidit
795 3296 887 3322 rem
927 3282 987 3324 ita

106 3338 253 3381 haberi
279 3337 323 3379 in
351 3336 451 3378 cod.
482 3335 626 3388 Flex-,3
665 3353 806 3395 neque
839 3346 986 3380 tamen

105 3395 283 3439 invenio
317 3409 400 3450 qua
436 3391 713 3436 auctoritate.
774 3393 886 3437 Nan·
919 3403 978 3436 ta-

81 3461 206 3495 'ceut
238 3467 341 3494 cum
373 3449 571 3492 victorio
606 3449 797 3501 Pichena
826 3461 868 3495 et
899 3451 982 3494 lac.

107 3507 375 3556 Gronovius,
404 3506 479 3564 qui
506 3506 595 3550 duo
618 3522 870 3565 quanquam
898 3508 986 3551 edi·

1068 1569 1231 1611 derunt
1256 1570 1472 1620 totidem,
1505 1568 1611 1611 inde
1634 1569 1819 1615 minime
1844 1589 1958 1617 con·-

1066 1626 1265 1684 sequitur
1286 1627 1403 1669 idem
1427 1627 1569 1669 inesse
1591 1626 1716 1670 Flor.
1743 1630 1906 1675 codici.

1126 1685 1333 1726 Maturo.
1395 1683 1470 1727 Sic
1492 1683 1592 1727 MS.
1617 1685 1726 1742 Agr.
1752 1687 1835 1729 edd
1879 1687 1959 1731 Pi-

1069 1740 1196 1783 chen.
1233 1743 1286 1794 (e
1315 1739 1453 1798 Lipsii
1491 1742 1800 1795 correctione)
1845 1745 1959 1788 Ber-

1064 1814 1195 1853 negg.
1220 1813 1317 1853 sqq.
1345 1821 1404 1830 --
1454 1805 1644 1839 mature
1666 1800 1800 1842 ceteri
1825 1803 1959 1848 codd.

1065 1855 1199 1898 MSS.
1224 1862 1266 1895 et
1293 1854 1394 1901 edd.
1418 1862 1528 1899 vett.
1553 1862 1595 1896 et
1619 1855 1680 1897 ita
1706 1857 1886 1914 quidem
1910 1870 1960 1904 ut

1064 1920 1255 1953 mature
1288 1911 1566 1967 coniungant
1590 1927 1694 1955 cum
1720 1914 1856 1958 verbo
1874 1931 1961 1964 ,re-

1063 1971 1288 2022 greditur.
1346 1968 1418 2011 De
1443 1969 1627 2011 Maturo
1658 1969 1716 2013 cf.
1744 1986 1785 2014 c.
1813 1974 1883 2015 42.
1915 1982 1958 2017 et

1063 2027 1105 2074 2,
1141 2027 1207 2069 12.
1296 2024 1367 2068 De
1416 2025 1598 2068 veritate
1658 2031 1958 2079 correctionis

1063 2099 1197 2125 nemo
1232 2082 1418 2126 dubitat.

1121 2140 1377 2181 volentibus
1396 2139 1511 2194 suit.
1570 2139 1646 2184 Sic
1670 2141 1805 2186 MSS.
1829 2144 1958 2191 Flor.

1061 2199 1177 2249 (test.
1201 2196 1339 2252 Viet.)
1370 2195 1508 2239 Corb.
1540 2196 1654 2239 Bud.
1692 2207 1735 2242 et
1769 2210 1957 2245 auctore

1060 2254 1276 2297 Rhenano
1311 2254 1412 2296 edd.
1450 2253 1569 2312 Lips.
1602 2254 1730 2299 Picb.
1766 2256 1955 2303 Gruter.

1062 2327 1158 2368 sqq.
1194 2336 1249 2344 --
1308 2313 1563 2353 volentibus
1614 2313 1812 2356 liberum
1852 2317 1956 2370 suit

1063 2370 1164 2412 edd.
1192 2367 1395 2412 Beroald.
1417 2367 1582 2411 Aleiat.
1655 2369 1780 2414 Idem
1811 2371 1956 2417 inesse

1061 2420 1194 2468 MSS.
1218 2424 1340 2467 Harl.
1364 2424 1496 2467 Bodl.
1517 2426 1603 2468 les.
1627 2433 1814 2470 testatur
1835 2429 1945 2472 Bro-

1061 2483 1212 2525 terius.
1274 2482 1336 2523 At
1356 2482 1403 2524 in
1428 2482 1528 2525 MS.
1550 2482 1700 2527 Guelf.
1725 2485 1826 2528 edd.
1848 2487 1952 2530 Put.

1062 2539 1130 2581 M.
1159 2547 1200 2581 et
1211 2537 1267 2581 V.
1292 2538 1559 2581 vocabulum
1585 2543 1836 2585 volentibus
1857 2559 1951 2586 uon

1063 2603 1265 2653 apparet,
1307 2611 1564 2652 quanquam
1595 2596 1949 2643 Broterius..Pu·

1062 2651 1291 2695 teolanum
1327 2653 1380 2694 ad
1417 2651 1603 2696 eandem
1629 2670 1734 2696 cum
1759 2655 1849 2699 suis
1873 2674 1949 2700 co-

1062 2710 1235 2752 dicibus
1258 2708 1499 2754 formulam
1530 2711 1727 2754 vocavit.
1758 2735 1816 2745 -—
1869 2730 1948 2756 vo-

1060 2768 1256 2809 lentibus
1279 2772 1443 2808 auctor
1453 2767 1550 2819 suit
1573 2765 1705 2812 MSS.
1719 2768 1828 2827 Reg.
1844 2771 1953 2828 Agr.

1061 2824 1133 2866 ed.
1156 2823 1274 2880 Spir.
1308 2831 1350 2865 et
1384 2823 1439 2864 ita
1466 2822 1619 2867 Guetf.
1652 2823 1696 2867 in
1731 2829 1948 2885 margine.

1060 2880 1256 2923 Peccant
1297 2879 1510 2921 nimirum
1549 2879 1650 2923 libri
1680 2898 1739 2933 *ex
1778 2883 1953 2929 inscitia

1062 2953 1243 2995 graecae
1274 2936 1652 2986 constructionis,
1684 2939 1738 2982 de
1799 2958 1854 2985 ua
1887 2944 1950 2985 di·
2010 2936 2011 2939 Ἴ

1062 3003 1185 3037 etum
1219 3002 1283 3036 est
1317 2994 1368 3035 ad
1401 2994 1485 3035 An.
1512 2996 1548 3040 l,
1571 2995 1640 3037 59.
1701 2998 1768 3040 Ad
1808 3015 1835 3041 ο
1871 3017 1949 3043 ex-

1061 3050 1257 3120 emplum
1301 3067 1324 3092 e
1357 3049 1561 3108 Thucyd.
1597 3052 1648 3100 2,
1679 3052 1721 3096 3.
1756 3057 1818 3110 τῷ
1858 3055 1951 3115 γὰρ

1061 3109 1250 3166 πληθ-ερ
1273 3108 1365 3155 τῶν
1395 3109 1665 3152 Πλαταιέων
1692 3109 1745 3153 οὐ
1780 3117 1948 3167 βουλο-·

1058 3168 1183 3223 μένῳ
1205 3168 1262 3219 ἠν
1279 3166 1372 3207 τῶν
1384 3162 1643 3220 Ἀθηναίων
1668 3167 1951 3224 ἀφίσασθαι.

1061 3295 1158 3336 sqq.
1202 3303 1258 3310 —
1328 3223 1586 3322 Stoecagiiie
1609 3225 1712 3325 egil:
1741 3227 1948 3339 g‘g‡?³‡

1060 3336 1315 3379 Steclmdos
1338 3335 1438 3378 MS.
1454 3336 1604 3380 Guetf.
1631 3339 1732 3382 edd.
1751 3341 1848 3383 Put.
1881 3343 1947 3388 Μ,

1060 3402 1102 3435 et
1125 3392 1419 3493 VA'lzgpalds
1433 3398 1557 3448 (cum
1582 3395 1762 3439 silentio
1789 3398 1944 3441 Victo·

1060 3454 1348 3562 mimfercdr.
1406 3504 1640 3552 Ernestius
1664 3509 1833 3554 volebat
1862 3515 1946 3554 de-

1241 3567 1294 3627 U
1333 3569 1372 3625 2

1114 3223 1417 3265 Stoechadas.
