2138 4030
723 188 725 194 .
1162 126 1197 201 d

237 204 360 314 272
802 251 902 311 HI
918 212 1217 311 sfrom
1237 249 1544 314 AJRUM
1779 251 1833 328 2:
1850 250 2005 341 84⁸3

232 382 486 462 proelio,
531 381 658 438 sine·
684 383 958 459 vulnere,
1000 381 1228 438 vinctas
1253 401 1465 439 manus
1498 386 1563 438 et'
1591 393 1756 458 capta
1788 387 2087 459 traderem

234 468 435 525 arma?
500 487 644 544 quas
685 468 843 524 enim
874 486 955 526 ,ex
991 465 1222 522 diverso
1261 466 1560 540 legiones?
1625 483 1838 544 nempe
1885 470 2088 531 victaS.

235 565 292 612 et
329 554 529 610 abesse
566 552 811 610 unicum
842 548 1180 608 Othoniani
1220 552 1504 608 exercitus
1537 552 1750 622 robur,
1791 555 2093 629 pnimanos

232 638 937 716 quartadecumanosque:
1001 655 1148 712 quos
1195 646 1391 691 tamen
1443 637 1652 693 iisdem
1702 637 1822 695 illis
1870 641 2091 717 campis

228 723 493 781 ‘fuderint
531 723 987 797 straverintque,
1029 733 1096 778 ut
1131 732 1488 778 armatorum
1528 721 1723 778 millia·
1758 724 1920 782 velut
1953 744 2092 798 grex

234 809 534 866 venalium
568 807 754 864 exsuli
781 802 1048 863 Antonio
1086 806 1312 861 donum
1340 807 1652 866 darentur.
1742 820 1872 866 octo
1912 809 2094 866 nimi-

234 914 370 951 rum
403 893 660 967 legiones
699 892 878 949 unius
917 891 1114 947 classis
1152 892 1540 948 accessionem
1575 893 1720 953 sore.
1806 894 1867 950 id
1890 893 2091 964 Basso,

228 980 297 1036 'id
342 977 626 1039 Caecinae
689 978 910 1032 visum:
977 987 1290 1052 postquam
1349 978 1586 1046 domoS‚
1651 975 1884 1049 hortOS‚
1952 999 2092 1055 opes

234 1064 492 1145 principi
525 1053 908 1132 abstulerint,
952 1061 1128 1118 etiam
1155 1061 1446 1119 militibus
1477 1063 1807 1140 principem
1842 1065 2089 1125 auferre.

291 1314 488 1354 vinctos.
564 1308 642 1352 Sic
671 1309 808 1352 MSS.
843 1309 967 1352 Flor.
1002 1312 1124 1362 (test.

235 1369 374 1426 Vici.)
419 1367 572 1412 Guelf.
618 1367 724 1411 edd.
758 1365 901 1411 Rhea.
934 1367 975 1421 (e
1008 1368 1124 1411 Bud.

233 1430 360 1485 puto)
403 1426 505 1469 Ald.
542 1442 638 1483 sqq.
675 1449 733 1457 —
797 1426 980 1467 iunctas
1021 1425 1124 1467 MS.

1198 1327 1239 1366 p.
1274 1310 1373 1354 600.
1407 1309 1450 1354 2.
1537 1309 1832 1361 Puteolanus,
1884 1310 2091 1355 Beroald.

1198 1367 1299 1412 Ale.
1347 1376 1567 1425 punctum
1605 1376 1780 1425 ponunt
1826 1376 1925 1426 post
1961 1377 2089 1411 stm-

1198 1427 1470 1480 verintque5
1525 1426 1722 1468 imitatus
1763 1434 1828 1468 est
1862 1424 2091 1469 Gutman-

234 1486 344 1543 Reg.
381 1483 483 1527 edd.
508 1480 625 1541 Spir.
660 1483 761 1526 Put.
797 1482 1002 1526 Beroaid.
1026 1482 1126 1526 Ale.

234 1543 296 1587 cf.
342 1549 441 1585 not.
484 1541 536 1584 ad
572 1540 687 1585 nist.
717 1541 758 1597 2,
791 1540 860 1584 12.
897 1541 979 1582 sub
1019 1556 1124 1584 voc.

236 1603 427 1644 vinctus.

298 1669 569 1714 Othoniant.
628 1668 731 1713 MS.
766 1668 883 1712 Bud.
899 1665 902 1668 ’
919 1667 1128 1711 Germa-

227 1730 353 1773 nici:
384 1727 507 1786 quod
536 1727 694 1770 vitium
726 1727 845 1768 uude
881 1735 1030 1768 ortum
1063 1726 1130 1776 sit,

232 1793 449 1830 monstrat
475 1785 546 1829 ed.
571 1785 712 1842 Spin,
740 1799 851 1841 quae
883 1783 970 1826 fert
986 1784 1127 1839 Otho·

219 1843 423 1890 manici.
494 1841 660 1886 Eadem
695 1840 796 1885 xnox
833 1849 1011 1897 quarta
1044 1845 1126 1883 de-

234 1904 385 1946 cima:
424 1915 637 1957 nosque..

289 1986 402 2028 quos
434 1979 593 2013 tamen
626 1970 792 2012 iisdem
825 1971 917 2013 illis
949 1970 1145 2025 campis,

234 2038 320 2073 etc.
381 2027 457 2072 Sic
481 2029 613 2071 MSS.
642 2029 761 2070 Flor.
785 2028 912 2082 (teste
933 2027 1127 2083 Ryckio)

234 2089 344 2146 Agr.
371 2083 524 2129 Guelf.
554 2085 653 2128 edd.
680 2085 766 2126 Put
805 2085 874 2128 M.
899 2095 940 2129 et
960 2083 1020 2128 V.
1047 2085 1128 2126 Be-

234 2143 380 2188 roald.
406 2145 525 2197 (curn
549 2143 618 2186 sit.
651 2141 789 2195 vict.)
814 2142 912 2185 Ale.
942 2150 983 2184 et
1007 2142 1128 2184 dein·

235 2204 290 2246 de
311 2199 450 2259 Ryek.
480 2198 788 2243 Iac.Gronov.
813 2215 911 2257 sqq.
928 2222 985 2231 -—-
1016 2214 1127 2254 quos

235 2266 398 2303 tamen
434 2259 527 2300 illis
559 2259 704 2300 isdem
739 2272 777 2300 c.
816 2257 884 2300 ed.
917 2256 1037 2314 Spir.
1071 2284 1129 2292 --

233 2331 349 2373 quos
381 2322 480 2357 tum
515 2315 685 2357 iisdem*
706 2317 881 2367 campis
907 2317 1000 2355 illis
1025 2309 1130 2356 MS?

233 2373 352 2418 Bud.
390 2373 494 2417 edd.
531 2371 674 2421 Rhen,
710 2371 813 2414 ΑΜ.
852 2388 956 2415 cum
995 2370 1127 2427 Lipsii

235 2433 396 2489 prima.
457 2430 565 2473 Mox
591 2429 708 2471 idem
737 2429 905 2485 Lipsius
930 2427 1129 2486 reposuit

236 2498 414 2531 tanna.
477 2485 672 2545 Ryckius
699 2486 935 2530 meliorem
966 2486 1127 2530 verbo-

236 2563 338 2588 rum
375 2545 583 2588 ordinem
616 2543 858 2588 revocavit.
930 2545 1049 2587 Inter
1079 2549 1130 2584 uc

235 2613 276 2646 et
308 2611 610 2645 armatorum
642 2601 775 2645 MSS.
811 2599 968 2645 Guelf.
1000 2598 1126 2643 Harl.

232 2659 367 2704 Bodl.
399 2659 486 2704 les.
518 2659 619 2702 edd.
648 2657 753 2702 Put.
780 2659 850 2702 M.
877 2666 918 2701 et
943 2657 998 2701 V.
1024 2658 1129 2701 Ber.

234 2718 334 2765 Ale.
377 2716 520 2760 Rhen.
557 2732 655 2774 sqq.
700 2715 755 2758 ad
791 2716 828 2759 R
865 2714 1015 2759 citium
1055 2714 1129 2757 ad·

235 2778 348 2819 dunt
373 2782 466 2822 tot,
503 2774 626 2831 quod
649 2773 773 2816 abest
791 2790 813 2816 a
849 2773 975 2816 ilSS.
1002 2770 1127 2814 Flor.

237 2835 355 2888 (test.
382 2831 502 2876 Vict.
537 2847 642 2874 cum
670 2829 838 2889 Ryck.)
869 2830 978 2888 Reg.
1004 2828 1123 2872 Bud.

238 2893 347 2946 Agr.
372 2889 474 2933 edd.
498 2887 618 2947 Spir,
645 2886 786 2946 Ryek.
814 2888 900 2932 lac.
922 2891 1125 2930 Gronov.

235 2946 444 2991 Oberlin.
475 2962 576 3004 sqq.
611 2970 666 2979 -
728 2945 906 2988 Ernest.
945 2944 1122 2987 Broter.

234 3005 511 3048 Lunemann.
548 3003 742 3046 retinent
772 3010 863 3053 tot,
929 3001 1019 3043 uod
1054 3008 1124 3041 ta-

232 3078 335 3105 men
362 3059 606 3104 commode
624 3060 764 3104 abest.
830 3059 890 3102 cf.
932 3059 1027 3102 ’lin.
1053 3057 1123 3108 28,

237 3122 306 3163 10.
345 3117 492 3160 Ma'llia
519 3125 774 3169 praeterea
803 3117 1123 3159 remediorum

231 3191 297 3219 ex
326 3190 380 3218 eo
401 3175 603 3216 am'mali
622 3177 1015 3217 demonstrantur
1039 3182 1125 3216 ete.

235 3233 450 3279 Ceterum
481 3231 604 3275 varia
639 3231 1001 3288 interpunctione
1036 3229 1125 3272 edi-

231 3300 354 3335 tores
374 3288 527 3332 locum
550 3297 719 3332 vexant.
762 3289 1007 3346 Sequimur
1029 3301 1123 3329 eam

230 3347 477 3397 rationem,
526 3359 639 3401 quae
682 3353 746 3386 est
785 3346 831 3388 in
866 3346 964 3388 edd.
1003 3343 1123 3401 Spir.

234 3403 439 3449 Rhenan.
476 3401 584 3446 Ald.
617 3414 714 3458 sqq.
754 3410 796 3443 et
835 3418 979 3459 nuper
1003 3400 1123 3444 Bek-

233 3461 344 3505 keri.
418 3458 597 3503 [ronice
632 3458 905 3515 loquuntur,
950 3467 992 3502 et
1022 3474 1120 3516 par·

234 3516 369 3562 ticula
392 3524 443 3560 ut
468 3524 533 3558 est
557 3524 759 3557 nostrum
783 3530 836 3558 so
858 3517 988 3573 dass,
1015 3513 1126 3572 dass

235 3580 352 3619 also.
440 3574 500 3620 cf.
535 3571 927 3627 Ran1s120r11.,Gr.-
962 3578 990 3628 §
1023 3573 1123 3618 192.

1197 1499 1297 1526 nus.
1358 1482 1447 1524 Sed
1474 1490 1524 1524 ut
1554 1483 1661 1526 satis
1697 1490 1923 1542 superque
1956 1500 2088 1526 mon-

1196 1548 1306 1584 strat
1337 1540 1446 1584 haec
1476 1556 1580 1583 cuin
1613 1540 1980 1598 praecedentibus
2007 1557 2091 1585 co-

1199 1598 1398 1641 haerere.
1461 1596 1514 1640 Et
1539 1613 1596 1639 ne
1617 1595 1757 1640 deleta
1783 1596 1964 1655 quidem
1990 1615 2088 1656 par-

1200 1655 1334 1699 ticula
1376 1660 1427 1697 ut
1455 1655 1598 1698 oratio
1622 1653 1781 1699 Tacito
1812 1654 1943 1712 digna
1979 1672 2083 1714 pro-

1202 1713 1283 1757 dit.
1359 1711 1480 1754 Turn
1512 1712 1631 1754 enim
1674 1711 1923 1764 minimam,
1966 1715 2088 1772 quod

1200 1770 1427 1828 sequitur,
1462 1769 1646 1812 debebat
1680 1769 1789 1826 poni
1823 1770 1870 1812 in
1905 1779 2087 1815 antece-

1202 1827 1324 1871 denti
1360 1828 1564 1869 membro
1598 1835 1806 1883 totusque
1840 1826 1968 1870 locus
2001 1828 2089 1872 alio

1201 1885 1340 1928 modo
1378 1882 1594 1927 construi.
1656 1883 1839 1941 ssipont.
1867 1892 1910 1927 et
1933 1883 2092 1931 Obert.

1201 1959 1298 2000 sqq.
1342 1942 1472 1984 verba
1525 1955 1643 1996 quas
1681 1941 1807 1983 enim
1841 1973 1854 1985 .
1878 1971 1889 1984 .
1914 1974 1928 1987 .
1959 1950 2090 1986 stra-

1200 2001 1439 2055 veriutque
1500 1999 1628 2041 uncis
1676 1999 1981 2052 incluserunt,
2042 2008 2092 2044 ut

1199 2058 1429 2114 sequentia
1475 2065 1524 2098 ut
1557 2065 1861 2098 armatorum
1895 2065 1979 2102 etc.
2021 2074 2089 2101 re-

1199 2115 1472 2172 sponderent
1494 2115 1635 2171 priori
1658 2121 1723 2156 ut.
1758 2114 1918 2157 Miror.
1955 2114 2088 2157 Nam·

1200 2189 1285 2229 que
1321 2171 1503 2214 Tacitus
1546 2186 1640 2212 non
1680 2171 1717 2212 is
1757 2169 1865 2213 mihi
1902 2173 2088 2223 videtur,

1202 2229 1272 2273 cui
1317 2239 1404 2270 tam
1449 2228 1604 2270 scabra
1662 2227 1806 2271 oratio
1854 2228 2086 2285 placuerit.

1202 2286 1438 2334 Imitantur
1479 2292 1629 2327 tamen
1667 2285 2007 2330 Strombeckius
2046 2297 2091 2331 et

1201 2341 1485 2386 Rickl‹·fsius.
1550 2342 1710 2385 Herbst
1734 2341 1781 2384 in
1806 2343 2089 2387 Αηίηιαάυυ.

1201 2416 1245 2459 p.
1270 2402 1340 2444 30.
1371 2400 1586 2458 proponit
1622 2399 1753 2443 haec:
1801 2399 1931 2458 Quas
1962 2404 2089 2443 enim

1200 2473 1265 2500 ex
1286 2459 1470 2499 diverso
1491 2458 1696 2511 legiones
1721 2459 1908 2513 (nempe
1939 2459 2089 2501 victas

1201 2545 1214 2558 .
1242 2547 1252 2558 .
1276 2547 1288 2559 .
1327 2515 1718 2570 straverintque)‚
1769 2523 1821 2556 ut
1866 2523 2085 2558 armato-

1198 2586 1310 2614 rum
1337 2603 1347 2616 .
1364 2603 1375 2614 .
1394 2603 1407 2616 .
1433 2574 1702 2615 darentur?
1755 2571 1858 2616 Non
1883 2580 2009 2630 puto-

1254 2643 1411 2684 exsuli
1426 2642 1651 2687 Antonio.
1698 2641 1885 2701 Respice
1907 2639 2086 2687 ad'ffist.

1197 2701 1239 2751 2,
1269 2700 1337 2742 86.
1372 2708 1414 2741 et
1449 2700 1537 2741 An.
1579 2701 1644 2751 14,
1668 2699 1741 2745 40.
1830 2701 1906 2744 Sic
1949 2702 2095 2744 exsut

1198 2760 1376 2801 Seneca
1396 2756 1484 2799 An.
1512 2756 1578 2808 13,
1604 2758 1670 2800 14.

1255 2829 1397 2870 etiam
1439 2827 1660 2869 militibus
1693 2828 1952 2885 principem
1991 2845 2084 2873 au-

1181 2885 1337 2941 ferre.
1437 2884 1513 2927 Sic
1557 2885 1690 2930 MSS.
1741 2895 1782 2930 et
1827 2885 1929 2931 edd.
1976 2895 2082 2930 vett.

1195 2957 1369 2986 omnes.
1435 2942 1617 2985 variant
1638 2951 1787 2987 tamen
1813 2942 1937 2987 in'eo
1963 2945 2085 3000 quod

1195 3008 1295 3058 post
1347 2997 1539 3055 auferre
1593 3001 1858 3061 plerumque
1915 3012 2085 3059 puncto

1194 3057 1341 3114 posito
1387 3057 1558 3099 addunt
1599 3073 1758 3101 vocem
1807 3073 1832 3101 a
1878 3065 2087 3102 contextu

1195 3114 1402 3157 alienam.
1495 3114 1624 3158 MSS.
1662 3116 1782 3159 Flor.
1817 3116 1933 3170 (test.
1966 3114 2084 3159 Vict.

1196 3187 1299 3214 cuin
1335 3170 1488 3228 Pich.)
1527 3171 1637 3230 Reg.
1674 3171 1811 3217 Corb.
1851 3172 1966 3216 Bud.
2010 3173 2082 3216 ed.

1195 3229 1225 3271 S
1261 3229 1314 3271 ir.
1340 3230 1545 3282 auferre.
1588 3231 1667 3271 lite
1687 3231 1892 3284 integros
1909 3239 1997 3275 etc.
2016 3229 2085 3286 (in

1195 3286 1230 3328 F
1250 3301 1315 3327 or.
1348 3294 1445 3329 test.
1483 3284 1607 3329 Pich.
1676 3297 1861 3331 unctum
1892 3286 1955 3330 est
1985 3296 2086 3344 post

1194 3343 1364 3397 litem).
1447 3342 1592 3387 Codd.
1680 3344 1765 3388 SS.
1794 3343 1944 3387 Guelf.
1980 3342 2084 3387 alii·
2135 3352 2138 3354 ’

1196 3415 1308 3457 que,
1353 3399 1450 3443 edd.
1474 3400 1576 3444 Put.
1613 3400 1682 3445 M.
1713 3408 1756 3443 et
1787 3397 1844 3444 V.
1877 3400 2084 3444 Beroald.

1194 3458 1404 3511 auferre.
1432 3457 1557 3499 Licet
1582 3461 1790 3512 integros
1817 3466 1906 3504 etc.
1965 3457 2082 3501 Edd-

1194 3514 1294 3558 Alc.
1318 3514 1462 3557 Rhen.
1485 3529 1583 3571 sqq.
1612 3522 1832 3572 punctum
1854 3521 1955 3558 ante
1977 3516 2086 3558 licet

1194 3579 1369 3614 mutant
1409 3581 1635 3615 commate
1672 3580 1716 3614 et
1748 3579 1967 3631 punctum
2006 3589 2082 3630 po·
