2138 4030
172 210 225 247 A.
244 210 296 247 U.
307 209 393 245 824.

170 253 289 291 Μ,
336 252 394 289 ⁷1.
570 212 742 274 ΜΒ.
782 211 914 277 Ιν,
968 163 1172 269 *CA-P.
1208 207 1308 272 85.
1347 210 1447 273 86.
1791 216 1934 277 ‚431

250 338 553 402 LXXXV.
663 341 746 398 At
796 338 1174 408 Domitianus
1225 335 1685 418 Mucianusque,
1771 361 1938 408 ante.

23 475 36 491 .
63 421 262 507 'quarn
286 424 542 503 Alpibus
581 425 1076 501 propinquare-nt,
1117 442 1427 499 prosperos
1460 446 1659 484 rerum
1687 429 1752 486 in
1782 430 1933 490 Tre‘-

83 514 238 572 veris
276 524 573 587 gestarum¹
607 511 850 567 nuntios
896 529 1186 584 accepere.
1296 511 1608 585 praecipua
1653 515 1934 575 victoriae

83 600 227 656 fides
261 600 379 655 dux
418 594 679 653 hostium
706 594 1086 664 ValentinUS‚
1130 614 1502 671 nequaquam
1540 598 1764 657 abiecto
1800 604 1930 659 ani-

55 705 210 754 ·mo‚
278 702 425 761 quos
471 681 710 757 spiritus
764 681 1054 754 gessisset,
1120 680 1292 736 vultu
1335 681 1575 738 ferebat.
1698 688 1932 745 auditus

84 772 216 827 ideo
247 765 509 843 tantum,
563 777 630 822 ut
667 777 1007 822 nosceretur
1044 765 1349 838 ingenium
1392 765 1544 837 eim,
1593 767 1936 830 damnatus-

84 873 198 932 que
251 855 407 910 inter
439 853 650 928 ipsum
707 851 1061 926 supplicium
1110 850 1488 925 exprobranti
1544 852 1781 911 cuidam
1827 878 1935 932 pa..

81 941 257 998 triam
292 939 415 995 eius
444 949 702 1012 captam,
743 936 1002 1011 accipere
1044 955 1103 991 se
1139 935 1412 992 solatium
1451 938 1660 995 mortis
1690 951 1936 1015 respon-‘

83 1026 187 1084 dit.
289 1022 406 1081 Sed
443 1021 790 1090 Mucianu3‚
834 1022 994 1097 quod
1032 1021 1137 1077 diu
1174 1021 1590 1091 occultaverat,
1631 1035 1698 1080 ut
1737 1046 1938 1084 recens

80 1102 463 1185 exprompsit:
547 1108 830 1184 quoniam
880 1106 1241 1179 benignitate
1289 1107 1467 1162 deum
1511 1108 1726 1166 fractae
1781 1112 1936 1169 vires

82 1192 340 1252 hostium
390 1195 617 1262 forent,
687 1212 898 1267 parum
949 1193 1157 1247 decore
1199 1188 1609 1249 Domitianum
1670 1196 1934 1263 confecto

84 1300 266 1355 prope
315 1280 472 1336 bello
528 1278 753 1333 alienae
798 1276 1018 1349 gloriae
1066 1275 1556 1337 interventurum.
1669 1279 1718 1334 si
1755 1293 1935 1340 status

83 1364 319 1440 imperii
373 1375 475 1420 aut
516 1363 670 1419 salus
713 1359 1049 1418 Galliarum
1095 1360 1160 1415 in
1205 1361 1547 1418 discrimine
1595 1376 1937 1438 verteretur,

84 1450 353 1507 debuisse
385 1446 692 1505 Caesarem
724 1446 789 1500 in
825 1446 949 1502 acie
988 1457 1165 1501 stare:
1210 1443 1624 1503 Canninefates
1650 1447 1939 1509 Batavos-

83 1554 196 1611 que
232 1533 562 1589 minoribus
596 1531 844 1588 ducibus
885 1531 1258 1604 delegandos,
1343 1531 1467 1606 ipse
1497 1529 1779 1606 Lugduni
1815 1537 1939 1594 vim
2004 1587 2018 1596 ,

81 1621 498 1694 fortunamque
527 1617 893 1693 principatus
930 1636 959 1672 e
995 1615 1267 1690 proximo
1304 1627 1620 1675 ostentaret
1656 1638 1763 1677 nec
1799 1641 1938 1698 par-

84 1704 172 1759 vis
197 1703 475 1779 periculis
498 1703 799 1759 immixtus
828 1713 884 1758 et
909 1701 1235 1757 maioribus
1270 1721 1396 1757 non
1421 1703 1748 1761 defuturus

250 1812 585 1873 LXXXVI.
660 1784 1174 1885 intelligebantur
1229 1823 1405 1869 artes:
1486 1814 1587 1869 sed
1636 1834 1778 1894 {pars
1829 1811 1939 1873 ob-

85 1901 273 1978 sequii
338 1901 403 1956 in
468 1920 565 1970 e0‚
647 1919 722 1955 ne
792 1899 1313 1973 deprenderentur.
1438 1897 1519 1955 ita
1573 1897 1938 1973 Lugdunum

1047 2150 1202 2197 Guelf.
1237 2150 1362 2196 Harl.
1395 2152 1524 2196 Bodl.
1559 2153 1642 2197 Ies.
1674 2153 1789 2214 Reg.
1817 2155 1934 2202 Bud.

1045 2212 1154 2269 Agr.
1191 2209 1292 2253 edd.
1322 2209 1440 2266 Spir.
1478 2209 1619 2256 Rhen.
1640 2229 1659 2254 s
1695 2229 1741 2270 q.
1773 2236 1827 2246 —
1885 2215 1937 2258 in
1968 2223 1970 2226 ⁴

1044 2269 1296 2311 discrimen
1317 2277 1579 2310 verteretur
1608 2228 1708 2314 edil.
1737 2269 1837 2315 Put.
1865 2272 1934 2317 Μ.

1045 2334 1088 2368 et
1106 2324 1164 2368 V.
1186 2325 1395 2368 Beroald.
1424 2326 1544 2380 (cum
1569 2325 1635 2368 sil.
1662 2326 1804 2388 Vict.)
1828 2328 1934 2374 Ale.

1045 2381 1232 2425 Pichen.
1255 2382 1371 2439 Lips.
1398 2382 1565 2438 (1607.)
1587 2383 1811 2443 Bernegg.
1838 2401 1935 2445 sqq.

1046 2439 1101 2482 ad
1131 2438 1404 2482 Ernestium.
1485 2440 1598 2482 Nam
1631 2440 1803 2485 disertis
1833 2459 1936 2488 ver·
1978 2456 1980 2458 ’

142 2156 254 2201 ΟΑΡ.
287 2156 359 2199 85.
444 2155 638 2209 Alpibus
684 2155 973 2211 propinqua-

82 2221 210 2258 rent.
297 2211 401 2256 MS.
443 2211 595 2256 Guelf.
630 2213 976 2269 propinquaret

83 2269 264 2328 (omissa
294 2270 497 2322 lineola).
566 2270 668 2313 MS.
706 2269 845 2314 Corb.
882 2285 974 2325 ap-

79 2331 478 2384 propinquarent,
529 2325 602 2369 vul
637 2327 698 2369 ari
744 2336 975 2384 permuta·

82 2387 222 2433 tione.
301 2384 362 2429 cf.
395 2394 490 2428 not.
518 2383 572 2428 ad
650 2384 722 2430 ist.
755 2383 798 2435 4,
824 2383 895 2427 33.
931 2393 976 2427 et

143 2499 448 2550 Valentinus,
479 2513 778 2554 nequaquam
800 2498 974 2541 abiecto

85 2559 259 2601 animo.
343 2555 427 2599 Ed.
480 2557 600 2614 Spir.
651 2555 832 2597 obiecta
891 2571 974 2614 pro

85 2617 277 2658 abiecto.
364 2613 619 2671 Bipontini:
677 2614 973 2655 Valentinus.

83 2672 137 2715 Is
169 2686 465 2728 nequaquam
490 2680 599 2720 etc„
640 2670 790 2713 inutili
824 2685 975 2713 emen-

87 2729 283 2773 datione.

145 2788 330 2829 auditus
362 2787 483 2830 ideo.
542 2785 643 2829 MS.
668 2783 807 2828 Corb.
835 2785 973 2826 audi-

87 2851 164 2887 tus
186 2844 340 2898 igitur.

141 2902 426 2956 supplicium.
512 2899 616 2944 MS.
659 2899 809 2944 Guelf.
855 2901 973 2943 iudi-

90 2974 229 3002 czum.

147 3031 452 3085 exprompsit.
509 3027 592 3072 Ed.
623 3028 740 3086 Spir.
777 3042 976 3083 expres-

90 3089 164 3129 sit.

147 3159 266 3200 vires
303 3159 516 3201 hostium.
603 3156 708 3201 MS.
741 3155 895 3200 Guelf.
933 3163 978 3199 et

91 3214 159 3258 ed.
181 3214 297 3272 Spir.
318 3216 518 3259 hostium
544 3216 678 3258 vires.

148 3292 234 3328 aut
295 3289 423 3329 salus
484 3285 771 3329 Galliarum.
872 3285 976 3329 MS.

93 3341 245 3387 Guelf.
276 3351 361 3386 aut
385 3351 542 3386 status
569 3343 859 3394 Galliarum,
898 3358 975 3386 re-

93 3401 230 3458 petito
257 3402 413 3444 eodem
439 3401 679 3446 vocabulo.

151 3472 199 3513 in
245 3464 506 3515 disc'rimine
546 3453 827 3516 verteretur:
902 3469 979 3515 Sic

94 3525 231 3571 MSS.
270 3529 389 3571 Flor.
426 3534 555 3583 (teste
591 3530 678 3573 Iac.
715 3528 975 3583 Gronovio)

178 3594 388 3645 ΤΑοιτυ
400 3616 420 3644 s
457 3593 551 3644 III.

1045 2495 1114 2539 bis
1155 2495 1351 2539 Piehena
1400 2505 1580 2541 testatus
1632 2507 1696 2540 est
1742 2498 1802 2542 ita
1847 2498 1935 2560 legi

1043 2553 1093 2596 in
1127 2551 1252 2595 libris
1284 2554 1527 2597 veteribus.
1603 2553 1832 2599 Ernestius
1863 2575 1935 2602 re·-

1047 2611 1169 2654 duxit
1232 2613 1279 2651 in
1343 2612 1621 2655 discrimine.
1724 2612 1934 2666 Cont'ieio

1045 2667 1409 2711 terminationem
1434 2669 1638 2712 vocabuli
1661 2668 1707 2712 in
1730 2670 1934 2718 Florem.

1047 2741 1140 2769 esse
1166 2741 1245 2783 per
1273 2726 1593 2783 compendium
1621 2727 1857 2785 scriptum.

1103 2803 1382 2863 ostentaseq.
1443 2795 1520 2839 Sic
1542 2797 1644 2840 edd.
1671 2798 1812 2866 Rben.
1830 2800 1937 2846 Ald.

1046 2868 1450 2977 2232220‘2‘2‘331'335
1468 2856 1938 2961 G2¹2¹121¹ffi¹35¹55051

1046 2970 1130 3014 les.
1153 2970 1256 3013 edd.
1271 2968 1501 3027 Sp1r.Put.
1515 2970 1580 3012 M.
1602 2978 1645 3013 et
1658 2970 1711 3015 V.
1730 2974 1934 3018 Beroald-

1047 3030 1170 3085 (cum
1193 3028 1340 3072 silent.
1369 3025 1506 3082 Vict.)
1529 3025 1630 3082 Alc.

1104 3114 1187 3141 nec
1202 3100 1377 3152 paruis.
1435 3096 1518 3142 Ed.
1535 3098 1654 3156 Spir.
1673 3115 1733 3142 ne
1749 3104 1931 3156 parvis.

1048 3185 1105 3193 --
1135 3155 1244 3198 Mox
1266 3156 1419 3198 eadem
1446 3155 1613 3199 omittit
1645 3158 1853 3217 copulam
1888 3167 1934 3202 et

1049 3222 1151 3256 ante
1170 3213 1444 3273 maioribus.
1847 3238 1851 3255 »

1107 3281 1218 3330 Cn.
1244 3283 1312 3326 86.
1369 3282 1768 3339 Intelligebantur.
1829 3287 1885 3330 M
1922 3319 1935 3331 .

1047 3340 1176 3386 Flor.
1209 3348 1316 3384 teste
1355 3339 1554 3385 victorio
1596 3345 1936 3397 intellegeban—

1049 3408 1184 3508 {1:⁷15
1214 3398 1271 3442 cf.
1304 3406 1398 3441 not.
1431 3399 1486 3442 ad
1521 3400 1610 3444 An.
1644 3401 1683 3449 1,
1709 3402 1777 3444 11.
1806 3400 1934 3453 242.

1106 3533 1234 3569 artes
1257 3534 1342 3570 etc.
1413 3525 1498 3569 Ed.
1521 3525 1638 3584 Spir,
1666 3542 1820 3571 orces.-
1855 3533 1938 3573 sed

1310 3584 1424 3644 Hh
