2138 4030
386 0 398 25 ³
460 20 500 58 s*

249 152 308 221 Α.
323 182 471 225 (Lam.

249 226 369 264 Aac,
410 226 468 259 71.

666 186 716 244 L
734 185 844 248 IB.
878 184 984 248 lv.

159 439 198 474 5,
211 400 529 459 Flaccum”

1046 183 1268 248 -G-AP.
1301 189 1400 250 77.
1439 190 1539 251 78.

159 338 345 394 prope
381 317 806 376 circumventas
841 316 1068 392 aquilas
1108 314 1287 382 videt.

569 399 766 476 inquit
801 421 973 470 „non
1009 398 1297 457 Voculam
1330 402 1614 459 deseritis·

1775 140 1778 142 ,
1899 192 2018 273 42³1

1394 318 1668 384 incensus
1710 320 1798 376 ira
1843 290 2042 390 „nom

1711 404 1877 461 nulla
1915 402 2012 475 hic

159 487 498 562 „proditio‚
541 504 733 560 neque
777 485 939 541 aliud
976 487 1371 543 excusandum
1408 483 1596 542 habeo
1635 509 1812 564 quam
1850 479 2009 567 quod

155 592 307 644 „vos
337 570 555 628 Gallici
589 570 844 626 foederis
881 570 1098 627 oblitos
1133 570 1378 634 rediisse
1413 571 1476 625 in
1514 575 1860 630 memoriam
1882 573 2011 633 Ro-

157 656 368 728 „mani
406 655 754 711 sacramenti
791 666 1009 711 temere
1049 655 1293 714 credidi.

1360 689 1367 703 ·
1390 651 1852 714 Adnumerabor
1880 659 2008 717 Nu—

154 741 471 814 „misiiset
495 737 846 808 HerenniiS‚
884 751 951 796 ut
984 760 1188 795 omnes
1215 741 1390 814 legati
1418 741 1597 796 vestri
1625 753 1725 798 aut
1750 745 2005 802 militum

152 826 475 898 „manibus
500 836 600 880 aut
627 820 886 880 hostium
914 825 1246 884 ceciderint.

457 910 552 966 vel
598 911 758 985 quod
801 910 1046 985 propius
1101 921 1214 975 est,

154 997 423 1068 „lictum
436 1015 469 1051 a
494 995 706 1050 vobis
690 1015 755 1048 1n
785 994 907 1050 acie
939 996 1164 1054 ducem.

153 912 393 983 ‚‚sian0‚

1320 823 1452 894 Ite,
1495 827 1763 882 nuntiate
1785 827 2007 904 Vespa-

1290 908 1471 968 Civili
1515 922 1572 967 et
1609 908 1868 987 Classico
1911 935 2005 970 re—

1251 995 1492 1052 venient
1526 995 1812 1075 legioneS‚
1856 1019 2003 1073 quae

149 1101 387 1158 „neque
413 1100 506 1134 me
534 1079 790 1135 inultum
815 1092 1005 1155 neque
1032 1099 1134 1136 vos
1164 1079 1487 1154 impunitos
1513 1081 1859 1156 patiantur.'’

321 1162 659 1222 LXXVIII.

151 1252 355 1308 eadem
391 1250 827 1322 ingerebantur.

746 1163 902 1220 Vera
932 1176 1097 1221 erant
1133 1176 1190 1219 et
1221 1186 1253 1220 a
1294 1165 1552 1222 tribunis
1588 1167 2004 1244 praefectisque

914 1246 1261 1305 Consistunt
1287 1269 1393 1325 per
1421 1247 1687 1307 cohortes
1722 1262 1779 1308 et
1809 1253 2003 1308 mani-

148 1337 347 1412 pulos:
403 1354 596 1411 neque
634 1334 793 1389 enim
829 1344 1056 1408 poterat
1093 1345 1385 1409 patescere
1418 1336 1568 1392 acies
1608 1336 1791 1392 effuso
1818 1332 2001 1395 hoste

149 1433 208 1478 et
253 1419 712 1495 impedientibus
753 1418 1024 1476 tentoriis
1059 1419 1446 1495 sarcinisque,

145 1507 274 1562 lum
295 1515 670 1580 pugnaretur.

1512 1441 1646 1476 cum
1683 1422 1836 1478 intra
1875 1423 2002 1478 val-

757 1503 951 1559 Tutor
976 1515 1030 1560 et
1052 1501 1341 1560 Classicus
1367 1516 1424 1561 et
1443 1503 1652 1562 Civilis
1683 1507 1802 1562 suis
1836 1507 1999 1583 quis-

147 1611 261 1667 que
296 1591 440 1646 locis
469 1608 729 1663 pugnam
771 1588 1034 1658 ciebant,
1080 1587 1288 1666 Gallos
1330 1610 1438 1665 pro
1479 1591 1779 1660 libertate,
1821 1588 1999 1648 Bata-

145 1695 251 1732 vos
292 1695 399 1750 pro
438 1673 654 1747 gloria,
701 1670 1030 1729 Germanos
1066 1675 1139 1729 ad
1176 1675 1455 1749 praedam
1498 1675 1859 1749 instigantes,
1919 1689 2024 1752 pet,

148 1771 352 1816 cuncta
405 1780 513 1834 pro
559 1754 830 1814 hostibus
868 1771 1067 1826 erant,

1131 1761 1318 1815 donec
1355 1761 1506 1833 legio
1541 1762 1999 1818 unaetvicesima

144 1845 470 1920 patentiore
537 1864 714 1920 quam
781 1854 1002 1899 ceterae
1063 1845 1250 1918 spatio
1315 1846 1661 1918 conglobata
1723 1847 2000 1903 sustinuit

144 1942 381 1987 ruentes
395 1976 411 1999 ‚
452 1949 590 1985 mox
617 1929 870 2003 impulit.

958 1949 1073 1985 neo
1092 1929 1219 1985 sine
1256 1950 1366 2004 ope
1394 1931 1597 1986 divina
1631 1932 1871 1989 mutati‘s
1908 1951 2001 1987 re-

200 2192 367 2235 oblitos
406 2190 606 2232 rediisse
659 2190 710 2230 in
755 2190 1038 2231 memoriam
1112 2191 1333 2244 repetisse
1366 2191 1643 2232 memoriam
1666 2189 1725 2231 R.
1757 2202 1795 2232 s.
1829 2197 2003 2231 temere

146 2257 238 2293 etc.
297 2249 360 2291 Ex
381 2246 868 2303 emendationeLipsii,
900 2264 1035 2313 quam

140 2306 192 2348 in
251 2307 403 2350 locum
465 2312 734 2360 receperunt
792 2304 1036 2361 Bipontini,

145 2362 352 2406 Oberlin.
378 2377 551 2418 sqq.—-
602 2360 736 2402 MSS.
752 2361 874 2403 Flor.
908 2366 1034 2412 (teste

141 2420 360 2472 Pichena)
397 2419 509 2476 Reg.
532 2418 669 2463 Corb.
711 2417 813 2460 edd.
841 2417 1029 2460 Pichen.

141 2494 240 2547 sqq.
271 2479 431 2519 oblitos
465 2477 811 2531 praedixerim,
853 2490 1034 2516 memo-

141 2538 266 2578 riam
300 2535 510 2577 Romam
539 2534 832 2575 sacramenti
861 2540 1036 2574 temere

141 2592 335 2635 credidi.
444 2590 612 2632 Eadem
674 2589 829 2632 insunt
896 2589 1031 2631 MSS.

143 2645 1034 2693 Guelf.=Har1.Bodl.1es.Bud.edd.

140 2707 244 2750 Put.
270 2705 474 2748 Beroald.
498 2706 618 2759 (cum
644 2704 711 2745 sil.
744 2704 884 2755 vict.)
919 2719 1036 2761 sqq,

141 2765 226 2807 nisi
274 2763 395 2820 quod
434 2763 463 2804 ii
497 2761 602 2803 libri
640 2777 720 2817 pro
757 2769 935 2802 temere
966 2761 1023 2802 fe-

142 2829 251 2863 runt
273 2828 447 2862 tenere.
515 2818 568 2860 ln
598 2819 666 2860 ed.
689 2818 806 2876 Spir.
842 2834 928 2860 nec
963 2826 1034 2859 te-

143 2893 271 2919 mere
302 2893 386 2920 nec
420 2886 574 2919 tenere
597 2876 665 2931 leg
669 2875 774 2916 itm.
855 2875 893 2916 E
927 2891 1034 2916 sen-

142 2936 280 2978 tentia
323 2933 526 2976 Rhenani
566 2933 642 2975 ed.
681 2932 856 2991 Micylli
903 2932 1034 2974 habet

138 2993 366 3046 praedixi
394 3007 475 3048 pro
498 2992 840 3044 praedsssxerun
929 2990 1033 3031 MS.

142 3049 254 3105 Agr.
270 3051 433 3091 oblitos
449 3049 725 3102 proximam
748 3060 1033 3088 memormm

145 3106 355 3148 Romani
396 3106 680 3149 sacramenti
727 3112 884 3146 tenere
933 3118 1032 3145 cre-

144 3163 258 3205 didi.
343 3162 526 3205 Praeter
555 3161 751 3218 Lipsium
786 3168 827 3202 et
870 3159 943 3202 alii
985 3161 1031 3203 in

146 3219 427 3263 emendando
446 3218 653 3262 hocloco
679 3233 859 3274 operam
875 3232 1033 3275 posue·

144 3285 269 3320 runt.
326 3276 522 3319 Picbena
548 3275 763 3318 coniecit:
795 3277 963 3317 oblicos
990 3285 1032 3318 ee

144 3335 343 3377 retinere
378 3334 657 3375 memoriam
691 3334 752 3375 R.
788 3346 829 3376 s.
859 3339 1032 3375 temere

141 3392 333 3435 credidi,
413 3389 662 3433 Gruterum
712 3391 880 3431 oblitos
917 3405 1034 3444 pro-

144 3449 334 3491 dotasse
372 3448 653 3490 memoriam
686 3447 749 3490 R.
785 3461 825 3489 s.
862 3453 1035 3489 temere

147 3507 331 3549 credidi.
390 3505 426 3547 1.
452 3505 486 3547 F
489 3521 528 3549 r.
548 3504 835 3550 Gronovius:
869 3507 1034 3548 oblitos

1108 2251 1293 2297 credidi.
1375 2249 1468 2293 lac.
1502 2247 1791 2291 Gronovius:
1835 2247 2002 2290 oblitos

1102 2306 1377 2362 praefiscini
1397 2306 1680 2348 memoriam
1701 2305 1758 2347 R.
1782 2319 1819 2347 s.
1847 2306 2001 2346 tenere

1108 2366 1296 2405 credidi.

1983 2410 1991 2426 Ι

1162 2435 1402 2475 Ναηιιζ5Ἷιι5.
1486 2432 1569 2475 Ed
1604 2431 1722 2501 spis·
1758 2435 1997 2475 nwnesn's.

1105 2518 1163 2526 ..-
1193 2492 1301 2532 Mox
1343 2490 1491 2532 eadem
1528 2492 1686 2533 nostri
1721 2506 1803 2549 pro
1843 2494 1998 2541 vestri,

1106 2550 1310 2589 mullum
1339 2563 1421 2605 pro
1448 2549 1663 2591 inultum.

1164 2617 1276 2659 CAP.
1310 2618 1379 2659 78.
1441 2616 1821 2672 impedi'entlbus.
1894 2617 1995 2662 MS.

1107 2673 1260 2717 Guelf.
1286 2675 1639 2728 impedimentis
1665 2700 1722 2707 ⁴—
1761 2676 1870 2721 Mox
1895 2676 1993 2722 edd.

1103 2732 1207 2774 Put.
1236 2731 1304 2774 M.
1332 2740 1373 2773 et
1400 2731 1455 2776 V
1479 2734 1576 2776 Ale.
1601 2741 1702 2776 ante
1729 2733 1884 2776 Civilis
1912 2750 1990 2776 ne—

1105 2789 1277 2847 gligunt
1301 2788 1511 2846 copulam
1535 2800 1595 2834 et.

1162 2860 1278 2912 leglo
1331 2861 1692 2903 unaetmcesima
1729 2844 1996 2916 patentiore

1105 2933 1244 2972 quam
1273 2925 1465 2960 ceterae.
1526 2918 1608 2962 Ed.
1636 2918 1755 2977 Spir.
1785 2922 1902 2973 legio
1932 2935 1996 2962 ec

1100 2976 1257 3027 primo
1305 2978 1567 3048 potentiore
1613 2992 1753 3032 quam
1799 2986 1994 3019 ceterae.

1105 3031 1248 3074 Etiam
1277 3031 1329 3071 M
1333 3031 1379 3073 ’3.
1400 3031 1516 3074 Bud.
1554 3032 1684 3076 habet
1711 3035 1992 3087 potenti-ore

1105 3088 1221 3130 Edd.
1249 3088 1350 3133 Put.
1384 3105 1486 3132 cum
1515 3091 1612 3134 MS.
1638 3089 1794 3135 Guelf.
1827 3109 1989 3134 nume-

1106 3178 1206 3203 rum
1233 3161 1436 3204 exhibent
1469 3177 1546 3219 per
1579 3160 1736 3219 siglas·
1764 3165 1907 3207 XXI.
1933 3189 1990 3199 —-

1103 3218 1347 3262 Edd.A1c.
1379 3218 1578 3264 Rhenan.
1611 3235 1710 3277 sqq.
1747 3222 1990 3268 vicesima-

1101 3276 1278 3330 prima.
1362 3275 1555 3336 Pichena
1588 3277 1781 3320 restituit
1818 3285 1984 3322 unaet-

1103 3334 1320 3375 vicesswna
1345 3351 1368 3376 e
1370 3332 1534 3378 Taciti
1554 3351 1637 3377 usu
1666 3335 1859 3379 dicendi.

1158 3391 1327 3444 spatio.
1422 3391 1500 3435 Sic
1547 3392 1648 3434 MS.
1691 3392 1727 3434 F
1732 3391 1818 3436 lor
1864 3394 1882 3447 (
1894 3401 1990 3437 test

1104 3445 1226 3490 Vict.
1239 3449 1255 3502 )
1287 3447 1386 3492 edd.
1419 3448 1557 3506 Lipsii
1589 3465 1689 3506 sqq.
1718 3473 1773 3480 -
1832 3453 1990 3504 spacio

1106 3504 1206 3548 MS.
1233 3504 1386 3549 Guelf.
1412 3515 1457 3549 et
1479 3506 1582 3550 edd.
1607 3514 1708 3550 ante
1732 3505 1946 3563 Lipsium.
