2138 4030
232 230 358 295 ⁶226

801 175 1505 312 {usronlAauM

1554 162 1579 180 s

1774 224 1825 260 A.
1840 223 1892 260 U.
1911 224 1996 260 823.

1775 265 1894 304 A0C.
1938 269 1998 302 70.

239 368 595 437 spectaretur
629 355 797 434 Syria
838 373 1106 412 remeans
1147 364 1204 410 et
1241 354 1623 414 consiliorum
1664 354 1819 415 inter
1851 355 2087 416 Mucia-

237 464 380 501 num
425 460 493 500 ac
530 452 756 519 patrem
790 440 1053 498 nuntius.

1140 450 1345 496 cuncta
1384 439 1607 514 impetu
1639 440 1899 500 militum
1943 455 2088 514 acta,

234 548 358 586 non
383 538 583 604 parata
609 526 896 584 concione
914 571 931 594 ‚
975 543 1100 580 non
1126 524 1456 599 coniunctis
1480 524 1829 597 legionibus.

400 611 644 671 LXXX.
696 610 857 668 Dum
893 608 1195 686 quaeritur
1236 621 1495 684 temqu
1558 610 1776 681 locUS‚'
1805 613 2093 700 quodque‘

233 701 298 756 in
322 720 384 755 re
408 698 515 757 tali
539 696 956 754 difficillimum
980 705 1094 764 est,
1136 693 1327 769 prima
1353 716 1465 752 vox
1484 740 1500 764 ‚
1543 696 1687 751 dum
1711 696 1911 753 animo
1936 717 2082 774 speS‚

230 785 410 842 timor
421 830 438 854 ,

513 782 697 851 rati0‚
765 788 930 837 casus
942 780 1399 851 aobversantur,
1467 798 1760 852 egressum
1809 782 2082 841 cubiculo

226 868 658 946 Vespasianum
696 866 867 941 pauci
907 865 1124 920 milites
1165 864 1335 921 solito
1376 864 1718 924 adsistentes
1764 867 1974 923 ordine
2016 880 2083 926 ut

227 952 484 1030 legatum
520 951 829 1008 salutaturi
863 951 1278 1025 imperatorem
1314 949 1658 1008 salutavere.

1741 962 1867 1009 tum
1905 953 2084 1009 ceteri

229 1041 572 1107 adcurrere,
613 1034 920 1093 Caesarem
952 1047 1008 1091 et
1032 1031 1396 1107 Augustum,
1447 1046 1502 1091 et
1538 1035 1737 1092 omnia
1778 1036 2081 1117 principa-
2119 1066 2126 1069 f

227 1138 320 1184 tus
374 1122 661 1181 vocabula
713 1121 1030 1177 cumulare.

227 1209 553 1268 transierat.

223 1427 441 1492 particula
466 1426 552 1471 sul.
622 1423 707 1468 Ed.
739 1424 913 1483 Micylli
955 1425 1109 1467 iuras-

220 1497 309 1534 set.
381 1486 449 1527 Eo
504 1486 678 1528 ardore
733 1490 817 1525 etc.
888 1482 996 1525 Mox
1044 1482 1112 1526 ed.

223 1546 343 1604 Spir.
395 1550 447 1585 ut
490 1557 575 1585 nec
615 1540 751 1582 Titus
795 1540 984 1595 quidem
1028 1548 1112 1584 etc.

218 1604 385 1649 Eadem
410 1601 610 1643 militum
630 1600 825 1653 impetu.

275 1679 372 1717 'non
401 1672 580 1723 parata
610 1668 842 1711 concione.
903 1666 978 1709 Sic
1007 1665 1110 1711 MS.

215 1734 328 1791 Agr.
355 1726 799 1786 edd.Ryck.Ernest.
821 1739 918 1781 sqq.
983 1723 1109 1766 Idem

216 1793 340 1850 prius
376 1786 573 1831 Piehena
620 1783 954 1828 coniectaverat
990 1780 1110 1824 etin

218 1846 418 1903 margine
464 1848 690 1902 posuerat.
776 1837 923 1884 Ceteri
971 1838 1106 1882 codd.

213 1905 353 1949 MSS.
386 1910 428 1945 et
461 1900 562 1944 edd.
602 1914 698 1941 non
736 1903 915 1952 parata
955 1897 1106 1951 cogni-

217 1967 353 2006 tione.
403 1957 632 2001 victorius
654 1964 924 2013 postremam
945 1970 1107 1999 vocem

212 2019 384 2063 notavit
411 2014 574 2060 lineola
599 2012 873 2069 subscripta)
912 2011 1038 2068 quasi
1056 2012 1107 2054 ,in

214 2077 314 2120 cod.
329 2076 453 2119 Flor.
479 2087 574 2115 non
597 2079 899 2129 apparentem.
933 2068 1107 2126 Lipsius

211 2135 402 2180 volebat
424 2137 602 2185 paratu
635 2143 690 2170 ac
730 2129 968 2179 concz'one3
1026 2127 1108 2171 Bi-

214 2190 391 2252 pontini
415 2186 734 2232 consensione.

271 2273 385 2318 CAP.
408 2273 476 2316 80.
537 2278 752 2324 tempus,
779 2270 932 2316 locus,
964 2281 990 2323 q

214 2348 301 2390 que
346 2339 431 2375 etc.
511 2327 587 2372 Sic
636 2326 773 2371 MSS.
817 2324 945 2369 Flor.
991 2324 1105 2367 Bud.

213 2389 366 2434 Guelf.
415 2388 458 2443 (a
500 2387 644 2446 prima
693 2383 848 2438 xnanu)
900 2383 969 2426 ed.
1013 2383 1101 2424 lac.

210 2448 355 2492 Gron.
390 2468 446 2489 -.-
485 2451 670 2495 tempus
695 2443 931 2496 Iocusque,
961 2441 1104 2495 quod·

212 2521 298 2563 que
328 2503 432 2548 MS.
455 2501 608 2546 Guetf.
646 2501 686 2554 (a
720 2497 916 2541 secunda
948 2499 1103 2551 manu)

211 2573 254 2607 et
277 2562 351 2606 alii
374 2560 508 2605 c'odd.
534 2557 669 2602 MSS.
691 2564 734 2599 et
754 2554 988 2613 edd.Spir.
1003 2554 1104 2597 Put-

208 2623 311 2664 Ber.
339 2621 460 2674 (cum
482 2617 629 2659 silent.
646 2608 784 2667 Vict.)
809 2627 909 2670 sqq.
935 2612 988 2655 ad
1015 2613 1103 2654 lac.

209 2679 353 2722 Gron.
369 2709 380 2726 ,
405 2683 448 2718 et
471 2683 621 2732 postea
644 2670 858 2730 plerique.
918 2670 1007 2713 Sed
1029 2670 1103 2711 in·

207 2744 381 2793 gratum
413 2749 508 2775 non
534 2738 678 2790 potest
705 2737 918 2770 nonense
941 2727 1102 2784 duplex

207 2790 318 2837 illud
371 2805 490 2846 que,
561 2788 874 2844 originemque
922 2784 1102 2827 videtur

208 2849 387 2895 traxisse
445 2863 468 2890 e
530 2843 699 2902 vulgari
762 2839 1100 2892 consuetudine,

207 2925 292 2965 qua
347 2904 559 2949 scribitur
621 2909 805 2955 tempus
868 2902 1099 2954 locusque.

209 2965 296 3010 Sed
326 2962 414 3005 hoc
447 2976 540 3004 non
571 2958 784 3016 impedit,
825 2971 916 3014 quo
950 2958 1099 2998 minus

207 3023 294 3067 alio
354 3021 456 3062 loco
507 3018 755 3074 asyndeton
803 3013 1097 3114 praesentatum

205 3080 281 3123 ubi
315 3074 528 3132 elegantia
565 3072 744 3115 dicendi
785 3071 899 3115 ilud
938 3071 1099 3127 poscit.

202 3133 479 3180 VVeikertus
513 3130 676 3173 edidit:
730 3138 912 3184 tempus
944 3131 1095 3170 locus-

204 3209 313 3252 que,
362 3193 411 3232 in
453 3201 503 3230 re
534 3196 616 3230 etc.
661 3186 832 3242 (deleto
867 3189 1093 3242 quodque,

201 3253 296 3298 sive
319 3247 567 3291 omiserunt
591 3246 786 3302 operae).

259 3315 580 3376 difficillimum
651 3319 737 3356 est.
839 3311 1090 3357 Oberlinus

196 3387 384 3423 auctore
407 3371 510 3416 cod.
528 3368 644 3412 Eud.
671 3368 839 3415 delevit
861 3378 944 3414 est.
976 3367 1089 3412 Bek-

200 3436 332 3479 kerus
377 3427 570 3473 restituit
602 3426 891 3471 suadentibus
929 3426 1088 3471 ceteris

198 3491 323 3537 libris
346 3485 570 3534 omnibus.
610 3482 713 3526 Vid.
736 3492 835 3528 not.
857 3485 911 3527 ad
928 3483 1102 3528 (ἓειτη.Α

197 3568 236 3596 c.
271 3549 344 3593 25.
390 3541 472 3588 sub
504 3558 576 3587 vv.
614 3539 709 3582 m'sz'
739 3545 861 3596 quod
900 3544 1085 3596 impune

994 2269 1106 2308 uod·

1127 1139 1293 1176 mens
1347 1140 1379 1175 a
1434 1131 1594 1176 metu
1651 1121 1726 1177 ad
1780 1123 2080 1179 fortunam

641 1203 710 1262 In
748 1206 874 1282 ipso
902 1201 1056 1262 nihil
1083 1205 1409 1274 tumidum,
1453 1206 1743 1279 adrogans
1765 1217 1873 1263 aut
1896 1206 1961 1262 in
1986 1227 2079 1264 re—

1185 1430 1271 1466 est.
1334 1422 1442 1466 Mox
1467 1422 1538 1464 ed.
1558 1420 1678 1481 Spir.
1700 1436 1784 1482 pro
1804 1424 1965 1479 prima
1984 1437 2082 1468 vox

1183 1481 1315 1525 habet
1333 1482 1492 1534 prima
1514 1495 1629 1524 nox.
1796 1533 1798 1538 ‚
1914 1496 1918 1500 “

1240 1540 1568 1582 obversantur.
1659 1537 1757 1581 MS.
1803 1537 1955 1582 Guelf.
1994 1539 2077 1581 ob-

1182 1604 1452 1639 servantur.

1241 1654 1540 1711 adsistentes.
1599 1650 1677 1695 Sic
1702 1651 1801 1696 edd.
1825 1652 1950 1697 Pich.
1965 1653 2071 1696 Ber·

1182 1726 1312 1767 negg.
1344 1712 1467 1767 sqq„
1504 1717 1554 1751 ut
1587 1725 1611 1752 e
1645 1710 1745 1753 MS.
1769 1710 1892 1754 Flor.
1960 1711 2075 1755 Nam

1182 1767 1375 1810 Pichena
1421 1766 1662 1825 profitetur
1704 1767 1946 1826 praeivisse
1991 1768 2108 1813 sibi-

1180 1824 1236 1869 ad
1271 1825 1317 1867 id
1349 1823 1684 1868 Florentinum.
1752 1823 1982 1869 Victorius
2010 1833 2079 1870 ta-
2129 1855 2131 1858 .

1179 1899 1282 1925 men
1331 1882 1549 1924 intactum
1606 1880 1788 1939 reliquit
1839 1884 2078 1936 assumunt,

1179 1940 1302 1997 quod
1326 1938 1479 1981 ferunt
1503 1938 1602 1983 edd.
1623 1946 1726 1982 ante
1751 1938 1879 1984 Pich.
1901 1949 1945 1984 et
1973 1941 2075 1986 vnl-

1179 2014 1260 2056 gus
1291 1996 1582 2039 MSStorum.
1641 1995 1730 2040 Sed
1764 1997 1827 2040 nit
1858 1999 2078 2044 emenda-

1178 2057 1299 2097 tione
1325 2053 1545 2096 Pichenae
1570 2053 1720 2098 verius
1742 2063 1823 2099 est.
1860 2079 1918 2088 —
1972 2055 2075 2102 MS.

1183 2113 1294 2169 Agr.
1323 2111 1477 2154 scribit
1500 2120 1544 2154 et
1567 2113 1803 2165 legatum.
1841 2129 1891 2157 ex
1915 2129 2075 2159 emen·
2130 2140 2133 2142 -

1182 2169 1317 2213 dandi
1340 2167 1507 2211 studio.

1238 2226 1513 2269 salutaturi.
1574 2224 1686 2269 Edd.
1721 2226 1839 2286 Spir.
1874 2227 1980 2272 Put.
2013 2228 2074 2277 V.

1180 2300 1285 2328 cum
1311 2282 1411 2327 MS.
1432 2281 1583 2328 Guelf.
1614 2283 1656 2339 (a
1689 2284 1886 2330 secunda
1913 2290 2069 2345 manu)

1177 2341 1393 2385 salutari.
1407 2381 1417 2389 ,,

1232 2402 1512 2441 salutavere.
1569 2397 1646 2442 Sic
1676 2397 1778 2442 edd.
1802 2398 1921 2458 Spir.
1939 2399 2068 2446 Pich.

1175 2454 1397 2519 Bernegg.
1444 2471 1542 2555 sqq.
1602 2483 1660 2490 —
1742 2459 2070 2503 ,salutaverunt

1175 2513 1276 2556 MS.
1302 2512 1453 2556 Guelf.
1478 2528 1500 2554 e
1538 2511 1579 2556 d.
1604 2511 1708 2556 Put.
1734 2513 1836 2557 Ber.
1861 2515 1984 2570 (cum
2007 2517 2068 2561 si·-

1176 2571 1283 2614 lent.
1307 2570 1446 2626 Vici.)
1471 2569 1570 2615 Alc,
1595 2586 1692 2628 sqq.
1719 2570 1772 2614 ad
1798 2571 1920 2616 Pieh.

1234 2642 1367 2670 mens
1417 2644 1449 2669 a
1506 2635 1636 2670 metu
1694 2631 1760 2670 nd
1807 2629 2066 2686 fortunam

1177 2685 1451 2728 transierat.
1496 2684 1765 2739 Quaeritur,
1788 2687 1915 2732 cuius
1937 2706 2065 2734 mens

1172 2760 1196 2786 a
1252 2751 1371 2785 metu
1426 2741 1480 2786 ad
1531 2743 1757 2786 fortunam
1818 2745 2064 2794 transierit.
2120 2780 2122 2782 -

1174 2799 1266 2843 Atii
1332 2802 1561 2843 referunt
1593 2799 1647 2842 ad
1718 2798 2065 2861 Vespasianu'm3

1171 2856 1459 2901 Gutmannus
1511 2857 1566 2900 ad
1617 2854 1797 2902 milites.
1890 2859 2060 2906 Verum

1170 2922 1375 2973 spectant
1409 2913 1518 2958 baec
1552 2914 1604 2957 ad
1641 2916 1899 2973 superiora,
1946 2920 2062 2977 quae

1170 2972 1381 3029 leguntur
1423 2971 1478 3014 ab
1523 2971 1652 3015 initio
1705 2973 1875 3031 capitis.

1168 3029 1441 3086 quaerebant
1473 3037 1648 3088 tempus
1680 3028 1946 3089 locumque,
1985 3037 2060 3079 in-

1167 3085 1394 3144 telligendi
1450 3095 1553 3130 sunt
1603 3085 1735 3130 amici
1786 3087 2058 3148 Vespasiani,

1966 2975 2062 3032 Qui
2108 3007 2110 3011 ν

1167 3159 1363 3200 quorum
1404 3152 1497 3187 erat
1533 3142 1775 3189 transferre
1819 3146 2060 3206 imperium
2131 3167 2133 3171 ’

1164 3201 1218 3243 ad
1252 3199 1590 3259 Vespasianum.

1162 3257 1403 3310 haesitant,
1438 3274 1507 3307 res
1533 3257 1761 3315 inopinata
1782 3260 1965 3321 evenit„
1979 3260 2059 3307 illa

1661 3200 1715 3244 Hi
1759 3201 1869 3246 dum
1911 3199 2060 3258 adhue,
2127 3255 2133 3267 η

1163 3330 1409 3372 paucorum
1441 3311 1635 3358 militum
1667 3315 1889 3370 salutatio.
1949 3317 2086 3377 Qua,
2123 3335 2131 3369 5

1160 3371 1309 3415 audita
1337 3373 1585 3417 adcurrunt
1617 3379 1662 3414 et
1696 3373 1847 3430 omnia
1878 3374 2049 3432 princi·
2121 3386 2127 3430 ῥ’

1158 3435 1287 3527 &atus
1312 3428 1526 3475 vocabula
1558 3430 1603 3473 in
1634 3428 1765 3472 illum
1795 3431 2048 3480 cumulant.
2121 3457 2131 3464 ·

1201 3501 1272 3529 am
1309 3502 1436 3553 meus
1468 3486 1572 3542 ipsis
1595 3502 1634 3530 *a
1661 3494 1786 3531 metu
1818 3487 1874 3531 ad
1897 3488 2044 3534 fortu-

1156 3558 1257 3586 nam
1282 3550 1530 3588 transierat.

2083 3606 2131 3686 4·
