2138 4030
190 283 241 320 A·
260 285 312 321 15.
329 283 415 320 823.

190 327 308 369 m.
353 329 410 364 70,
646 286 842 348 ΜΒ.
877 285 988 348 111.
1073 285 1267 350 cAP.
1308 291 1409 349 72.
1439 362 1452 367 ,ᾗ
1839 294 1964 368 343

102 431 262 490 sent,
303 420 504 482 furore
533 415 870 491 principum
900 418 1179 477 exscindi.
1265 414 1509 476 Arserat
1538 432 1594 477 et
1625 433 1760 478 ante
1783 420 1961 498 Capi—

102 506 315 563 tolium
339 502 499 560 civili
526 501 683 557 hello
702 546 718 569 ‚
761 502 862 556 sed
891 501 1099 558 fraude
1132 501 1385 578 privata:
1430 523 1589 559 nunc
1621 506 1816 579 palam
1850 509 1960 564 ob·-

99 610 349 658 sessum‚
386 588 579 662 palam
606 586 931 645 incensum.
998 588 1234 663 ‚quibus
1257 607 1559 644 armorum
1586 591 1798 661 causiS,
1837 614 1954 669 quo

97 686 292 733 tantae
319 665 510 733 cladis
531 670 719 745 pretio
755 671 955 727 stetit?
1017 693 1125 746 pro
1155 673 1342 747 patria
1374 673 1765 739 bellavimus?
1833 675 1957 734 Vo-

95 771 262 832 verat
308 756 671 836 Tarquinius
718 753 954 812 Priscus
999 777 1100 812 rex
1153 757 1310 813 bello
1355 756 1578 821 Sabino
1631 747 1956 837 ieceratque

97 843 480 902 fundamenta
523 860 623 916 spe
663 840 847 912 magis
882 842 1114 898 futurae
1147 842 1572 915 magnitudinis
1610 863 1788 919 quam
1834 867 1950 921 quo
1984 910 1985 916 ¹

93 930 358 986 modicae
405 921 598 982 adhuc
646 925 854 999 populi
891 923 1153 983 Romani
1203 947 1296 982 res
1338 928 1696 1003 sufficerent.
1813 951 1949 990 mox

93 1014 334 1073 Servius
369 1010 609 1068 Tullius
653 1010 947 1066 sociorum
985 1011 1211 1079 studii),
1270 1012 1410 1067 dein
1434 1011 1489 1069 T
1493 1012 1801 1090 arquinius-
1835 1013 1950 1072 Su..

45 1108 51 1117 “
90 1100 306 1176 petbus
334 1108 499 1174 capta
528 1094 738 1153 Suessa
762 1092 1027 1153 Pometia
1058 1091 1319 1152 hostium
1356 1097 1559 1172 spoliis
1591 1109 1952 1177 exstruxere.

90 1363 232 1393 nanus
257 1325 456 1389 ediderat'
476 1352 653 1387 tenere.
712 1341 888 1400 Lipsius
909 1359 974 1384 ve-

87 1415 224 1449 terem
268 1403 537 1461 scripturam
579 1400 771 1444 restituit
815 1417 838 1443 e
875 1400 989 1448 MS..

91 1464 276 1507 Farnes.

129 1531 300 1587 furore
323 1528 585 1583 principum
619 1527 842 1570 exscindi.
904 1527 978 1571 Sic

85 1588 220 1632 MSS.
252 1587 374 1630 Flor.
406 1590 523 1638 (test.
551 1584 667 1628 Vict.
706 1583 828 1627 Pich.
860 1583 977 1627 Gro-

86 1662 197 1689 nov.
223 1660 301 1702 per
319 1642 565 1694 silentium)
590 1641 709 1684 Harl.
736 1641 867 1684 Bodl.
892 1642 972 1684 les.

87 1703 234 1746 Guelf.
258 1703 298 1756 (a
323 1701 467 1757 prima
501 1700 658 1752 manu)
694 1697 831 1741 Corb.
859 1699 972 1742 Bud.

86 1760 188 1804 edd.
212 1759 311 1801 Put.
338 1759 402 1800 M.
425 1760 467 1799 e't
493 1758 544 1798 V.
566 1756 772 1798 Beroald.
798 1771 895 1813 sqq.
917 1785 976 1792 -

71 1819 243 1875 surore
286 1815 551 1869 principum
600 1813 789 1855 excindi
822 1817 975 1866 potuit

85 1876 158 1918 ed.
194 1873 224 1916 S
260 1873 312 1915 ir.
403 1871 452 1914 ln
480 1870 579 1914 MS.
611 1869 764 1913 Guetf.
794 1885 974 1928 quoque

84 1890 278 1978 seeunga
311 1944 468 1972 manus
506 1930 659 1982 potuit
693 1926 737 1968 in
772 1929 973 1985 margine

85 1988 269 2033 addidit.
345 1985 432 2028 Sed
467 1985 574 2028 haec
608 1985 827 2042 scriptura
861 1984 971 2027 nihil

77 2046 171 2091 sani
208 2045 339 2088 habet
373 2041 702 2100 confunditque
729 2049 867 2084 totam
898 2058 970 2099 pe-

81 2104 279 2146 riodum.
352 2101 401 2143 ln
438 2100 537 2143 MS.
574 2098 727 2142 Guetf.
767 2100 968 2142 vocabu-

78 2163 170 2206 lum
183 2160 327 2215 furor
345 2158 558 2201 scribitur
581 2156 669 2199 sic:
688 2155 834 2210 sarcir
858 2155 903 2200 h.
929 2174 967 2199 e.

64 2218 237 2276 furore
263 2215 451 2270 (litterae
477 2229 559 2257 ror
581 2222 686 2256 sunt
715 2229 740 2254 a
771 2214 967 2256 secunda

17 2319 23 2325 ,
81 2277 254 2328 manu).
317 2272 456 2331 igitur
479 2287 573 2314 non
604 2269 708 2313 satis
735 2279 854 2312 recte
877 2270 965 2312 Er-

77 2333 243 2376 nestius
266 2329 448 2372 tradidit
475 2328 536 2371 ibi
559 2345 582 2370 a
602 2343 690 2370 sec.
718 2343 853 2369 manu
881 2327 965 2385 legi

63 2391 223 2447 furor.
293 2388 503 2430 Ceterum
540 2385 842 2441 interpunctio
875 2384 965 2427 loci

78 2448 124 2490 in
157 2445 258 2489 edd.
291 2444 410 2487 varia
435 2452 514 2488 est.
596 2442 834 2484 Rhenanus
865 2450 966 2498 post

78 2505 178 2546 deis
203 2518 306 2545 cum
329 2501 552 2557 prioribus
576 2498 706 2541 habet
731 2508 964 2555 punctum.

78 2562 186 2604 Post
215 2559 428 2602 exscindi
457 2556 574 2600 iden·
610 2555 783 2613 primus
817 2557 965 2611 posuit

78 2615 442 2674 interrogationis
497 2614 673 2670 signum
700 2612 773 2667 (ἲ).
876 2612 962 2654 Ρη-

75 2681 265 2720 ruerunt
307 2671 471 2724 Aldus,
514 2669 711 2727 Lipsius,
756 2667 965 2717 Pie-hena,

76 2733 312 2777 Gruterus.
383 2729 492 2772 B'on
513 2728 820 2784 Berneggerus
853 2742 963 2784 puu-

74 2799 197 2836 ctum
238 2795 339 2843 post
381 2789 476 2829 dies
513 2794 765 2835 commate,
815 2792 858 2826 et
899 2785 963 2827 si-

77 2862 214 2903 gnum
238 2845 293 2898 (ἲ)
331 2844 413 2886 bac
441 2851 544 2885 nota
569 2842 619 2896 (l)
654 2842 961 2885 commutavit.

77 2905 187 2947 Post
225 2902 387 2944 accidit
428 2901 545 2944 idem
591 2897 835 2942 collocavit
878 2915 959 2941 co-

76 2961 152 3004 lon
181 2960 243 3016 (z).
332 2957 419 2999 Sed
467 2955 708 2999 infinitivus
751 2958 968 2998 exscindi

79 3015 260 3061 minime
293 3025 357 3058 est
392 3014 642 3063 absolutus,
685 3022 735 3055 ut
755 3012 961 3055 Ernestio

77 3074 325 3117 videbatur:
363 3072 523 3129 pendet
551 3069 698 3128 potius
718 3086 740 3111 e
761 3069 961 3127 superio-
994 3104 997 3106 v

77 3131 200 3174 ribus
239 3129 288 3171 id
323 3129 515 3184 jocinus
570 3127 961 3169 luctuosissimum

75 3187 264 3236 accidit,
313 3187 586 3244 poniturque
635 3201 742 3242 prot
790 3191 839 3226 ul
869 3215 881 3226 .
908 3216 919 3228 .
949 3216 960 3227 .

79 3245 451 3288 exscinderetur.

720 3298 803 3341 Ed.
838 3297 959 3356 Spir.

130 3309 312 3343 arserat
345 3307 388 3342 ct
422 3306 531 3341 «mcc
562 3307 648 3342 etc.

74 3373 169 3400 arx
201 3366 303 3410 era<
334 3364 378 3398 et
404 3364 513 3398 (mle
532 3364 618 3399 ete.
678 3356 781 3398 MS.
808 3355 966 3400 Guelf.

78 3414 256 3472 negligit
285 3414 492 3472 copulam
519 3420 577 3454 ct.

444 3482 559 3525 Edd.
587 3483 690 3526 Pul.
727 3482 778 3524 V.
816 3492 856 3525 ct
882 3483 958 3524 Bc-

630 3539 856 3585 Victorius
895 3541 961 3583 al-

133 3488 363 3529 incensum
372 3516 383 3527 .

79 3541 225 3585 roald.
268 3543 537 3584 incensa-um.

82 3609 225 3642 terum
248 3614 270 3642 s
296 3598 468 3642 delevit.

1110 1360 1199 1398 quo
1239 1351 1402 1386 tantae
1438 1345 1583 1387 clodis
1611 1345 1766 1398 pretio
1785 1347 1950 1388 stetit?

1052 1401 1130 1444 Sic
1153 1400 1288 1444 MSS.
1313 1401 1436 1444 Flor.
1469 1404 1582 1457 (test.
1609 1402 1755 1458 Pich.)
1792 1401 1942 1446 Guetf.

1051 1458 1175 1501 Harl.
1215 1458 1344 1502 Rodl.
1388 1458 1470 1501 les.
1512 1460 1646 1501 (Jorh.
1681 1459 1790 1516 Agr.
1840 1460 1941 1503 edd.

1050 1525 1152 1558 ante
1175 1515 1440 1558 Rlienanum
1477 1518 1596 1571 (cuin
1634 1516 1702 1560 sil.
1732 1518 1864 1569 vict.)
1886 1526 1943 1559 'et

1050 1572 1208 1615 deinde
1233 1571 1376 1630 Ryek.
1406 1573 1496 1616 lac.
1521 1573 1732 1616 Gronov.
1755 1591 1856 1632 sqq.
1885 1599 1941 1608 --

1050 1629 1290 1672 Rhenanus
1315 1632 1576 1672 auctoritate
1601 1631 1702 1674 cod.
1722 1631 1834 1674 Bud.
1866 1633 1938 1674 de·

1048 1687 1215 1730 leverat
1251 1690 1399 1737 stetit,
1459 1689 1535 1729 tali
1578 1689 1938 1746 interpunctione

1048 1760 1178 1786 usus=
1244 1744 1419 1801 Quibus
1468 1760 1713 1786 armorum
1773 1747 1940 1796 causis,

1046 1817 1133 1855 quo
1158 1810 1325 1843 tantae:
1353 1804 1498 1843 cladis·
1518 1803 1695 1856 prelio,
1731 1819 1821 1858 pro
1849 1819 1940 1857 pa-

1046 1860 1141 1900 tria
1173 1861 1486 1901 bellavimus?
1561 1860 1731 1917 Lipsius
1773 1857 1940 1905 delevit

1045 1931 1224 1958 comma
1256 1924 1357 1972 post
1383 1917 1557 1970 pretio,
1630 1915 1828 1974 Ryclxius
1861 1933 1938 1960 re-

1043 1971 1187 2016 stituit
1211 1975 1363 2023 stetit,
1394 1973 1558 2015 fatetur
1588 1982 1738 2016 tamen
1765 1989 1936 2017 sescu-

1043 2030 1224 2074 tentiam
1282 2028 1372 2072 loci
1424 2046 1519 2073 non
1571 2031 1789 2087 adsequi,
1852 2032 1935 2074 nisi

1042 2089 1096 2131 ad
1127 2088 1396 2131 medicinam
1431 2096 1712 2138 recurratur,
1787 2089 1933 2131 robat-

1039 2161 1126 2202 que
1183 2145 1489 2188 coniecturam
1549 2146 1580 2188 l.
1621 2146 1696 2187 Fr.
1745 2105 1937 2203 ἔνθου-1

1041 2202 1100 2245 vii
1148 2202 1377 2257 (observ.
1409 2202 1451 2253 3,
1482 2202 1579 2258 17.)
1625 2219 1708 2259 pro
1744 2219 1835 2258 quo
1870 2203 1931 2245 fa-

1041 2259 1196 2302 cientis
1249 2261 1371 2315 quid.
1485 2258 1562 2303 Sic
1605 2270 1647 2302 et
1686 2260 1932 2318 Bipontini.

1039 2316 1232 2360 Pichena
1267 2317 1493 2360 voluerat:
1547 2333 1635 2372 quo
1668 2325 1802 2359 tanta
1831 2322 1929 2359 cla-

1038 2378 1118 2416 des
1159 2375 1309 2427 pretio
1353 2376 1519 2417 stetit?
1593 2374 1930 2417 Freinshemius

1036 2431 1253 2488 probabat
1286 2430 1487 2474 Rhenani
1521 2431 1819 2490 scripturam,
1850 2431 1927 2474 sed

1035 2487 1177 2546 posita
1197 2488 1559 2544 interrogationis
1578 2497 1681 2531 nota
1707 2497 1806 2546 post
1822 2503 1927 2543 prc-

1035 2547 1114 2587 tio.
1185 2545 1246 2588 At
1278 2543 1403 2588 nulla
1445 2547 1572 2603 plane
1613 2545 1929 2588 immutatione

1036 2601 1195 2645 veteris
1227 2602 1476 2659 scripturae
1510 2619 1622 2660 opus
1650 2613 1732 2645 est.
1790 2601 1926 2646 Taci-

1036 2667 1109 2701 tus
1162 2674 1290 2700 more
1337 2675 1417 2701 suo
1462 2659 1552 2701 duo
1602 2668 1830 2702 momenta
1877 2659 1924 2703 in

1035 2732 1172 2759 unam
1187 2715 1538 2759 enuntiationem
1555 2716 1792 2759 contrahit.
1826 2716 1923 2760 Pte·

1035 2773 1135 2815 nius
1162 2772 1431 2830 scripsisset:
1460 2773 1582 2830 quod
1641 2774 1801 2816 retium
1829 2784 1922 2829 tan-

1033 2838 1103 2872 tae
1139 2829 1275 2872 cladis
1309 2827 1420 2878 fuit,
1459 2847 1550 2887 quo
1581 2830 1654 2872 ila
1680 2847 1748 2873 res
1771 2833 1924 2875 stetit?

1033 2911 1091 2919 —
1123 2887 1270 2929 Verba
1297 2901 1387 2941 pro
1416 2889 1578 2940 patria
1617 2889 1925 2932 bellavimus?

1032 2944 1187 2986 serunt
1232 2944 1627 3000 interrogationem
1682 2945 1918 2990 ironicam.

1034 3003 1093 3044 cs.
1122 3010 1214 3044 not.
1244 3001 1298 3044 ad
1319 3001 1406 3044 An.
1429 3003 1470 3053 2,
1495 3003 1563 3044 15.

1077 3071 1416 3126 fundamenta.
1490 3071 1591 3114 MS.
1627 3071 1776 3115 Guelf.
1797 3074 1911 3129 sum

1033 3132 1275 3170 «lumenta.
1309 3151 1367 3159 -
1435 3129 1541 3171 Ron
1578 3130 1648 3175 ed.
1680 3131 1797 3188 Spit'.
1832 3146 1915 3187 pro

1033 3187 1241 3227 modicae
1256 3187 1408 3228 adhuc
1429 3185 1516 3228 fert
1534 3189 1720 3230 modica
1742 3191 1806 3229 ud
1820 3191 1917 3239 hoc,

1034 3251 1076 3284 et
1099 3242 1335 3297 sufficeret
1360 3259 1441 3298 pro
1464 3244 1742 3300 sufficerent.

1089 3315 1192 3354 dein
1209 3311 1504 3367 'l'arqaim‘u3.
1561 3314 1637 3357 Sic
1650 3315 1781 3357 MSS.
1799 3314 1916 3356 Flos.

1034 3376 1152 3421 (test.
1181 3369 1319 3425 Vici.)
1356 3370 1469 3413 Rud.
1504 3394 1556 3403 —
1621 3373 1787 3413 deiude
1817 3371 1912 3413 MS.

1032 3423 1185 3468 Guets.
1209 3426 1311 3469 edd.
1330 3426 1448 3483 Spir.
1477 3428 1574 3472 t’ut.
1600 3445 1695 3484 sqq.
1724 3451 1780 3459 --
1833 3427 1913 3470 Ed.

1033 3483 1151 3538 Spir.
1193 3483 1459 3539 tarquinus,
1509 3493 1548 3527 et
1584 3502 1682 3527 mox
1725 3485 1916 3527 (Jratius

1036 3541 1263 3582 I’uluilus.
1358 3541 1528 3584 Ibidem
1579 3543 1698 3584 ‹tet-st
1745 3549 1914 3595 postca

1034 3608 1134 3656 post
1157 3599 1429 3642 immensae.
1447 3624 1499 3634 -
1544 3600 1632 3642 Pro
1657 3614 1799 3655 quam
1813 3598 1917 3642 MS.
