2138 4030
174 248 403 330 asa-⁸33:
600 250 768 311 LIB.
807 249 883 311 11.
964 246 1157 310 CAP.
1189 252 1288 312 64.
1322 250 1424 312 65.
1815 259 1940 317 207

89 396 232 444 tum.
343 402 452 439 nec
504 380 642 438 ullis
687 391 884 455 postea
932 357 1206 437 fortunae
1241 353 1554 439 inlecebris
1586 396 1686 442 aut
1720 388 1946 445 ambitu

89 468 340 526 civitatis
373 468 436 523 in
474 465 756 540 gaudium
790 465 977 522 evicta
1011 466 1221 522 domus
1256 485 1393 522 suae
1434 477 1664 524 tantum
1702 473 1944 529 adversa

90 566 289 612 sensit.

257 634 443 698 LXV.
527 633 873 709 Digressum
920 654 953 690 a
999 633 1292 708 Lugduno
1331 633 1641 692 Vitellium
1675 636 1762 694 Μ.
1799 639 1943 697 Clu-

87 723 220 782 vius
242 721 437 780 Rufus
462 720 806 798 adsequitur
827 720 1040 775 omissa
1069 717 1390 795 Hispania,
1431 720 1713 778 laetitiam
1734 735 1790 780 et
1811 744 1944 797 gra-

88 808 435 864 tulationem
465 806 635 862 vultu
664 806 887 874 ferens,
929 804 1128 860 animo
1153 804 1360 861 anxius
1386 816 1442 862 et
1468 806 1717 880 petitum
1741 828 1799 863 se
1826 810 1941 864 cri-

87 891 512 949 minationibus
553 909 785 963 gnaruS.
883 887 1150 946 Hilarius
1185 887 1449 946 Caesaris
1482 891 1730 949 libertus
1771 894 1941 950 detu-

86 978 266 1047 lerat,
332 987 615 1052 tanquam
662 975 863 1033 audito
914 974 1143 1030 Vitellii
1185 985 1242 1030 et
1293 970 1556 1031 Othonis
1606 976 1942 1053 principatu

86 1062 388 1137 propriam
424 1060 547 1135 ipse
585 1060 906 1135 potentiam
955 1071 1010 1115 et
1052 1059 1480 1134 possessionem
1516 1058 1939 1137 Hispaniarum

86 1157 360 1203 tentasset
410 1166 595 1222 eoque
642 1145 1063 1220 diplomatibus
1111 1145 1343 1200 nullum
1394 1145 1722 1220 principem
1771 1168 1943 1222 prae-

88 1231 424 1307 scripsisset.
551 1230 1048 1305 interpretabatur
1107 1231 1393 1305 quaedam
1453 1250 1521 1285 ex
1574 1231 1941 1289 orationibus

89 1316 212 1373 eius
237 1315 659 1373 contumeliosa
688 1315 752 1370 in
778 1313 1084 1370 Vitellium
1121 1326 1177 1371 et
1212 1334 1320 1389 pro
1360 1333 1419 1370 se
1456 1315 1582 1389 ipso
1615 1317 1942 1393 popularia.

86 1401 402 1458 auctoritas
436 1397 635 1456 Cluvii
677 1399 1034 1473 praevaluit,
1101 1410 1168 1454 ut
1217 1398 1421 1473 puniri
1455 1400 1611 1456 ultro
1661 1402 1941 1459 libertum

87 1505 259 1542 suum
298 1483 583 1541 Vitellius
643 1484 886 1544 iuberet.
1012 1481 1259 1540 Cluvius
1315 1485 1597 1541 comitatu
1656 1488 1941 1562 principis

85 1571 344 1628 adiectus
397 1589 522 1626 non
578 1569 847 1644 adempta
888 1566 1212 1644 Hispania,
1294 1589 1471 1645 quam
1530 1571 1678 1629 rexit
1731 1573 1940 1628 absens

87 1655 348 1731 exemplo
386 1653 456 1711 L.
491 1651 785 1715 Arruntii.
873 1674 1005 1711 eum
1034 1652 1313 1711 Tiberius
1336 1651 1551 1712 Caesar
1585 1657 1662 1712 ob
1697 1669 1938 1727 metum,

141 1898 298 1939 evicta.
359 1894 435 1938 Sic
462 1894 596 1939 MSS.
622 1897 741 1941 Flor.
778 1898 828 1954 (¹.
854 1896 971 1940 Vict.
1104 1911 1166 1938 ex
1202 1897 1510 1940 orationibus.
1589 1895 1665 1940 Sic
1706 1897 1938 1953 verissime

90 1971 191 1999 cum
216 1952 544 2009 lac.Gronov.)
571 1954 690 1996 Harl.
716 1954 798 1997 les.
819 1954 974 1997 Guelf.
1048 1953 1301 1996 emendavit
1335 1953 1602 2003 Rhenanus,
1658 1964 1700 1998 et
1738 1956 1797 1997 ita
1841 1971 1936 1998 esse

88 2014 128 2066 (a
155 2026 221 2068 pr.
250 2013 402 2065 manu)
418 2011 532 2053 Bud.
558 2019 600 2053 et
623 2011 728 2054 inde
751 2011 974 2054 edd.Rhe·

89 2085 192 2110 nan.
226 2067 330 2111 ΑΜ.
367 2083 464 2125 sqq.
499 2068 552 2111 ad
586 2067 855 2120 Pichenarn,
896 2067 972 2125 qui

87 2125 246 2167 maluit
269 2126 456 2168 reddere
483 2132 660 2184 evectqt,
724 2125 811 2168 uod
839 2133 974 2167 exstat

86 2183 131 2224 in
160 2182 293 2224 MSS.
332 2182 513 2225 Fames.
550 2182 659 2238 Reg.
691 2140 805 2239 (kgr.
842 2182 972 2224 Bodl.

87 2239 235 2282 Guelf.
259 2241 306 2294 (a
328 2255 415 2281 sec.
440 2241 591 2295 manu)
615 2239 848 2297 edd.Spir.
870 2239 973 2282 Pur.

85 2297 154 2340 M.
179 2306 220 2339 et
233 2296 289 2339 V.
310 2295 518 2338 Beroald.
543 2296 642 2339 Alc.
668 2319 726 2329 --
775 2296 971 2355 Ryckius

86 2354 199 2397 falso
223 2352 421 2412 prodidit
447 2363 605 2395 evecto
628 2354 757 2397 etiam
779 2355 825 2397 in
850 2356 971 2398 Flor.

86 2427 192 2454 esse.
206 2439 263 2447 -—
292 2409 532 2453 Pichenam
549 2420 697 2453 tamen
715 2413 854 2455 secuti
870 2418 974 2455 sunt

62 2468 257 2526 .Lipsius
293 2468 338 2509 in
363 2466 433 2510 ed.
462 2476 707 2525 postrema,
750 2468 970 2526 Bernegg.

86 2543 182 2584 sqq.
207 2526 259 2569 ad
288 2526 372 2567 lac.
397 2522 713 2576 Gronovium,
742 2526 815 2582 qui
840 2527 972 2569 resti-

84 2587 167 2626 tuit
196 2587 362 2629 evicta,
393 2589 596 2640 stantque
633 2597 717 2639 pro
749 2582 831 2626 bac
853 2584 968 2626 scri-

84 2651 213 2699 ptura
246 2637 442 2696 exempla
472 2638 563 2681 An.
595 2640 635 2689 4,
658 2640 728 2682 57.
756 2642 972 2694 precibus

86 2699 247 2740 umoris
287 2697 487 2745 euictus;
541 2699 605 2746 11,
635 2696 711 2739 37.
741 2701 974 2751 supremis

83 2757 181 2797 eius
221 2754 567 2796 necessitatibus
606 2757 670 2795 ad
704 2757 971 2797 miseratio-

82 2828 191 2854 nem
226 2812 400 2859 evicta3
442 2810 508 2858 15,
541 2811 611 2854 64.
643 2813 972 2855 blandimentis

84 2872 205 2912 vitae
231 2870 440 2910 evictam.

140 2940 251 2982 CAP.
273 2937 343 2980 65.
395 2953 424 2979 α
446 2937 692 2991 Lugduno.
751 2937 969 2997 Ed.Spir.

83 3013 113 3039 a
141 2995 377 3049 lugdunio.

139 3054 202 3095 M.
216 3053 398 3095 Cluvius
409 3051 577 3106 Rufus.
639 3050 714 3095 Sic
739 3051 967 3094 edd.Rhe·

83 3125 377 3210 ‘'5³33‘'th
388 3109 485 3209 pfii‘
500 3108 968 3208 ‘ii⁰“{¹{⁸vfl'‘1{ss‘501{i{'

83 3225 203 3278 (cum
228 3220 298 3265 sil.
314 3219 451 3277 Vici.)
478 3223 576 3266 Ale.
602 3251 660 3259 -
694 3223 760 3266 M
780 3223 968 3265 Cluuius

81 3281 245 3335 Ruffus
266 3279 335 3320 ed.
355 3277 475 3336 Spir.
556 3279 615 3323 cf.
645 3288 737 3324 nol.
759 3279 814 3322 ad
839 3294 877 3322 c.
894 3280 967 3323 58.

138 3339 553 3390 interpretabatur.
605 3336 832 3379 Ernestius
859 3352 966 3379 con·

80 3394 265 3438 iiciebav
284 3400 329 3435 et
361 3393 755 3447 interpretabatur
788 3393 859 3436 vel
891 3395 965 3435 in-

82 3444 529 3506 terpreta'baturque.
592 3450 736 3499 Bene,
770 3458 818 3492 ut
855 3449 963 3493 mihi

82 3507 278 3551 videtur:
316 3522 415 3549 nam
441 3504 602 3564 copula
626 3522 710 3563 que
732 3506 862 3550 facile
884 3523 962 3564 po-

81 3563 162 3606 tuit
186 3563 413 3606 absorberi
437 3578 462 3605 a
490 3563 709 3607 vocabulo
743 3563 960 3622 proximo.

1048 2009 1284 2068 legendum
1305 2012 1529 2054 Victorius
1549 2012 1594 2053 in
1617 2027 1699 2055 suo
1717 2013 1936 2071 exempla-

1045 2068 1082 2110 ri
1114 2069 1418 2110 adnotaverat.
1479 2067 1594 2111 Edd.
1630 2077 1729 2111 ante
1754 2069 1937 2112 Rhena-

1045 2141 1155 2167 num
1208 2132 1250 2166 et
1295 2124 1432 2168 MSS.
1474 2140 1537 2167 ex
1575 2128 1935 2175 Ιιονίαίίοηίὸιω,

1042 2182 1124 2224 nisi
1152 2181 1272 2238 quod
1295 2181 1338 2224 in
1361 2181 1462 2225 MS.
1487 2182 1610 2226 llari.
1643 2185 1932 2228 emendatum

1044 2248 1106 2282 est
1131 2254 1193 2281 ex
1215 2240 1515 2281 orationibus.

1098 2311 1334 2353 comitatu.
1402 2310 1479 2353 Sic
1511 2310 1610 2353 MS.
1646 2309 1798 2355 Guelf.
1832 2312 1933 2356 edd.

1044 2367 1162 2424 Spir.
1196 2366 1297 2410 Put.
1326 2368 1393 2410 M.
1421 2375 1462 2410 et
1484 2366 1540 2410 V.
1568 2367 1773 2411 Beroald.
1810 2372 1933 2422 (cum

1045 2427 1111 2468 sil.
1128 2422 1265 2480 Viet.)
1287 2423 1388 2467 Alc.
1411 2424 1529 2482 Lips.
1560 2428 1599 2479 (e
1616 2425 1717 2469 MS.
1735 2426 1932 2483 Fames.)

1043 2480 1167 2524 Pieh.
1198 2479 1380 2524 Gruter.
1412 2497 1511 2540 sqq.
1549 2483 1601 2525 ad
1636 2481 1856 2532 Ryckium
1893 2493 1934 2526 et

1044 2538 1132 2582 lac.
1155 2537 1462 2583 Gronovium.
1484 2540 1557 2596 qui
1585 2532 1764 2582 edidere
1783 2544 1930 2582 comi-

1043 2597 1185 2646 tcztm',
1215 2602 1263 2637 ut
1286 2612 1307 2636 e
1331 2596 1431 2638 MS.
1445 2597 1570 2639 Flor.
1634 2595 1933 2641 Consentiunt

1044 2653 1086 2694 in
1112 2652 1355 2694 comitatui
1369 2653 1643 2697 MSS.B0dl.
1658 2652 1794 2697 Corb.
1817 2654 1929 2700 Bud.

1044 2709 1144 2753 edd.
1168 2709 1308 2751 lihen.
1334 2710 1440 2753 Ald.
1465 2710 1644 2766 Micyll.
1667 2711 1788 2753 1557.
1847 2713 1930 2755 Ve-

1043 2783 1142 2809 rum
1179 2765 1344 2808 Nostro
1387 2766 1588 2809 dativum
1633 2767 1759 2810 illum
1808 2769 1928 2813 exhi-

1042 2823 1135 2866 beri
1171 2839 1250 2880 per
1289 2839 1319 2864 ιι
1356 2824 1550 2880 exempla
1598 2825 1778 2868 docent.
1867 2826 1928 2870 cf.

1041 2889 1135 2923 not.
1170 2881 1225 2922 ad
1258 2882 1343 2924 An.
1365 2880 1406 2937 3,
1433 2880 1504 2923 30.
1525 2881 1661 2930 etSss.
1713 2882 1753 2934 6,
1775 2882 1846 2934 23.
1887 2893 1929 2927 et

1041 2938 1159 2981 alibi.

1098 2996 1314 3045 exemplo
1330 2993 1382 3038 L.
1399 2997 1633 3039 Arruntii.
1672 3012 1778 3040 eum
1795 2999 1928 3044 Til-e-
1986 3023 1990 3027 -

1039 3053 1134 3094 rius
1168 3052 1339 3094 Caesar
1376 3059 1459 3095 etc.
1519 3052 1578 3098 Ex
1615 3056 1929 3099 emendatione

1040 3108 1285 3156 Pichenae‚
1339 3125 1474 3166 quam
1508 3127 1608 3153 cum
1646 3111 1742 3169 ipso
1773 3114 1818 3155 in
1855 3116 1925 3156 lo-

1040 3182 1141 3209 cum
1177 3176 1443 3221 receperunt
1471 3165 1687 3226 Bernegg.
1716 3168 1923 3214 Gronov.

1038 3238 1136 3279 sqq.
1196 3221 1308 3265 Nam
1332 3225 1375 3264 in
1396 3223 1527 3266 MSS.
1545 3224 1663 3268 Flor.
1677 3227 1794 3282 (test.
1811 3227 1926 3272 vict.

1037 3296 1141 3324 cum
1166 3278 1378 3336 Pichena)
1399 3279 1507 3338 Reg.
1534 3281 1736 3340 ed.Spir.
1761 3286 1922 3340 legun-

1037 3344 1108 3379 tur
1143 3335 1271 3378 haec:
1309 3342 1526 3390 exemplo
1556 3338 1609 3381 L.
1645 3343 1922 3383 Arruntium

1039 3394 1105 3436 Ti.
1133 3394 1325 3435 Caesar.
1385 3395 1506 3438 Ante
1530 3396 1768 3440 Pichenam
1797 3399 1921 3441 locus

1037 3451 1246 3492 edebatur
1269 3450 1350 3493 ita:
1383 3455 1599 3507 exemplo
1623 3453 1679 3498 L.
1698 3457 1923 3503 Arruntii,

1036 3522 1169 3561 quem
1198 3506 1241 3547 T
1238 3509 1407 3550 iberius
1430 3509 1610 3552 Caesar
1631 3521 1712 3553 etc.
1727 3541 1739 3558 ‚
1772 3512 1834 3554 uti
1859 3511 1920 3553 le-

1034 3564 1152 3620 gitur
1178 3563 1222 3606 in
1244 3564 1381 3610 ἸΜὸὃ.
1394 3565 1514 3610 Harl.
1528 3566 1754 3610 Bodl.1es.
1769 3567 1922 3613 Guelf.
