2138 4030
182 261 407 348 22:⁰⁷²&
586 264 760 333 [ΑΒ.
801 264 908 332 111.
988 263 1184 337 CAP.
1228 263 1329 327 85.
1373 221 1472 328 se.
1830 270 1962 369 φφ
2030 265 2037 273 “

258 393 562 459 LXXXV.
648 389 959 451 Vitellium
1001 395 1227 452 infestis
1263 397 1648 465 mucronibus
1685 410 1949 463 coactum

90 484 269 541 modo
313 483 533 555 erigere
570 499 640 536 os
679 490 735 536 et
775 479 991 536 offerre
1030 480 1432 548 contumeliiS,
1474 501 1634 540 nunc
1678 485 1947 542 cadentes

91 580 307 628 statuas
333 586 495 635 suem,
537 565 886 640 plerumque
914 563 1132 623 Rostra
1166 576 1268 622 aut
1293 560 1521 621 Galbae
1545 568 1720 623 occisi
1749 569 1944 626 locum

90 653 385 711 contueri:
429 662 726 726 postremo
752 650 827 706 ad
853 647 1175 706 Gemonias
1192 696 1209 720 ‚
1243 650 1349 707 ubi
1381 670 1591 725 corpus
1618 650 1810 708 Flavii
1834 653 1944 711 Sa—

89 739 220 795 hini
246 739 532 804 iacuerat,
573 735 905 810 propulere.
991 756 1108 792 una
1136 756 1250 791 vox
1274 755 1397 791 non
1427 737 1728 809 degeneris
1759 739 1942 794 animi

91 834 354 898 excepta,
411 841 546 879 cum
580 820 820 876 tribuno
855 820 1165 876 insultanti
1201 839 1260 876 se
1299 832 1494 883 tamen
1531 821 1941 895 imperatorem

90 909 215 965 eius
234 907 413 969 fuisse
435 904 758 981 respondit.
822 925 888 961 ac
919 905 1133 962 deinde
1160 905 1400 979 ingestis
1426 906 1772 962 vulneribus
1803 927 1944 963 con-

89 993 260 1053 cidit*
326 1004 418 1049 et
467 991 679 1063 vulgus
732 989 935 1046 eadem
986 991 1274 1065 pravitate
1324 990 1733 1066 insectabatur*
1759 992 1943 1048 inter-
1985 1059 1997 1064 .‚

90 1078 338 1146 fectum,
382 1097 498 1152 qua
522 1076 750 1140 foverat
771 1075 1085 1134 viventem.
1843 1081 1847 1085 '

254 1170 590 1230 LXXXVI.
674 1170 874 1228 Patria
902 1172 993 1227 illi
1017 1171 1282 1230 Luceria.
1349 1173 1664 1247 septimum
1687 1184 1743 1230 et
1763 1174 1940 1250 quin—

89 1258 489 1335 quagesimum
527 1257 731 1313 aetatis
766 1277 991 1312 annum
1034 1257 1316 1330 explebat.
1404 1259 1804 1327 consulatum,
1848 1279 1940 1315 sa-

88 1342 376 1412 cerdotia,
416 1361 634 1397 nomen
664 1342 976 1417 locumque
1001 1341 1155 1397 inter
1182 1341 1468 1415 primores
1505 1343 1668 1398 nulla
1705 1363 1805 1399 sua
1845 1343 1941 1398 in-

87 1428 341 1497 dustria,
380 1428 482 1482 sed
516 1437 724 1483 cuncta
761 1426 943 1501 patris
986 1426 1336 1483 claritudine
1374 1429 1635 1502 adeptus.
1717 1428 1941 1502 princi-

84 1525 288 1588 patum
328 1512 382 1568 ei
421 1511 709 1580 detulere,
774 1511 880 1588 qui
927 1511 1121 1586 ipsum
1168 1531 1291 1567 non
1326 1523 1632 1571 noverant.
1744 1513 1938 1569 studia

87 1598 369 1654 exercitus
418 1617 551 1652 raro
608 1597 883 1671 cuiquam
923 1597 1098 1652 bonis
1134 1597 1357 1654 artibus
1395 1598 1654 1673 quaesita
1691 1599 1937 1673 perinde

84 1684 322 1751 adfuere
347 1702 525 1758 quam
556 1677 697 1738 huic
724 1702 832 1756 per
857 1681 1169 1754 ignavia-m.
1255 1682 1448 1739 inerat
1481 1693 1676 1738 tamen
1710 1683 1940 1757 simpli-

86 1768 227 1824 citas
258 1773 330 1823 'ac
371 1767 723 1834 liberalitem,
772 1787 952 1842 quae,
1010 1768 1075 1822 ni
1110 1767 1261 1823 adsit
1299 1769 1510 1823 modus
1523 1813 1540 1839 ‚
1593 1768 1657 1822 in
1698 1768 1969 1833 exitium,

83 1864 411 1910 vertuntur.
495 1851 796 1920 amicitiaS,
840 1852 984 1907 dum
1010 1852 1418 1925 magnitudine
1440 1873 1773 1922 munerum,
1816 1872 1939 1909 non

142 2094 254 2140 CAP.
273 2096 343 2138 85.
393 2104 477 2138 aut
496 2095 690 2139 Galbae.
742 2093 820 2138 Sic
839 2092 970 2137 MSS.

83 2162 128 2197 et
151 2161 317 2196 veteres
346 2152 580 2196 edition-es.
609 2180 666 2188 --
730 2151 970 2194 Rhenanus

81 2207 187 2253 ann.
209 2211 335 2254 1544.
359 2209 546 2253 fortasse
568 2224 818 2267 operarum
842 2208 969 2266 lapsu

81 2268 283 2311 ediderat
317 2276 361 2310 et
395 2267 597 2320 Galbae,
639 2267 762 2325 quod
807 2266 970 2308 mansit

83 2324 628 2445 ἓῗὲἓῗεῗῖῧῗῗῖιὲἒίΐᾰὴ
650 2390 749 2424 aue.

142 2453 241 2480 una
274 2454 384 2482 vox.
452 2437 530 2482 Sic
551 2439 687 2482 MSS.
722 2446 765 2480 et
797 2444 970 2482 veteres

84 2496 300 2539 editiones
335 2504 511 2554 praeter
541 2494 645 2539 cod.
678 2495 819 2546 Bud„
847 2494 970 2536 unde

84 2553 325 2596 Rhenanus
369 2552 506 2596 edidit
549 2568 644 2595 vox
682 2567 801 2603 una,
860 2567 969 2620 quo-

84 2611 222 2653 modo
252 2610 405 2668 legunt
434 2610 489 2653 ad
515 2610 636 2652 hune
655 2610 792 2654 diem.
852 2610 968 2651 bum

84 2668 291 2710 Broterio
322 2668 458 2710 malui
495 2675 694 2711 veterem
727 2666 970 2709 verborum

85 2724 293 2767 ordinem
318 2725 569 2767 restituere.

143 2781 257 2825 CAP.
285 2783 354 2824 86.
432 2782 599 2824 Patria
644 2782 718 2823 illi
756 2780 969 2823 Luceria.

85 2838 148 2881 Ex
169 2839 479 2882 emendatione
498 2837 730 2889 Oberlini,
759 2837 815 2880 ad
836 2853 970 2894 quam

119 2895 310 2938 raeivere
356 2895 566 2938 codicum
597 2895 736 2938 MSS.
771 2895 891 2937 Flor.
929 2903 972 2937 et

127 2951 202 2996 ud.
242 2953 446 3010 vestigia:
493 2952 683 2995 Patrem
721 2954 793 2994 illi
820 2951 971 2994 Luce-

85 3011 224 3052 riam.
293 3009 408 3053 Nam
435 3008 667 3052 Luceriam
706 3007 784 3063 (ef.
808 3008 968 3051 Strabo

85 3066 137 3117 6,
204 3097 216 3108 .
238 3067 338 3110 284.
400 3066 518 3109 Plin.
542 3065 583 3116 8,
608 3066 677 3108 16.
738 3064 832 3108 Liv.
862 3066 903 3116 9,
925 3067 972 3110 2.

86 3130 131 3165 et
159 3082 249 3176 fl.)
293 3122 426 3166 fuisse
459 3123 743 3166 scribendam
784 3124 972 3179 patriam

86 3178 254 3223 Vitellii
288 3181 419 3223 etiam
451 3179 568 3237 apud
592 3180 715 3223 Suet.
741 3178 834 3221 Vit.
868 3195 910 3222 c.
936 3182 973 3223 l.

88 3236 290 3280 dubitare
320 3236 502 3302 nequit,
531 3253 789 3294 quanquam
811 3236 971 3279 Baum·

88 3293 464 3349 garten-Crustus
497 3293 704 3337 Oberlini
743 3292 969 3336 coniectu-

88 3365 182 3448 Ran:
226 3350 566 3450 negleximggch.
614 3349 969 3450 CelllfilgSGengr.

135 3412 405 3451 n.t.⁶.›.
518 3431 622 3450 .—
735 3425 967 3451 ...e.

90 3465 228 3507 Corb.
257 3464 326 3507 ed.
376 3463 480 3522 'pin
509 3472 696 3518 patrem
737 3464 807 3506 ini
825 3425 971 3507 Luc}-

90 3522 224 3563 rt'um.
257 3523 502 3575 septimum
525 3530 612 3564 etc.
672 3520 974 3565 MSS.Guelf.

93 3575 214 3620 Harl.
242 3576 371 3621 Bodl.
398 3578 483 3622 les.
514 3579 614 3623 edd.
644 3578 747 3622 Put.
770 3578 836 3622 M.
860 3587 901 3622 et
921 3579 973 3622 V.

687 2324 733 2367 ls
771 2340 796 2366 e
835 2323 969 2366 MSS.
1000 2324 1008 2330 ⁴

1044 2095 1255 2139 Beroald.
1278 2096 1376 2139 Ale.
1392 2105 1532 2151 puter
1552 2098 1622 2139 illi
1643 2096 1698 2138 L.
1720 2097 1934 2139 Vitellius

1042 2153 1176 2207 (nam
1195 2157 1450 2204 septimum
1471 2186 1480 2195 .
1496 2185 1509 2198 .
1527 2186 1537 2196 .
1560 2155 1795 2208 explebat)
1816 2169 1932 2197 con—

1040 2213 1248 2252 sulatum.
1271 2218 1378 2262 etc„
1409 2228 1520 2270 quae
1545 2211 1748 2255 Victorio
1769 2211 1933 2257 intacta

1043 2278 1318 2311 manserunt.
1376 2270 1487 2311 Edd.
1511 2268 1650 2314 Rhen.
1674 2285 1772 2326 sqq.
1796 2277 1937 2322 pater

1040 2325 1116 2366 'illi
1147 2324 1201 2367 L.
1247 2327 1480 2370 Vitellius.
1550 2325 1811 2381 Septimum
1847 2333 1930 2375 ete.

1043 2384 1277 2425 Accedunt
1310 2383 1514 2426 virorum
1549 2384 1793 2426 doctorum
1818 2398 1932 2425 con-

1040 2440 1260 2482 iecturae:
1314 2440 1538 2483 Rhenani:
1589 2448 1726 2495 pater
1767 2440 1839 2483 illi
1871 2439 1930 2482 L.

1041 2498 1265 2544 Nucer-in,
1316 2497 1407 2540 vel:
1461 2498 1517 2541 L.
1547 2500 1750 2541 Nuceria
1783 2512 1867 2554 pro
1899 2512 1931 2541 ο

1040 2555 1258 2596 Nuceria.
1298 2554 1408 2598 Iam
1429 2555 1677 2607 septimum
1699 2564 1784 2597 etc.
1803 2586 1815 2605 ‚
1841 2553 1930 2596 velt

1037 2619 1228 2665 patrem
1255 2612 1325 2653 illi
1339 2614 1544 2655 Nuceria
1575 2611 1819 2665 (intellecto
1847 2615 1929 2652 de-

1042 2668 1143 2722 dit).
1208 2666 1418 2711 Gruteri:
1449 2670 1614 2723 patria
1638 2669 1930 2711 illiNuceria.

1042 2726 1308 2779 Septimum
1362 2735 1449 2770 etc.
1550 2725 1747 2768 Piehena
1804 2740 1931 2774 nam,

1042 2783 1166 2840 quod
1197 2791 1364 2826 veteres
1397 2781 1499 2826 libri
1532 2781 1712 2829 ferunt,
1755 2781 1933 2829 volebat

1041 2839 1203 2882 mutari
1239 2838 1288 2881 in
1323 2843 1435 2883 iam.
1521 2839 1774 2895 Bipontini:
1818 2854 1927 2893 per·

1041 2905 1149 2939 actu
1171 2896 1242 2938 illi
1262 2898 1358 2938 luce
1380 2900 1477 2938 iam
1497 2898 1740 2950 sepu'mum
1764 2903 1849 2940 etc.

1098 2967 1269 2995 nomen
1290 2956 1543 3009 locumque.
1600 2953 1676 2997 Sic,
1699 2954 1796 2996 edd.
1814 2953 1929 3009 Spir.

1042 3009 1252 3053 Beroald.
1293 3011 1415 3063 (curn
1442 3010 1511 3053 sil.
1540 3009 1674 3066 vict.)
1703 3011 1805 3054 Ale.
1828 3026 1927 3067 sqq.

1043 3092 1099 3100 —
1121 3082 1384 3122 nomenque
1405 3068 1478 3122 (ne
1512 3066 1622 3110 lecta
1643 3067 1778 3111 altera
1801 3071 1927 3119 voce)

1043 3124 1148 3168 MS.
1175 3123 1325 3166 Guelf.
1360 3123 1458 3168 edd.
1528 3132 1592 3167 ut.
1624 3123 1692 3169 M.
1724 3134 1767 3168 et
1790 3123 1842 3167 V.
1874 3152 1930 3160 --

1043 3181 1151 3223 Mox
1178 3181 1276 3223 MS.
1303 3180 1453 3224 Guelf.
1477 3183 1624 3224 mulla
1681 3198 1732 3224 ro
1750 3184 1898 3225 nulla.

1102 3246 1266 3280 cuncta
1294 3239 1464 3293 patris.
1521 3238 1606 3282 Ed.
1665 3240 1745 3297 pir.
1773 3240 1927 3294 putris

1043 3302 1226 3337 cuncta.

1101 3352 1144 3393 ei
1161 3355 1383 3395 detulere.
1442 3354 1518 3397 Sic
1537 3353 1638 3397 edd.
1657 3354 1797 3396 Rhen.
1821 3352 1925 3395 Ald.

1043 3424 1138 3508 {2¹:¹2
1166 3425 1297 3510 fis}
1301 3411 1436 3510 “²132'ss
1457 3410 1838 3510 ι’ἔζίἒῗενῗαῖἷυέ
1851 3417 1928 3506 ’ἔῖ

1045 3523 1148 3565 Put.
1172 3522 1239 3566 M.
1261 3499 1305 3567 ei
1320 3523 1376 3568 V.
1396 3500 1603 3570 Beroald.
1624 3481 1926 3579 '<0u„,'⁵;1{'„.{

1047 3578 1188 3636 Vici.)
1214 3580 1378 3626 Alciat.
