<?xml version="1.0" encoding="UTF-8"?>
<!DOCTYPE html PUBLIC "-//W3C//DTD XHTML 1.0 Transitional//EN"
    "http://www.w3.org/TR/xhtml1/DTD/xhtml1-transitional.dtd">
<html xmlns="http://www.w3.org/1999/xhtml" xml:lang="en" lang="en">
 <head>
  <title>
</title>
<meta http-equiv="Content-Type" content="text/html;charset=utf-8" />
  <meta name='ocr-system' content='tesseract 3.04.00' />
  <meta name='ocr-capabilities' content='ocr_page ocr_carea ocr_par ocr_line ocrx_word'/>
</head>
<body>
  <div class='ocr_page' id='page_1' title='image "./operarecensuitet03taciuoft_0241.png"; bbox 0 0 2138 4030; ppageno 0'>
   <div class='ocr_carea' id='block_1_1' title="bbox 181 232 402 315">
    <p class='ocr_par' dir='ltr' id='par_1_1' title="bbox 181 232 402 315">
     <span class='ocr_line' id='line_1_1' title="bbox 181 232 401 272; baseline 0 -1"><span class='ocrx_word' id='word_1_1' title='bbox 181 238 234 272; x_wconf 75' lang='lat' dir='ltr'>A.</span> <span class='ocrx_word' id='word_1_2' title='bbox 246 232 300 271; x_wconf 83' lang='lat' dir='ltr'>U.</span> <span class='ocrx_word' id='word_1_3' title='bbox 317 233 401 271; x_wconf 74' lang='lat'>82³.</span> 
     </span>
     <span class='ocr_line' id='line_1_2' title="bbox 182 279 402 315; baseline -0.005 0"><span class='ocrx_word' id='word_1_4' title='bbox 182 279 297 315; x_wconf 81' lang='lat' dir='ltr'>A..C.</span> <span class='ocrx_word' id='word_1_5' title='bbox 343 279 402 314; x_wconf 83' lang='lat'>70.</span> 
     </span>
    </p>
   </div>
   <div class='ocr_carea' id='block_1_2' title="bbox 602 201 1971 327">
    <p class='ocr_par' dir='ltr' id='par_1_2' title="bbox 602 201 1971 327">
     <span class='ocr_line' id='line_1_3' title="bbox 602 201 1971 327; baseline 0 -31"><span class='ocrx_word' id='word_1_6' title='bbox 602 201 791 298; x_wconf 65' lang='grc' dir='ltr'>[ΑΒ]</span> <span class='ocrx_word' id='word_1_7' title='bbox 806 235 882 299; x_wconf 88' lang='lat'>11.</span> <span class='ocrx_word' id='word_1_8' title='bbox 958 233 1152 298; x_wconf 86' lang='lat' dir='ltr'>CAP.</span> <span class='ocrx_word' id='word_1_9' title='bbox 1195 236 1293 296; x_wconf 82' lang='lat'>83.</span> <span class='ocrx_word' id='word_1_10' title='bbox 1331 223 1439 295; x_wconf 70' lang='lat'>84:</span> <span class='ocrx_word' id='word_1_11' title='bbox 1821 239 1971 327; x_wconf 46' lang='grc' dir='ltr'>περ</span> 
     </span>
    </p>
   </div>
   <div class='ocr_carea' id='block_1_3' title="bbox 68 352 1949 525">
    <p class='ocr_par' dir='ltr' id='par_1_3' title="bbox 68 352 1949 525">
     <span class='ocr_line' id='line_1_4' title="bbox 68 352 1949 444; baseline -0.003 -16"><span class='ocrx_word' id='word_1_12' title='bbox 68 363 71 366; x_wconf 47' lang='grc'><em>’</em></span> <span class='ocrx_word' id='word_1_13' title='bbox 95 370 211 429; x_wconf 91' lang='lat' dir='ltr'>sibi</span> <span class='ocrx_word' id='word_1_14' title='bbox 234 367 624 427; x_wconf 86' lang='lat' dir='ltr'>Brundisium</span> <span class='ocrx_word' id='word_1_15' title='bbox 647 365 1092 442; x_wconf 81' lang='lat' dir='ltr'><strong>Tarentumque</strong></span> <span class='ocrx_word' id='word_1_16' title='bbox 1119 375 1175 421; x_wconf 94' lang='lat' dir='ltr'>et</span> <span class='ocrx_word' id='word_1_17' title='bbox 1195 352 1493 421; x_wconf 81' lang='lat' dir='ltr'>Lucaniae</span> <span class='ocrx_word' id='word_1_18' title='bbox 1515 359 1794 422; x_wconf 80' lang='lat' dir='ltr'>Calabria</span> <span class='ocrx_word' id='word_1_19' title='bbox 1804 386 1949 444; x_wconf 86' lang='lat' dir='ltr'><strong>eque</strong></span> 
     </span>
     <span class='ocr_line' id='line_1_5' title="bbox 93 451 1244 525; baseline -0.008 -12"><span class='ocrx_word' id='word_1_20' title='bbox 93 456 270 513; x_wconf 90' lang='lat' dir='ltr'>litora</span> <span class='ocrx_word' id='word_1_21' title='bbox 293 454 518 510; x_wconf 89' lang='lat' dir='ltr'>infestis</span> <span class='ocrx_word' id='word_1_22' title='bbox 544 451 823 513; x_wconf 87' lang='lat' dir='ltr'>classibus</span> <span class='ocrx_word' id='word_1_23' title='bbox 848 461 1203 525; x_wconf 85' lang='lat' dir='ltr'>peterentur.</span> <span class='ocrx_word' id='word_1_24' title='bbox 1224 504 1244 511; x_wconf 16' lang='lat' dir='ltr'>s*</span> 
     </span>
    </p>
   </div>
   <div class='ocr_carea' id='block_1_4' title="bbox 26 545 1944 1566">
    <p class='ocr_par' dir='ltr' id='par_1_4' title="bbox 26 545 1944 1566">
     <span class='ocr_line' id='line_1_6' title="bbox 261 545 1943 628; baseline 0.001 -22"><span class='ocrx_word' id='word_1_25' title='bbox 261 545 595 607; x_wconf 87' lang='lat' dir='ltr'><strong>LXXXIV.</strong></span> <span class='ocrx_word' id='word_1_26' title='bbox 640 546 828 620; x_wconf 85' lang='lat' dir='ltr'>Igitur</span> <span class='ocrx_word' id='word_1_27' title='bbox 852 548 1128 616; x_wconf 85' lang='lat' dir='ltr'>navium,</span> <span class='ocrx_word' id='word_1_28' title='bbox 1171 545 1460 622; x_wconf 81' lang='lat' dir='ltr'>militum,</span> <span class='ocrx_word' id='word_1_29' title='bbox 1503 574 1804 617; x_wconf 79' lang='lat' dir='ltr'>armorum</span> <span class='ocrx_word' id='word_1_30' title='bbox 1838 573 1943 628; x_wconf 89' lang='lat' dir='ltr'>pa-</span> 
     </span>
     <span class='ocr_line' id='line_1_7' title="bbox 92 628 1944 717; baseline 0.001 -25"><span class='ocrx_word' id='word_1_31' title='bbox 92 647 224 692; x_wconf 89' lang='lat' dir='ltr'>ratu</span> <span class='ocrx_word' id='word_1_32' title='bbox 281 645 535 709; x_wconf 83' lang='lat' dir='ltr'><strong>strepere</strong></span> <span class='ocrx_word' id='word_1_33' title='bbox 589 632 946 707; x_wconf 86' lang='lat' dir='ltr'>provinciae.</span> <span class='ocrx_word' id='word_1_34' title='bbox 1045 631 1163 690; x_wconf 89' lang='lat' dir='ltr'>Sed</span> <span class='ocrx_word' id='word_1_35' title='bbox 1217 628 1370 689; x_wconf 86' lang='lat' dir='ltr'>nihil</span> <span class='ocrx_word' id='word_1_36' title='bbox 1427 658 1610 717; x_wconf 87' lang='lat' dir='ltr'>aeque</span> <span class='ocrx_word' id='word_1_37' title='bbox 1665 639 1944 712; x_wconf 83' lang='lat' dir='ltr'>fatigabat</span> 
     </span>
     <span class='ocr_line' id='line_1_8' title="bbox 91 717 1939 797; baseline 0.004 -23"><span class='ocrx_word' id='word_1_38' title='bbox 91 740 270 797; x_wconf 89' lang='lat' dir='ltr'>quam</span> <span class='ocrx_word' id='word_1_39' title='bbox 296 717 682 797; x_wconf 85' lang='lat' dir='ltr'>pecuniarum</span> <span class='ocrx_word' id='word_1_40' title='bbox 715 717 1099 794; x_wconf 82' lang='lat' dir='ltr'>conquisitio:</span> <span class='ocrx_word' id='word_1_41' title='bbox 1145 738 1243 773; x_wconf 89' lang='lat' dir='ltr'>eos</span> <span class='ocrx_word' id='word_1_42' title='bbox 1271 737 1390 776; x_wconf 88' lang='lat' dir='ltr'>esse</span> <span class='ocrx_word' id='word_1_43' title='bbox 1417 723 1560 781; x_wconf 85' lang='lat' dir='ltr'>belli</span> <span class='ocrx_word' id='word_1_44' title='bbox 1586 725 1775 780; x_wconf 87' lang='lat' dir='ltr'>civilis</span> <span class='ocrx_word' id='word_1_45' title='bbox 1801 744 1939 781; x_wconf 90' lang='lat' dir='ltr'>ner-</span> 
     </span>
     <span class='ocr_line' id='line_1_9' title="bbox 89 801 1938 883; baseline -0.003 -21"><span class='ocrx_word' id='word_1_46' title='bbox 89 825 194 862; x_wconf 87' lang='lat' dir='ltr'>vos</span> <span class='ocrx_word' id='word_1_47' title='bbox 218 804 490 861; x_wconf 87' lang='lat' dir='ltr'>dictitans</span> <span class='ocrx_word' id='word_1_48' title='bbox 513 801 831 859; x_wconf 87' lang='lat' dir='ltr'>Mucianus</span> <span class='ocrx_word' id='word_1_49' title='bbox 855 823 978 857; x_wconf 92' lang='lat' dir='ltr'>non</span> <span class='ocrx_word' id='word_1_50' title='bbox 1009 803 1100 858; x_wconf 90' lang='lat' dir='ltr'>ius</span> <span class='ocrx_word' id='word_1_51' title='bbox 1131 813 1232 860; x_wconf 88' lang='lat' dir='ltr'>aut</span> <span class='ocrx_word' id='word_1_52' title='bbox 1256 823 1463 863; x_wconf 89' lang='lat' dir='ltr'>verum</span> <span class='ocrx_word' id='word_1_53' title='bbox 1489 810 1553 866; x_wconf 87' lang='lat' dir='ltr'>in</span> <span class='ocrx_word' id='word_1_54' title='bbox 1583 808 1938 883; x_wconf 64' lang='lat' dir='ltr'>cognitioni-</span> 
     </span>
     <span class='ocr_line' id='line_1_10' title="bbox 90 888 1939 970; baseline 0.002 -24"><span class='ocrx_word' id='word_1_55' title='bbox 90 891 230 958; x_wconf 88' lang='lat' dir='ltr'>bus,</span> <span class='ocrx_word' id='word_1_56' title='bbox 273 890 372 944; x_wconf 91' lang='lat' dir='ltr'>sed</span> <span class='ocrx_word' id='word_1_57' title='bbox 401 889 585 944; x_wconf 85' lang='lat' dir='ltr'>solam</span> <span class='ocrx_word' id='word_1_58' title='bbox 609 888 1079 960; x_wconf 85' lang='lat' dir='ltr'>magnitudinem</span> <span class='ocrx_word' id='word_1_59' title='bbox 1106 909 1286 962; x_wconf 86' lang='lat' dir='ltr'>opum</span> <span class='ocrx_word' id='word_1_60' title='bbox 1324 896 1636 965; x_wconf 82' lang='lat' dir='ltr'>spectabat.</span> <span class='ocrx_word' id='word_1_61' title='bbox 1726 895 1939 970; x_wconf 88' lang='lat' dir='ltr'>passim</span> 
     </span>
     <span class='ocr_line' id='line_1_11' title="bbox 50 972 1940 1054; baseline -0.002 -26"><span class='ocrx_word' id='word_1_62' title='bbox 50 1023 56 1028; x_wconf 92' lang='lat'>.</span> <span class='ocrx_word' id='word_1_63' title='bbox 90 974 442 1042; x_wconf 82' lang='lat' dir='ltr'>delationeS‚</span> <span class='ocrx_word' id='word_1_64' title='bbox 489 984 545 1029; x_wconf 90' lang='lat' dir='ltr'>et</span> <span class='ocrx_word' id='word_1_65' title='bbox 576 972 1069 1047; x_wconf 88' lang='lat' dir='ltr'>locupletissimus</span> <span class='ocrx_word' id='word_1_66' title='bbox 1105 973 1352 1049; x_wconf 90' lang='lat' dir='ltr'>quisque</span> <span class='ocrx_word' id='word_1_67' title='bbox 1388 977 1452 1032; x_wconf 89' lang='lat' dir='ltr'>in</span> <span class='ocrx_word' id='word_1_68' title='bbox 1489 981 1768 1054; x_wconf 73' lang='lat' dir='ltr'>praedam</span> <span class='ocrx_word' id='word_1_69' title='bbox 1809 1000 1940 1035; x_wconf 76' lang='lat' dir='ltr'>cor.</span> 
     </span>
     <span class='ocr_line' id='line_1_12' title="bbox 89 1058 1936 1135; baseline 0.003 -21"><span class='ocrx_word' id='word_1_70' title='bbox 89 1060 258 1135; x_wconf 88' lang='lat' dir='ltr'>repti.</span> <span class='ocrx_word' id='word_1_71' title='bbox 344 1078 492 1135; x_wconf 90' lang='lat' dir='ltr'>quae</span> <span class='ocrx_word' id='word_1_72' title='bbox 539 1058 735 1131; x_wconf 87' lang='lat' dir='ltr'>gravia</span> <span class='ocrx_word' id='word_1_73' title='bbox 776 1069 950 1133; x_wconf 87' lang='lat' dir='ltr'>atque</span> <span class='ocrx_word' id='word_1_74' title='bbox 990 1058 1393 1129; x_wconf 85' lang='lat' dir='ltr'>intoleranda,</span> <span class='ocrx_word' id='word_1_75' title='bbox 1452 1066 1553 1121; x_wconf 90' lang='lat' dir='ltr'>sed</span> <span class='ocrx_word' id='word_1_76' title='bbox 1595 1063 1936 1121; x_wconf 85' lang='lat' dir='ltr'>necessitate</span> 
     </span>
     <span class='ocr_line' id='line_1_13' title="bbox 87 1143 1938 1224; baseline 0.001 -22"><span class='ocrx_word' id='word_1_77' title='bbox 87 1164 386 1202; x_wconf 87' lang='lat' dir='ltr'>armorum</span> <span class='ocrx_word' id='word_1_78' title='bbox 425 1154 689 1199; x_wconf 85' lang='lat' dir='ltr'>excusata</span> <span class='ocrx_word' id='word_1_79' title='bbox 723 1143 897 1198; x_wconf 90' lang='lat' dir='ltr'>etiam</span> <span class='ocrx_word' id='word_1_80' title='bbox 936 1143 1000 1198; x_wconf 90' lang='lat' dir='ltr'>in</span> <span class='ocrx_word' id='word_1_81' title='bbox 1038 1163 1179 1217; x_wconf 89' lang='lat' dir='ltr'>pace</span> <span class='ocrx_word' id='word_1_82' title='bbox 1210 1164 1505 1216; x_wconf 83' lang='lat' dir='ltr'>mansere,</span> <span class='ocrx_word' id='word_1_83' title='bbox 1558 1150 1685 1224; x_wconf 88' lang='lat' dir='ltr'>ipso</span> <span class='ocrx_word' id='word_1_84' title='bbox 1711 1147 1938 1223; x_wconf 88' lang='lat' dir='ltr'>Vespa-</span> 
     </span>
     <span class='ocr_line' id='line_1_14' title="bbox 26 1227 1936 1311; baseline 0.002 -25"><span class='ocrx_word' id='word_1_85' title='bbox 26 1228 31 1236; x_wconf 46' lang='lat'>*</span> <span class='ocrx_word' id='word_1_86' title='bbox 79 1230 254 1286; x_wconf 50' lang='lat' dir='ltr'>‘siano</span> <span class='ocrx_word' id='word_1_87' title='bbox 291 1228 446 1284; x_wconf 91' lang='lat' dir='ltr'>inter</span> <span class='ocrx_word' id='word_1_88' title='bbox 478 1227 647 1283; x_wconf 88' lang='lat' dir='ltr'>initia</span> <span class='ocrx_word' id='word_1_89' title='bbox 675 1227 909 1302; x_wconf 90' lang='lat' dir='ltr'>imperii</span> <span class='ocrx_word' id='word_1_90' title='bbox 935 1230 1008 1283; x_wconf 91' lang='lat' dir='ltr'>ad</span> <span class='ocrx_word' id='word_1_91' title='bbox 1034 1228 1384 1285; x_wconf 89' lang='lat' dir='ltr'>obtinendas</span> <span class='ocrx_word' id='word_1_92' title='bbox 1409 1231 1747 1311; x_wconf 84' lang='lat' dir='ltr'>iniquitates</span> <span class='ocrx_word' id='word_1_93' title='bbox 1775 1230 1936 1290; x_wconf 90' lang='lat' dir='ltr'>haud</span> 
     </span>
     <span class='ocr_line' id='line_1_15' title="bbox 51 1313 1936 1394; baseline 0.003 -24"><span class='ocrx_word' id='word_1_94' title='bbox 51 1325 63 1334; x_wconf 93' lang='grc'><em>“</em></span> <span class='ocrx_word' id='word_1_95' title='bbox 86 1315 331 1390; x_wconf 87' lang='lat' dir='ltr'>perinde</span> <span class='ocrx_word' id='word_1_96' title='bbox 367 1314 732 1381; x_wconf 83' lang='lat' dir='ltr'>obstinante‚</span> <span class='ocrx_word' id='word_1_97' title='bbox 786 1313 973 1368; x_wconf 88' lang='lat' dir='ltr'>donec</span> <span class='ocrx_word' id='word_1_98' title='bbox 1016 1313 1385 1387; x_wconf 84' lang='lat' dir='ltr'>indulgentia</span> <span class='ocrx_word' id='word_1_99' title='bbox 1417 1318 1689 1376; x_wconf 88' lang='lat' dir='ltr'>fortunae</span> <span class='ocrx_word' id='word_1_100' title='bbox 1720 1331 1775 1377; x_wconf 85' lang='lat' dir='ltr'>et</span> <span class='ocrx_word' id='word_1_101' title='bbox 1797 1340 1936 1394; x_wconf 88' lang='lat' dir='ltr'>pra-</span> 
     </span>
     <span class='ocr_line' id='line_1_16' title="bbox 85 1397 1935 1483; baseline 0.002 -28"><span class='ocrx_word' id='word_1_102' title='bbox 85 1400 176 1455; x_wconf 89' lang='lat' dir='ltr'>vis</span> <span class='ocrx_word' id='word_1_103' title='bbox 197 1398 488 1471; x_wconf 85' lang='lat' dir='ltr'>magistris</span> <span class='ocrx_word' id='word_1_104' title='bbox 516 1397 723 1453; x_wconf 88' lang='lat' dir='ltr'>didicit</span> <span class='ocrx_word' id='word_1_105' title='bbox 748 1417 1037 1473; x_wconf 86' lang='lat' dir='ltr'>aususque</span> <span class='ocrx_word' id='word_1_106' title='bbox 1068 1409 1170 1454; x_wconf 86' lang='lat' dir='ltr'>est.</span> <span class='ocrx_word' id='word_1_107' title='bbox 1253 1397 1519 1475; x_wconf 90' lang='lat' dir='ltr'>Propriis</span> <span class='ocrx_word' id='word_1_108' title='bbox 1546 1426 1780 1483; x_wconf 88' lang='lat' dir='ltr'>quoque</span> <span class='ocrx_word' id='word_1_109' title='bbox 1804 1405 1935 1479; x_wconf 89' lang='lat' dir='ltr'>opi-</span> 
     </span>
     <span class='ocr_line' id='line_1_17' title="bbox 86 1481 1933 1566; baseline 0.002 -25"><span class='ocrx_word' id='word_1_110' title='bbox 86 1485 200 1541; x_wconf 89' lang='lat' dir='ltr'>bus</span> <span class='ocrx_word' id='word_1_111' title='bbox 226 1481 544 1539; x_wconf 87' lang='lat' dir='ltr'>Mucianus</span> <span class='ocrx_word' id='word_1_112' title='bbox 568 1482 794 1537; x_wconf 86' lang='lat' dir='ltr'>bellum</span> <span class='ocrx_word' id='word_1_113' title='bbox 822 1482 1005 1552; x_wconf 78' lang='lat' dir='ltr'>iuvit,</span> <span class='ocrx_word' id='word_1_114' title='bbox 1059 1484 1254 1556; x_wconf 88' lang='lat' dir='ltr'>largus</span> <span class='ocrx_word' id='word_1_115' title='bbox 1290 1485 1580 1559; x_wconf 60' lang='lat' dir='ltr'>privatim&gt;</span> <span class='ocrx_word' id='word_1_116' title='bbox 1607 1491 1765 1566; x_wconf 90' lang='lat' dir='ltr'>quod</span> <span class='ocrx_word' id='word_1_117' title='bbox 1807 1490 1933 1545; x_wconf 83' lang='lat' dir='ltr'>avi-</span> 
     </span>
    </p>
   </div>
   <div class='ocr_carea' id='block_1_5' title="bbox 85 1567 1007 1642">
    <p class='ocr_par' dir='ltr' id='par_1_5' title="bbox 85 1567 1007 1642">
     <span class='ocr_line' id='line_1_18' title="bbox 85 1567 1007 1642; baseline -0.002 -16"><span class='ocrx_word' id='word_1_118' title='bbox 85 1569 219 1626; x_wconf 88' lang='lat' dir='ltr'>dius</span> <span class='ocrx_word' id='word_1_119' title='bbox 255 1570 327 1625; x_wconf 93' lang='lat' dir='ltr'>de</span> <span class='ocrx_word' id='word_1_120' title='bbox 363 1587 426 1623; x_wconf 93' lang='lat' dir='ltr'>re</span> <span class='ocrx_word' id='word_1_121' title='bbox 462 1567 700 1642; x_wconf 88' lang='lat' dir='ltr'>publica</span> <span class='ocrx_word' id='word_1_122' title='bbox 738 1579 1007 1624; x_wconf 90' lang='lat' dir='ltr'>sumeret.</span> 
     </span>
    </p>
   </div>
   <div class='ocr_carea' id='block_1_6' title="bbox 9 1779 973 2257">
    <p class='ocr_par' dir='ltr' id='par_1_6' title="bbox 82 1779 973 1941">
     <span class='ocr_line' id='line_1_19' title="bbox 82 1779 973 1837; baseline -0.007 -9"><span class='ocrx_word' id='word_1_123' title='bbox 82 1800 185 1828; x_wconf 83' lang='lat' dir='ltr'>nan.</span> <span class='ocrx_word' id='word_1_124' title='bbox 217 1782 310 1837; x_wconf 90' lang='lat' dir='ltr'>(hic</span> <span class='ocrx_word' id='word_1_125' title='bbox 342 1796 394 1824; x_wconf 87' lang='lat' dir='ltr'>ex</span> <span class='ocrx_word' id='word_1_126' title='bbox 424 1780 621 1836; x_wconf 85' lang='lat' dir='ltr'>ingenio)</span> <span class='ocrx_word' id='word_1_127' title='bbox 658 1779 764 1823; x_wconf 85' lang='lat' dir='ltr'>Ald.</span> <span class='ocrx_word' id='word_1_128' title='bbox 787 1795 885 1837; x_wconf 87' lang='lat' dir='ltr'>sqq.</span> <span class='ocrx_word' id='word_1_129' title='bbox 918 1780 973 1823; x_wconf 91' lang='lat' dir='ltr'>ad</span> 
     </span>
     <span class='ocr_line' id='line_1_20' title="bbox 83 1837 973 1900; baseline -0.006 -16"><span class='ocrx_word' id='word_1_130' title='bbox 83 1841 306 1900; x_wconf 83' lang='lat' dir='ltr'>Ryckium</span> <span class='ocrx_word' id='word_1_131' title='bbox 322 1869 336 1888; x_wconf 87' lang='lat'>‚</span> <span class='ocrx_word' id='word_1_132' title='bbox 378 1838 453 1896; x_wconf 92' lang='lat' dir='ltr'>qui</span> <span class='ocrx_word' id='word_1_133' title='bbox 478 1847 675 1883; x_wconf 83' lang='lat' dir='ltr'>veterem</span> <span class='ocrx_word' id='word_1_134' title='bbox 700 1837 973 1896; x_wconf 84' lang='lat' dir='ltr'>scripturam</span> 
     </span>
     <span class='ocr_line' id='line_1_21' title="bbox 83 1898 292 1941; baseline 0.005 -1"><span class='ocrx_word' id='word_1_135' title='bbox 83 1898 292 1941; x_wconf 86' lang='lat' dir='ltr'>restituit.</span> 
     </span>
    </p>

    <p class='ocr_par' dir='ltr' id='par_1_7' title="bbox 9 1971 969 2257">
     <span class='ocr_line' id='line_1_22' title="bbox 136 1971 466 2015; baseline -0.003 0"><span class='ocrx_word' id='word_1_136' title='bbox 136 1971 466 2015; x_wconf 79' lang='lat' dir='ltr'>Brundisium.</span> 
     </span>
     <span class='ocr_line' id='line_1_23' title="bbox 85 2025 969 2084; baseline -0.005 -13"><span class='ocrx_word' id='word_1_137' title='bbox 85 2030 199 2084; x_wconf 85' lang='lat' dir='ltr'>(test.</span> <span class='ocrx_word' id='word_1_138' title='bbox 243 2027 387 2081; x_wconf 78' lang='lat' dir='ltr'>Vict.)</span> <span class='ocrx_word' id='word_1_139' title='bbox 435 2025 536 2069; x_wconf 84' lang='lat' dir='ltr'>edd.</span> <span class='ocrx_word' id='word_1_140' title='bbox 581 2025 716 2083; x_wconf 80' lang='lat' dir='ltr'>Lipsii</span> <span class='ocrx_word' id='word_1_141' title='bbox 757 2041 856 2083; x_wconf 84' lang='lat' dir='ltr'>sqq.</span> <span class='ocrx_word' id='word_1_142' title='bbox 910 2054 969 2062; x_wconf 93' lang='lat'>—</span> 
     </span>
     <span class='ocr_line' id='line_1_24' title="bbox 78 2081 967 2130; baseline -0.006 -1"><span class='ocrx_word' id='word_1_143' title='bbox 78 2086 403 2130; x_wconf 83' lang='lat' dir='ltr'>Brundusium</span> <span class='ocrx_word' id='word_1_144' title='bbox 429 2083 531 2126; x_wconf 89' lang='lat' dir='ltr'>MS.</span> <span class='ocrx_word' id='word_1_145' title='bbox 553 2081 834 2130; x_wconf 34' lang='lat' dir='ltr'>Guelf.sedd.</span> <span class='ocrx_word' id='word_1_146' title='bbox 866 2091 967 2126; x_wconf 85' lang='lat' dir='ltr'>aute</span> 
     </span>
     <span class='ocr_line' id='line_1_25' title="bbox 9 2139 967 2201; baseline -0.004 -15"><span class='ocrx_word' id='word_1_147' title='bbox 9 2151 12 2154; x_wconf 56' lang='lat'><strong>⁴</strong></span> <span class='ocrx_word' id='word_1_148' title='bbox 77 2143 199 2201; x_wconf 87' lang='lat' dir='ltr'>Lips.</span> <span class='ocrx_word' id='word_1_149' title='bbox 228 2166 288 2175; x_wconf 91' lang='lat'>-—</span> <span class='ocrx_word' id='word_1_150' title='bbox 345 2142 455 2184; x_wconf 84' lang='lat' dir='ltr'>Mox</span> <span class='ocrx_word' id='word_1_151' title='bbox 485 2140 555 2185; x_wconf 91' lang='lat' dir='ltr'>ed.</span> <span class='ocrx_word' id='word_1_152' title='bbox 573 2139 692 2198; x_wconf 90' lang='lat' dir='ltr'>Spir.</span> <span class='ocrx_word' id='word_1_153' title='bbox 718 2139 967 2183; x_wconf 78' lang='lat' dir='ltr'>Calabriae</span> 
     </span>
     <span class='ocr_line' id='line_1_26' title="bbox 76 2201 412 2257; baseline -0.009 -12"><span class='ocrx_word' id='word_1_154' title='bbox 76 2201 412 2257; x_wconf 83' lang='lat' dir='ltr'>Lucaniaeque.</span> 
     </span>
    </p>
   </div>
   <div class='ocr_carea' id='block_1_7' title="bbox 78 2267 966 2377">
    <p class='ocr_par' dir='ltr' id='par_1_8' title="bbox 78 2267 966 2377">
     <span class='ocr_line' id='line_1_27' title="bbox 136 2267 965 2326; baseline -0.005 -12"><span class='ocrx_word' id='word_1_155' title='bbox 136 2275 291 2315; x_wconf 61' lang='lat' dir='ltr'>litora.</span> <span class='ocrx_word' id='word_1_156' title='bbox 361 2270 461 2313; x_wconf 87' lang='lat' dir='ltr'>MS.</span> <span class='ocrx_word' id='word_1_157' title='bbox 490 2268 614 2312; x_wconf 83' lang='lat' dir='ltr'>Flor.</span> <span class='ocrx_word' id='word_1_158' title='bbox 646 2275 754 2312; x_wconf 78' lang='lat' dir='ltr'>teste</span> <span class='ocrx_word' id='word_1_159' title='bbox 788 2267 965 2326; x_wconf 78' lang='lat' dir='ltr'>Ryckio</span> 
     </span>
     <span class='ocr_line' id='line_1_28' title="bbox 78 2325 966 2377; baseline -0.005 -5"><span class='ocrx_word' id='word_1_160' title='bbox 78 2332 127 2372; x_wconf 82' lang='lat' dir='ltr'>in</span> <span class='ocrx_word' id='word_1_161' title='bbox 160 2331 322 2372; x_wconf 81' lang='lat' dir='ltr'>litora.</span> <span class='ocrx_word' id='word_1_162' title='bbox 381 2328 554 2370; x_wconf 80' lang='lat' dir='ltr'>Tacent</span> <span class='ocrx_word' id='word_1_163' title='bbox 585 2342 696 2370; x_wconf 86' lang='lat' dir='ltr'>vero</span> <span class='ocrx_word' id='word_1_164' title='bbox 726 2325 966 2377; x_wconf 84' lang='lat' dir='ltr'>Victorius,</span> 
     </span>
    </p>
   </div>
   <div class='ocr_carea' id='block_1_8' title="bbox 553 1967 968 2012">
    <p class='ocr_par' dir='ltr' id='par_1_9' title="bbox 553 1967 968 2012">
     <span class='ocr_line' id='line_1_29' title="bbox 553 1967 968 2012; baseline -0.002 0"><span class='ocrx_word' id='word_1_165' title='bbox 553 1967 629 2012; x_wconf 87' lang='lat' dir='ltr'>Sic</span> <span class='ocrx_word' id='word_1_166' title='bbox 690 1967 795 2012; x_wconf 89' lang='lat' dir='ltr'>MS.</span> <span class='ocrx_word' id='word_1_167' title='bbox 845 1968 968 2011; x_wconf 84' lang='lat' dir='ltr'>Flor.</span> 
     </span>
    </p>
   </div>
   <div class='ocr_carea' id='block_1_9' title="bbox 0 2383 751 2430">
    <p class='ocr_par' dir='ltr' id='par_1_10' title="bbox 0 2383 751 2430">
     <span class='ocr_line' id='line_1_30' title="bbox 0 2383 751 2430; baseline -0.008 1"><span class='ocrx_word' id='word_1_168' title='bbox 0 2411 1 2414; x_wconf 40' lang='lat'>¹</span> <span class='ocrx_word' id='word_1_169' title='bbox 78 2386 271 2430; x_wconf 87' lang='lat' dir='ltr'>Pichena</span> <span class='ocrx_word' id='word_1_170' title='bbox 299 2394 340 2428; x_wconf 82' lang='lat' dir='ltr'>et</span> <span class='ocrx_word' id='word_1_171' title='bbox 362 2384 447 2428; x_wconf 85' lang='lat' dir='ltr'>lac.</span> <span class='ocrx_word' id='word_1_172' title='bbox 472 2383 751 2429; x_wconf 80' lang='lat' dir='ltr'>Gronovius.</span> 
     </span>
    </p>
   </div>
   <div class='ocr_carea' id='block_1_10' title="bbox 74 2452 966 2627">
    <p class='ocr_par' dir='ltr' id='par_1_11' title="bbox 74 2452 966 2627">
     <span class='ocr_line' id='line_1_31' title="bbox 134 2452 966 2500; baseline -0.01 0"><span class='ocrx_word' id='word_1_173' title='bbox 134 2456 250 2500; x_wconf 76' lang='lat' dir='ltr'>CAP.</span> <span class='ocrx_word' id='word_1_174' title='bbox 276 2455 346 2498; x_wconf 80' lang='lat'>84.</span> <span class='ocrx_word' id='word_1_175' title='bbox 403 2468 482 2496; x_wconf 82' lang='lat' dir='ltr'>eos</span> <span class='ocrx_word' id='word_1_176' title='bbox 513 2468 615 2495; x_wconf 70' lang='lat' dir='ltr'>esse</span> <span class='ocrx_word' id='word_1_177' title='bbox 645 2454 685 2494; x_wconf 80' lang='lat' dir='ltr'>b.</span> <span class='ocrx_word' id='word_1_178' title='bbox 713 2468 750 2494; x_wconf 80' lang='lat' dir='ltr'>c.</span> <span class='ocrx_word' id='word_1_179' title='bbox 773 2466 822 2496; x_wconf 84' lang='lat' dir='ltr'>n.</span> <span class='ocrx_word' id='word_1_180' title='bbox 881 2452 966 2494; x_wconf 86' lang='lat' dir='ltr'>Ed.</span> 
     </span>
     <span class='ocr_line' id='line_1_32' title="bbox 74 2509 964 2576; baseline -0.009 -17"><span class='ocrx_word' id='word_1_181' title='bbox 74 2515 193 2573; x_wconf 86' lang='lat' dir='ltr'>Spir.</span> <span class='ocrx_word' id='word_1_182' title='bbox 240 2527 320 2554; x_wconf 81' lang='lat' dir='ltr'>eas</span> <span class='ocrx_word' id='word_1_183' title='bbox 361 2525 460 2555; x_wconf 79' lang='lat' dir='ltr'>esse</span> <span class='ocrx_word' id='word_1_184' title='bbox 501 2518 586 2576; x_wconf 83' lang='lat' dir='ltr'>etc.</span> <span class='ocrx_word' id='word_1_185' title='bbox 658 2509 769 2552; x_wconf 88' lang='lat' dir='ltr'>Mox</span> <span class='ocrx_word' id='word_1_186' title='bbox 809 2510 964 2552; x_wconf 87' lang='lat' dir='ltr'>eadem</span> 
     </span>
     <span class='ocr_line' id='line_1_33' title="bbox 74 2572 591 2627; baseline -0.014 -12"><span class='ocrx_word' id='word_1_187' title='bbox 74 2587 167 2615; x_wconf 81' lang='lat' dir='ltr'>non</span> <span class='ocrx_word' id='word_1_188' title='bbox 191 2572 258 2613; x_wconf 87' lang='lat' dir='ltr'>vis</span> <span class='ocrx_word' id='word_1_189' title='bbox 283 2586 366 2627; x_wconf 91' lang='lat' dir='ltr'>pro</span> <span class='ocrx_word' id='word_1_190' title='bbox 389 2582 484 2610; x_wconf 86' lang='lat' dir='ltr'>non</span> <span class='ocrx_word' id='word_1_191' title='bbox 506 2582 591 2609; x_wconf 75' lang='lat' dir='ltr'>lus.</span> 
     </span>
    </p>
   </div>
   <div class='ocr_carea' id='block_1_11' title="bbox 65 2637 964 3606">
    <p class='ocr_par' dir='ltr' id='par_1_12' title="bbox 75 2637 964 2743">
     <span class='ocr_line' id='line_1_34' title="bbox 130 2637 964 2686; baseline -0.005 -1"><span class='ocrx_word' id='word_1_192' title='bbox 130 2643 445 2686; x_wconf 83' lang='lat' dir='ltr'>intoleranda.</span> <span class='ocrx_word' id='word_1_193' title='bbox 518 2637 632 2680; x_wconf 82' lang='lat' dir='ltr'>Edd.</span> <span class='ocrx_word' id='word_1_194' title='bbox 668 2637 770 2686; x_wconf 81' lang='lat' dir='ltr'>Put.</span> <span class='ocrx_word' id='word_1_195' title='bbox 807 2637 879 2681; x_wconf 89' lang='lat' dir='ltr'>M.</span> <span class='ocrx_word' id='word_1_196' title='bbox 922 2648 964 2681; x_wconf 83' lang='lat' dir='ltr'>et</span> 
     </span>
     <span class='ocr_line' id='line_1_35' title="bbox 75 2700 489 2743; baseline -0.012 0"><span class='ocrx_word' id='word_1_197' title='bbox 75 2700 131 2743; x_wconf 87' lang='lat' dir='ltr'>V.</span> <span class='ocrx_word' id='word_1_198' title='bbox 163 2700 489 2742; x_wconf 79' lang='lat' dir='ltr'>intolleranda.</span> 
     </span>
    </p>

    <p class='ocr_par' dir='ltr' id='par_1_13' title="bbox 75 2752 961 2925">
     <span class='ocr_line' id='line_1_36' title="bbox 134 2752 961 2809; baseline -0.005 -10"><span class='ocrx_word' id='word_1_199' title='bbox 134 2759 264 2799; x_wconf 74' lang='lat' dir='ltr'>haud</span> <span class='ocrx_word' id='word_1_200' title='bbox 287 2756 496 2809; x_wconf 78' lang='lat' dir='ltr'>perinde.</span> <span class='ocrx_word' id='word_1_201' title='bbox 556 2754 659 2796; x_wconf 82' lang='lat' dir='ltr'>MS.</span> <span class='ocrx_word' id='word_1_202' title='bbox 682 2752 804 2795; x_wconf 84' lang='lat' dir='ltr'>Flor.</span> <span class='ocrx_word' id='word_1_203' title='bbox 841 2756 961 2808; x_wconf 71' lang='lat' dir='ltr'>(test.</span> 
     </span>
     <span class='ocr_line' id='line_1_37' title="bbox 75 2810 961 2869; baseline -0.005 -13"><span class='ocrx_word' id='word_1_204' title='bbox 75 2815 213 2869; x_wconf 83' lang='lat' dir='ltr'>Vict.)</span> <span class='ocrx_word' id='word_1_205' title='bbox 234 2811 435 2868; x_wconf 80' lang='lat' dir='ltr'>ed.Spir.</span> <span class='ocrx_word' id='word_1_206' title='bbox 458 2814 584 2852; x_wconf 78' lang='lat' dir='ltr'>haud</span> <span class='ocrx_word' id='word_1_207' title='bbox 602 2811 750 2864; x_wconf 74' lang='lat' dir='ltr'>perin-</span> <span class='ocrx_word' id='word_1_208' title='bbox 784 2810 961 2852; x_wconf 83' lang='lat' dir='ltr'>Omissa</span> 
     </span>
     <span class='ocr_line' id='line_1_38' title="bbox 76 2867 872 2925; baseline -0.008 -12"><span class='ocrx_word' id='word_1_209' title='bbox 76 2882 140 2917; x_wconf 82' lang='lat' dir='ltr'>est</span> <span class='ocrx_word' id='word_1_210' title='bbox 163 2869 323 2913; x_wconf 80' lang='lat' dir='ltr'>lineola</span> <span class='ocrx_word' id='word_1_211' title='bbox 347 2883 479 2925; x_wconf 88' lang='lat' dir='ltr'>super</span> <span class='ocrx_word' id='word_1_212' title='bbox 500 2876 692 2909; x_wconf 83' lang='lat' dir='ltr'>extrema</span> <span class='ocrx_word' id='word_1_213' title='bbox 716 2867 872 2909; x_wconf 77' lang='lat' dir='ltr'>littera.</span> 
     </span>
    </p>

    <p class='ocr_par' dir='ltr' id='par_1_14' title="bbox 65 2923 962 3491">
     <span class='ocr_line' id='line_1_39' title="bbox 131 2923 960 2979; baseline -0.005 -8"><span class='ocrx_word' id='word_1_214' title='bbox 131 2929 407 2971; x_wconf 67' lang='lat' dir='ltr'>obstinatae.</span> <span class='ocrx_word' id='word_1_215' title='bbox 470 2925 543 2967; x_wconf 78' lang='lat' dir='ltr'>Sic</span> <span class='ocrx_word' id='word_1_216' title='bbox 555 2925 688 2971; x_wconf 77' lang='lat' dir='ltr'>MSS,</span> <span class='ocrx_word' id='word_1_217' title='bbox 704 2923 824 2967; x_wconf 89' lang='lat' dir='ltr'>Flor.</span> <span class='ocrx_word' id='word_1_218' title='bbox 841 2925 960 2979; x_wconf 83' lang='lat' dir='ltr'>(test.</span> 
     </span>
     <span class='ocr_line' id='line_1_40' title="bbox 79 2979 962 3040; baseline -0.006 -11"><span class='ocrx_word' id='word_1_219' title='bbox 79 2985 193 3029; x_wconf 84' lang='lat' dir='ltr'>Vict.</span> <span class='ocrx_word' id='word_1_220' title='bbox 231 2998 334 3026; x_wconf 88' lang='lat' dir='ltr'>cum</span> <span class='ocrx_word' id='word_1_221' title='bbox 359 2981 509 3034; x_wconf 85' lang='lat' dir='ltr'>Pich.)</span> <span class='ocrx_word' id='word_1_222' title='bbox 544 2980 653 3040; x_wconf 80' lang='lat' dir='ltr'>Reg.</span> <span class='ocrx_word' id='word_1_223' title='bbox 689 2979 827 3024; x_wconf 88' lang='lat' dir='ltr'>Corb.</span> <span class='ocrx_word' id='word_1_224' title='bbox 852 2981 962 3038; x_wconf 80' lang='lat' dir='ltr'>Agr.</span> 
     </span>
     <span class='ocr_line' id='line_1_41' title="bbox 77 3038 962 3098; baseline -0.008 -12"><span class='ocrx_word' id='word_1_225' title='bbox 77 3044 177 3086; x_wconf 83' lang='lat' dir='ltr'>edd.</span> <span class='ocrx_word' id='word_1_226' title='bbox 194 3042 311 3098; x_wconf 83' lang='lat' dir='ltr'>Spir.</span> <span class='ocrx_word' id='word_1_227' title='bbox 335 3038 475 3095; x_wconf 67' lang='lat' dir='ltr'>ltyck.</span> <span class='ocrx_word' id='word_1_228' title='bbox 498 3040 585 3082; x_wconf 87' lang='lat' dir='ltr'>lac.</span> <span class='ocrx_word' id='word_1_229' title='bbox 603 3039 748 3082; x_wconf 76' lang='lat' dir='ltr'>Gron.</span> <span class='ocrx_word' id='word_1_230' title='bbox 773 3054 870 3095; x_wconf 89' lang='lat' dir='ltr'>sqq.</span> <span class='ocrx_word' id='word_1_231' title='bbox 905 3067 962 3074; x_wconf 87' lang='lat'>--</span> 
     </span>
     <span class='ocr_line' id='line_1_42' title="bbox 76 3094 957 3142; baseline -0.003 0"><span class='ocrx_word' id='word_1_232' title='bbox 76 3102 305 3142; x_wconf 75' lang='lat' dir='ltr'>obstinato</span> <span class='ocrx_word' id='word_1_233' title='bbox 355 3094 486 3139; x_wconf 84' lang='lat' dir='ltr'>MSS.</span> <span class='ocrx_word' id='word_1_234' title='bbox 530 3095 651 3138; x_wconf 82' lang='lat' dir='ltr'>Harl.</span> <span class='ocrx_word' id='word_1_235' title='bbox 698 3094 829 3138; x_wconf 75' lang='lat' dir='ltr'>Bodl.</span> <span class='ocrx_word' id='word_1_236' title='bbox 873 3096 957 3139; x_wconf 85' lang='lat' dir='ltr'>les.</span> 
     </span>
     <span class='ocr_line' id='line_1_43' title="bbox 76 3151 958 3210; baseline -0.007 -10"><span class='ocrx_word' id='word_1_237' title='bbox 76 3157 227 3200; x_wconf 83' lang='lat' dir='ltr'>Guelf.</span> <span class='ocrx_word' id='word_1_238' title='bbox 265 3152 363 3196; x_wconf 82' lang='lat' dir='ltr'>edd.</span> <span class='ocrx_word' id='word_1_239' title='bbox 388 3153 484 3195; x_wconf 77' lang='lat' dir='ltr'>Put.</span> <span class='ocrx_word' id='word_1_240' title='bbox 515 3167 608 3210; x_wconf 90' lang='lat' dir='ltr'>sqq.</span> <span class='ocrx_word' id='word_1_241' title='bbox 642 3152 695 3197; x_wconf 87' lang='lat' dir='ltr'>ad</span> <span class='ocrx_word' id='word_1_242' title='bbox 721 3151 958 3210; x_wconf 81' lang='lat' dir='ltr'>Ryckium,</span> 
     </span>
     <span class='ocr_line' id='line_1_44' title="bbox 76 3209 958 3272; baseline -0.006 -16"><span class='ocrx_word' id='word_1_243' title='bbox 76 3214 151 3272; x_wconf 89' lang='lat' dir='ltr'>qui</span> <span class='ocrx_word' id='word_1_244' title='bbox 180 3215 250 3256; x_wconf 77' lang='lat' dir='ltr'>bei</span> <span class='ocrx_word' id='word_1_245' title='bbox 271 3228 293 3253; x_wconf 92' lang='lat' dir='ltr'>e</span> <span class='ocrx_word' id='word_1_246' title='bbox 329 3209 528 3252; x_wconf 80' lang='lat' dir='ltr'>defendit</span> <span class='ocrx_word' id='word_1_247' title='bbox 563 3211 747 3253; x_wconf 78' lang='lat' dir='ltr'>alteram</span> <span class='ocrx_word' id='word_1_248' title='bbox 773 3210 958 3267; x_wconf 87' lang='lat' dir='ltr'>scriptu-</span> 
     </span>
     <span class='ocr_line' id='line_1_45' title="bbox 77 3229 957 3323; baseline -0.003 -10"><span class='ocrx_word' id='word_1_249' title='bbox 77 3287 171 3313; x_wconf 85' lang='lat' dir='ltr'>ram</span> <span class='ocrx_word' id='word_1_250' title='bbox 194 3229 341 3311; x_wconf 70' lang='lat' dir='ltr'>adiano</span> <span class='ocrx_word' id='word_1_251' title='bbox 363 3267 562 3323; x_wconf 78' lang='lat' dir='ltr'>exemplo</span> <span class='ocrx_word' id='word_1_252' title='bbox 585 3284 608 3308; x_wconf 86' lang='lat' dir='ltr'>e</span> <span class='ocrx_word' id='word_1_253' title='bbox 630 3266 775 3309; x_wconf 85' lang='lat' dir='ltr'>Plaut.</span> <span class='ocrx_word' id='word_1_254' title='bbox 804 3266 957 3310; x_wconf 81' lang='lat' dir='ltr'>Aulul.</span> 
     </span>
     <span class='ocr_line' id='line_1_46' title="bbox 75 3322 957 3380; baseline -0.005 -10"><span class='ocrx_word' id='word_1_255' title='bbox 75 3327 116 3375; x_wconf 76' lang='lat'>2,</span> <span class='ocrx_word' id='word_1_256' title='bbox 136 3328 177 3378; x_wconf 79' lang='lat'>2,</span> <span class='ocrx_word' id='word_1_257' title='bbox 200 3327 266 3370; x_wconf 70' lang='lat'>89.</span> <span class='ocrx_word' id='word_1_258' title='bbox 306 3326 366 3365; x_wconf 81' lang='lat' dir='ltr'>ld</span> <span class='ocrx_word' id='word_1_259' title='bbox 385 3322 558 3378; x_wconf 77' lang='lat' dir='ltr'>inhiat,</span> <span class='ocrx_word' id='word_1_260' title='bbox 593 3339 649 3365; x_wconf 81' lang='lat' dir='ltr'>ea</span> <span class='ocrx_word' id='word_1_261' title='bbox 672 3323 957 3380; x_wconf 82' lang='lat' dir='ltr'>affinitatem</span> 
     </span>
     <span class='ocr_line' id='line_1_47' title="bbox 65 3380 957 3435; baseline -0.003 -9"><span class='ocrx_word' id='word_1_262' title='bbox 65 3386 190 3426; x_wconf 76' lang='lat' dir='ltr'>-hanc</span> <span class='ocrx_word' id='word_1_263' title='bbox 230 3382 474 3424; x_wconf 59' lang='lat' dir='ltr'>obstinavit</span> <span class='ocrx_word' id='word_1_264' title='bbox 515 3381 692 3435; x_wconf 78' lang='lat' dir='ltr'>gratia.</span> <span class='ocrx_word' id='word_1_265' title='bbox 737 3403 790 3411; x_wconf 80' lang='lat'>-—</span> <span class='ocrx_word' id='word_1_266' title='bbox 857 3380 957 3424; x_wconf 87' lang='lat' dir='ltr'>MS.</span> 
     </span>
     <span class='ocr_line' id='line_1_48' title="bbox 77 3437 886 3491; baseline -0.004 -8"><span class='ocrx_word' id='word_1_267' title='bbox 77 3440 190 3483; x_wconf 88' lang='lat' dir='ltr'>Bud.</span> <span class='ocrx_word' id='word_1_268' title='bbox 217 3440 289 3482; x_wconf 81' lang='lat' dir='ltr'>dat</span> <span class='ocrx_word' id='word_1_269' title='bbox 311 3444 393 3480; x_wconf 81' lang='lat' dir='ltr'>aut</span> <span class='ocrx_word' id='word_1_270' title='bbox 410 3451 495 3491; x_wconf 79' lang='lat' dir='ltr'>per</span> <span class='ocrx_word' id='word_1_271' title='bbox 518 3437 614 3479; x_wconf 85' lang='lat' dir='ltr'>vim</span> <span class='ocrx_word' id='word_1_272' title='bbox 639 3437 886 3480; x_wconf 81' lang='lat' dir='ltr'>obstinate.</span> 
     </span>
    </p>

    <p class='ocr_par' dir='ltr' id='par_1_15' title="bbox 80 3493 958 3606">
     <span class='ocr_line' id='line_1_49' title="bbox 134 3493 958 3551; baseline 0 -13"><span class='ocrx_word' id='word_1_273' title='bbox 134 3497 303 3539; x_wconf 78' lang='lat' dir='ltr'>didicit.</span> <span class='ocrx_word' id='word_1_274' title='bbox 362 3494 442 3538; x_wconf 85' lang='lat' dir='ltr'>Ed.</span> <span class='ocrx_word' id='word_1_275' title='bbox 465 3493 584 3551; x_wconf 87' lang='lat' dir='ltr'>Spir.</span> <span class='ocrx_word' id='word_1_276' title='bbox 609 3501 820 3550; x_wconf 80' lang='lat' dir='ltr'>corrupte</span> <span class='ocrx_word' id='word_1_277' title='bbox 843 3495 958 3548; x_wconf 70' lang='lat' dir='ltr'>die3.</span> 
     </span>
     <span class='ocr_line' id='line_1_50' title="bbox 80 3550 948 3606; baseline -0.002 -8"><span class='ocrx_word' id='word_1_278' title='bbox 80 3553 246 3598; x_wconf 79' lang='lat' dir='ltr'>Eadem</span> <span class='ocrx_word' id='word_1_279' title='bbox 277 3568 377 3596; x_wconf 81' lang='lat' dir='ltr'>mos</span> <span class='ocrx_word' id='word_1_280' title='bbox 401 3567 505 3596; x_wconf 85' lang='lat' dir='ltr'>cum</span> <span class='ocrx_word' id='word_1_281' title='bbox 530 3550 632 3598; x_wconf 74' lang='lat' dir='ltr'>MS.</span> <span class='ocrx_word' id='word_1_282' title='bbox 658 3550 809 3599; x_wconf 79' lang='lat' dir='ltr'>Guelf.</span> <span class='ocrx_word' id='word_1_283' title='bbox 841 3565 948 3606; x_wconf 77' lang='lat' dir='ltr'>pro·</span> 
     </span>
    </p>
   </div>
   <div class='ocr_carea' id='block_1_12' title="bbox 1094 1569 1934 1648">
    <p class='ocr_par' dir='ltr' id='par_1_16' title="bbox 1094 1569 1934 1648">
     <span class='ocr_line' id='line_1_51' title="bbox 1094 1569 1934 1648; baseline 0.005 -23"><span class='ocrx_word' id='word_1_284' title='bbox 1094 1569 1271 1626; x_wconf 88' lang='lat' dir='ltr'>ceteri</span> <span class='ocrx_word' id='word_1_285' title='bbox 1307 1572 1796 1631; x_wconf 83' lang='lat' dir='ltr'>conferendarum</span> <span class='ocrx_word' id='word_1_286' title='bbox 1829 1595 1934 1648; x_wconf 89' lang='lat' dir='ltr'>pe-</span> 
     </span>
    </p>
   </div>
   <div class='ocr_carea' id='block_1_13' title="bbox 1039 1782 1935 1846">
    <p class='ocr_par' dir='ltr' id='par_1_17' title="bbox 1039 1782 1935 1846">
     <span class='ocr_line' id='line_1_52' title="bbox 1039 1782 1935 1846; baseline 0.01 -23"><span class='ocrx_word' id='word_1_287' title='bbox 1039 1782 1246 1838; x_wconf 84' lang='lat' dir='ltr'>priisque</span> <span class='ocrx_word' id='word_1_288' title='bbox 1279 1782 1396 1827; x_wconf 88' lang='lat' dir='ltr'>haud</span> <span class='ocrx_word' id='word_1_289' title='bbox 1428 1785 1575 1844; x_wconf 86' lang='lat' dir='ltr'>inepte</span> <span class='ocrx_word' id='word_1_290' title='bbox 1608 1803 1690 1846; x_wconf 90' lang='lat' dir='ltr'>pro</span> <span class='ocrx_word' id='word_1_291' title='bbox 1731 1790 1935 1843; x_wconf 69' lang='lat' dir='ltr'>propriis</span> 
     </span>
    </p>
   </div>
   <div class='ocr_carea' id='block_1_14' title="bbox 1020 1840 1870 1899">
    <p class='ocr_par' dir='ltr' id='par_1_18' title="bbox 1020 1840 1870 1899">
     <span class='ocr_line' id='line_1_53' title="bbox 1020 1840 1870 1899; baseline 0.011 -20"><span class='ocrx_word' id='word_1_292' title='bbox 1020 1852 1022 1854; x_wconf 87' lang='lat'>·</span> <span class='ocrx_word' id='word_1_293' title='bbox 1046 1855 1239 1895; x_wconf 80' lang='lat' dir='ltr'>quoque.</span> <span class='ocrx_word' id='word_1_294' title='bbox 1302 1840 1404 1885; x_wconf 85' lang='lat' dir='ltr'>Vid.</span> <span class='ocrx_word' id='word_1_295' title='bbox 1430 1853 1525 1886; x_wconf 86' lang='lat' dir='ltr'>not.</span> <span class='ocrx_word' id='word_1_296' title='bbox 1549 1845 1604 1888; x_wconf 88' lang='lat' dir='ltr'>ad</span> <span class='ocrx_word' id='word_1_297' title='bbox 1628 1846 1715 1888; x_wconf 89' lang='lat' dir='ltr'>An.</span> <span class='ocrx_word' id='word_1_298' title='bbox 1742 1848 1781 1899; x_wconf 94' lang='lat'>1,</span> <span class='ocrx_word' id='word_1_299' title='bbox 1801 1845 1870 1888; x_wconf 60' lang='lat'>28.</span> 
     </span>
    </p>
   </div>
   <div class='ocr_carea' id='block_1_15' title="bbox 1028 1899 1988 3613">
    <p class='ocr_par' dir='ltr' id='par_1_19' title="bbox 1028 1899 1988 3613">
     <span class='ocr_line' id='line_1_54' title="bbox 1101 1899 1933 1956; baseline 0.01 -18"><span class='ocrx_word' id='word_1_300' title='bbox 1101 1899 1266 1950; x_wconf 75' lang='lat' dir='ltr'>largus</span> <span class='ocrx_word' id='word_1_301' title='bbox 1288 1900 1519 1951; x_wconf 78' lang='lat' dir='ltr'>privatim</span> <span class='ocrx_word' id='word_1_302' title='bbox 1543 1906 1669 1956; x_wconf 85' lang='lat' dir='ltr'>quod</span> <span class='ocrx_word' id='word_1_303' title='bbox 1700 1910 1786 1945; x_wconf 86' lang='lat' dir='ltr'>etc.</span> <span class='ocrx_word' id='word_1_304' title='bbox 1859 1902 1933 1946; x_wconf 81' lang='lat' dir='ltr'>Sic</span> 
     </span>
     <span class='ocr_line' id='line_1_55' title="bbox 1042 1954 1931 2014; baseline 0.009 -18"><span class='ocrx_word' id='word_1_305' title='bbox 1042 1954 1177 1997; x_wconf 64' lang='lat' dir='ltr'>MSS.</span> <span class='ocrx_word' id='word_1_306' title='bbox 1215 1963 1257 1997; x_wconf 88' lang='lat' dir='ltr'>et</span> <span class='ocrx_word' id='word_1_307' title='bbox 1288 1956 1388 1999; x_wconf 82' lang='lat' dir='ltr'>edd.</span> <span class='ocrx_word' id='word_1_308' title='bbox 1412 1957 1531 2014; x_wconf 83' lang='lat' dir='ltr'>Spir.</span> <span class='ocrx_word' id='word_1_309' title='bbox 1565 1958 1665 2002; x_wconf 79' lang='lat' dir='ltr'>Put.</span> <span class='ocrx_word' id='word_1_310' title='bbox 1692 1959 1796 2002; x_wconf 86' lang='lat' dir='ltr'>Ber.</span> <span class='ocrx_word' id='word_1_311' title='bbox 1827 1959 1931 2004; x_wconf 80' lang='lat' dir='ltr'>Ale.</span> 
     </span>
     <span class='ocr_line' id='line_1_56' title="bbox 1041 2011 1932 2074; baseline 0.007 -21"><span class='ocrx_word' id='word_1_312' title='bbox 1041 2011 1484 2068; x_wconf 81' lang='lat' dir='ltr'>Rhe11.(1533.)Ald.</span> <span class='ocrx_word' id='word_1_313' title='bbox 1500 2015 1854 2074; x_wconf 84' lang='lat' dir='ltr'>Miey11.(1557.)</span> <span class='ocrx_word' id='word_1_314' title='bbox 1874 2045 1932 2053; x_wconf 92' lang='lat'>—-</span> 
     </span>
     <span class='ocr_line' id='line_1_57' title="bbox 1038 2070 1931 2129; baseline 0.011 -21"><span class='ocrx_word' id='word_1_315' title='bbox 1038 2070 1238 2123; x_wconf 78' lang='lat' dir='ltr'>largitus</span> <span class='ocrx_word' id='word_1_316' title='bbox 1263 2071 1519 2126; x_wconf 74' lang='lat' dir='ltr'>privatim,</span> <span class='ocrx_word' id='word_1_317' title='bbox 1565 2077 1687 2129; x_wconf 79' lang='lat' dir='ltr'>quod</span> <span class='ocrx_word' id='word_1_318' title='bbox 1713 2083 1797 2117; x_wconf 85' lang='lat' dir='ltr'>etc.</span> <span class='ocrx_word' id='word_1_319' title='bbox 1833 2073 1931 2119; x_wconf 83' lang='lat' dir='ltr'>edd.</span> 
     </span>
     <span class='ocr_line' id='line_1_58' title="bbox 1039 2125 1926 2190; baseline 0.01 -24"><span class='ocrx_word' id='word_1_320' title='bbox 1039 2125 1335 2169; x_wconf 60' lang='lat' dir='ltr'>libem-1544.</span> <span class='ocrx_word' id='word_1_321' title='bbox 1371 2129 1445 2184; x_wconf 82' lang='lat'>(?)</span> <span class='ocrx_word' id='word_1_322' title='bbox 1468 2129 1595 2187; x_wconf 86' lang='lat' dir='ltr'>‘Lips.</span> <span class='ocrx_word' id='word_1_323' title='bbox 1622 2146 1721 2190; x_wconf 91' lang='lat' dir='ltr'>sqq.</span> <span class='ocrx_word' id='word_1_324' title='bbox 1754 2132 1807 2174; x_wconf 87' lang='lat' dir='ltr'>ad</span> <span class='ocrx_word' id='word_1_325' title='bbox 1838 2131 1926 2175; x_wconf 75' lang='lat' dir='ltr'>Iac.</span> 
     </span>
     <span class='ocr_line' id='line_1_59' title="bbox 1041 2183 1929 2241; baseline 0.009 -17"><span class='ocrx_word' id='word_1_326' title='bbox 1041 2183 1214 2233; x_wconf 82' lang='lat' dir='ltr'>Gron.,</span> <span class='ocrx_word' id='word_1_327' title='bbox 1265 2184 1341 2241; x_wconf 90' lang='lat' dir='ltr'>qui</span> <span class='ocrx_word' id='word_1_328' title='bbox 1384 2202 1408 2228; x_wconf 91' lang='lat' dir='ltr'>e</span> <span class='ocrx_word' id='word_1_329' title='bbox 1439 2186 1540 2231; x_wconf 89' lang='lat' dir='ltr'>MS.</span> <span class='ocrx_word' id='word_1_330' title='bbox 1576 2188 1698 2233; x_wconf 84' lang='lat' dir='ltr'>Flor.</span> <span class='ocrx_word' id='word_1_331' title='bbox 1736 2189 1929 2232; x_wconf 81' lang='lat' dir='ltr'>restituit</span> 
     </span>
     <span class='ocr_line' id='line_1_60' title="bbox 1039 2243 1929 2300; baseline 0.002 -15"><span class='ocrx_word' id='word_1_332' title='bbox 1039 2249 1236 2285; x_wconf 84' lang='lat' dir='ltr'>veterem</span> <span class='ocrx_word' id='word_1_333' title='bbox 1264 2243 1550 2300; x_wconf 83' lang='lat' dir='ltr'>scripturam.</span> <span class='ocrx_word' id='word_1_334' title='bbox 1593 2244 1800 2288; x_wconf 85' lang='lat' dir='ltr'>Heinsius</span> <span class='ocrx_word' id='word_1_335' title='bbox 1824 2260 1929 2288; x_wconf 89' lang='lat' dir='ltr'>con·</span> 
     </span>
     <span class='ocr_line' id='line_1_61' title="bbox 1037 2299 1930 2352; baseline 0.006 -12"><span class='ocrx_word' id='word_1_336' title='bbox 1037 2299 1139 2340; x_wconf 82' lang='lat' dir='ltr'>iecit</span> <span class='ocrx_word' id='word_1_337' title='bbox 1158 2301 1322 2350; x_wconf 75' lang='lat' dir='ltr'>largus</span> <span class='ocrx_word' id='word_1_338' title='bbox 1341 2301 1537 2352; x_wconf 80' lang='lat' dir='ltr'>privati.</span> <span class='ocrx_word' id='word_1_339' title='bbox 1596 2301 1681 2344; x_wconf 74' lang='lat' dir='ltr'>Vir</span> <span class='ocrx_word' id='word_1_340' title='bbox 1702 2303 1861 2345; x_wconf 80' lang='lat' dir='ltr'>doctus</span> <span class='ocrx_word' id='word_1_341' title='bbox 1884 2302 1930 2345; x_wconf 88' lang='lat' dir='ltr'>iu</span> 
     </span>
     <span class='ocr_line' id='line_1_62' title="bbox 1037 2354 1930 2415; baseline 0.004 -17"><span class='ocrx_word' id='word_1_342' title='bbox 1037 2354 1297 2413; x_wconf 84' lang='lat' dir='ltr'>ed.G1·yph.</span> <span class='ocrx_word' id='word_1_343' title='bbox 1324 2357 1448 2411; x_wconf 80' lang='lat' dir='ltr'>(teste</span> <span class='ocrx_word' id='word_1_344' title='bbox 1461 2357 1686 2415; x_wconf 76' lang='lat' dir='ltr'>Ernestio)</span> <span class='ocrx_word' id='word_1_345' title='bbox 1710 2369 1754 2403; x_wconf 91' lang='lat' dir='ltr'>et</span> <span class='ocrx_word' id='word_1_346' title='bbox 1777 2360 1930 2402; x_wconf 86' lang='lat' dir='ltr'>Mure-</span> 
     </span>
     <span class='ocr_line' id='line_1_63' title="bbox 1037 2415 1927 2474; baseline 0.002 -18"><span class='ocrx_word' id='word_1_347' title='bbox 1037 2421 1106 2456; x_wconf 79' lang='lat' dir='ltr'>tus</span> <span class='ocrx_word' id='word_1_348' title='bbox 1139 2415 1305 2465; x_wconf 79' lang='lat' dir='ltr'>largus</span> <span class='ocrx_word' id='word_1_349' title='bbox 1330 2416 1580 2471; x_wconf 83' lang='lat' dir='ltr'>privatim,</span> <span class='ocrx_word' id='word_1_350' title='bbox 1637 2432 1751 2472; x_wconf 82' lang='lat' dir='ltr'>quo,</span> <span class='ocrx_word' id='word_1_351' title='bbox 1803 2417 1927 2474; x_wconf 91' lang='lat' dir='ltr'>quod</span> 
     </span>
     <span class='ocr_line' id='line_1_64' title="bbox 1037 2469 1931 2523; baseline 0.006 -13"><span class='ocrx_word' id='word_1_352' title='bbox 1037 2470 1173 2511; x_wconf 80' lang='lat' dir='ltr'>edidit</span> <span class='ocrx_word' id='word_1_353' title='bbox 1212 2469 1446 2514; x_wconf 81' lang='lat' dir='ltr'>Gruterus.</span> <span class='ocrx_word' id='word_1_354' title='bbox 1517 2472 1672 2517; x_wconf 83' lang='lat' dir='ltr'>Placet</span> <span class='ocrx_word' id='word_1_355' title='bbox 1709 2473 1931 2523; x_wconf 84' lang='lat' dir='ltr'>Ernestio,</span> 
     </span>
     <span class='ocr_line' id='line_1_65' title="bbox 1036 2526 1662 2579; baseline 0.01 -12"><span class='ocrx_word' id='word_1_356' title='bbox 1036 2526 1357 2579; x_wconf 80' lang='lat' dir='ltr'>Lanemando,</span> <span class='ocrx_word' id='word_1_357' title='bbox 1419 2527 1662 2573; x_wconf 88' lang='lat' dir='ltr'>Oberlino.</span> 
     </span>
     <span class='ocr_line' id='line_1_66' title="bbox 1037 2583 1757 2642; baseline 0.003 -16"><span class='ocrx_word' id='word_1_358' title='bbox 1037 2583 1280 2626; x_wconf 86' lang='lat' dir='ltr'>commode</span> <span class='ocrx_word' id='word_1_359' title='bbox 1301 2592 1403 2628; x_wconf 86' lang='lat' dir='ltr'>ante</span> <span class='ocrx_word' id='word_1_360' title='bbox 1432 2590 1553 2642; x_wconf 84' lang='lat' dir='ltr'>quod</span> <span class='ocrx_word' id='word_1_361' title='bbox 1573 2586 1711 2630; x_wconf 81' lang='lat' dir='ltr'>intelli</span> <span class='ocrx_word' id='word_1_362' title='bbox 1747 2586 1757 2628; x_wconf 86' lang='grc' dir='ltr'>ἰ</span> 
     </span>
     <span class='ocr_line' id='line_1_67' title="bbox 1036 2603 1743 2702; baseline 0.008 -21"><span class='ocrx_word' id='word_1_363' title='bbox 1036 2639 1466 2695; x_wconf 79' lang='lat' dir='ltr'>demonstrativum,</span> <span class='ocrx_word' id='word_1_364' title='bbox 1515 2645 1569 2686; x_wconf 90' lang='lat' dir='ltr'>ad</span> <span class='ocrx_word' id='word_1_365' title='bbox 1606 2603 1743 2702; x_wconf 47' lang='lat' dir='ltr'>quo}</span> 
     </span>
     <span class='ocr_line' id='line_1_68' title="bbox 1035 2698 1923 2754; baseline 0.002 -13"><span class='ocrx_word' id='word_1_366' title='bbox 1035 2713 1154 2750; x_wconf 18' lang='lat' dir='ltr'>vum]</span> <span class='ocrx_word' id='word_1_367' title='bbox 1178 2698 1400 2754; x_wconf 81' lang='lat' dir='ltr'>respiciat.</span> <span class='ocrx_word' id='word_1_368' title='bbox 1479 2700 1582 2742; x_wconf 87' lang='lat' dir='ltr'>Nou</span> <span class='ocrx_word' id='word_1_369' title='bbox 1615 2700 1736 2743; x_wconf 88' lang='lat' dir='ltr'>enim</span> <span class='ocrx_word' id='word_1_370' title='bbox 1774 2716 1923 2744; x_wconf 80' lang='lat' dir='ltr'>sermo</span> 
     </span>
     <span class='ocr_line' id='line_1_69' title="bbox 1034 2755 1988 2815; baseline 0.004 -18"><span class='ocrx_word' id='word_1_371' title='bbox 1034 2761 1098 2797; x_wconf 87' lang='lat' dir='ltr'>est</span> <span class='ocrx_word' id='word_1_372' title='bbox 1124 2755 1177 2796; x_wconf 93' lang='lat' dir='ltr'>de</span> <span class='ocrx_word' id='word_1_373' title='bbox 1204 2763 1325 2798; x_wconf 82' lang='lat' dir='ltr'>certa·</span> <span class='ocrx_word' id='word_1_374' title='bbox 1353 2758 1545 2814; x_wconf 87' lang='lat' dir='ltr'>quadam</span> <span class='ocrx_word' id='word_1_375' title='bbox 1576 2773 1625 2800; x_wconf 86' lang='lat' dir='ltr'>re</span> <span class='ocrx_word' id='word_1_376' title='bbox 1643 2789 1656 2806; x_wconf 91' lang='lat'>‚</span> <span class='ocrx_word' id='word_1_377' title='bbox 1700 2773 1836 2815; x_wconf 88' lang='lat' dir='ltr'>quam</span> <span class='ocrx_word' id='word_1_378' title='bbox 1869 2757 1926 2801; x_wconf 78' lang='lat' dir='ltr'>sit</span> <span class='ocrx_word' id='word_1_379' title='bbox 1982 2771 1988 2775; x_wconf 92' lang='grc'><strong><em>·</em></strong></span> 
     </span>
     <span class='ocr_line' id='line_1_70' title="bbox 1034 2810 1921 2872; baseline 0.008 -20"><span class='ocrx_word' id='word_1_380' title='bbox 1034 2810 1243 2868; x_wconf 82' lang='lat' dir='ltr'>largitus,</span> <span class='ocrx_word' id='word_1_381' title='bbox 1285 2827 1420 2870; x_wconf 89' lang='lat' dir='ltr'>quam</span> <span class='ocrx_word' id='word_1_382' title='bbox 1458 2814 1512 2856; x_wconf 92' lang='lat' dir='ltr'>de</span> <span class='ocrx_word' id='word_1_383' title='bbox 1547 2830 1596 2856; x_wconf 90' lang='lat' dir='ltr'>re</span> <span class='ocrx_word' id='word_1_384' title='bbox 1630 2815 1809 2872; x_wconf 87' lang='lat' dir='ltr'>publica</span> <span class='ocrx_word' id='word_1_385' title='bbox 1846 2831 1921 2858; x_wconf 89' lang='lat' dir='ltr'>re—</span> 
     </span>
     <span class='ocr_line' id='line_1_71' title="bbox 1032 2869 1927 2925; baseline 0.006 -14"><span class='ocrx_word' id='word_1_386' title='bbox 1032 2869 1291 2925; x_wconf 79' lang='lat' dir='ltr'>sumpserit:</span> <span class='ocrx_word' id='word_1_387' title='bbox 1322 2871 1400 2912; x_wconf 87' lang='lat' dir='ltr'>sed</span> <span class='ocrx_word' id='word_1_388' title='bbox 1420 2870 1496 2914; x_wconf 82' lang='lat' dir='ltr'>illa</span> <span class='ocrx_word' id='word_1_389' title='bbox 1515 2870 1560 2913; x_wconf 91' lang='lat' dir='ltr'>lo</span> <span class='ocrx_word' id='word_1_390' title='bbox 1597 2871 1731 2915; x_wconf 82' lang='lat' dir='ltr'>uendi</span> <span class='ocrx_word' id='word_1_391' title='bbox 1751 2871 1927 2916; x_wconf 85' lang='lat' dir='ltr'>ratione</span> 
     </span>
     <span class='ocr_line' id='line_1_72' title="bbox 1032 2927 1923 2988; baseline 0.006 -20"><span class='ocrx_word' id='word_1_392' title='bbox 1032 2934 1192 2968; x_wconf 80' lang='lat' dir='ltr'>auctor</span> <span class='ocrx_word' id='word_1_393' title='bbox 1219 2927 1359 2969; x_wconf 86' lang='lat' dir='ltr'>utitur</span> <span class='ocrx_word' id='word_1_394' title='bbox 1384 2943 1479 2971; x_wconf 89' lang='lat' dir='ltr'>non</span> <span class='ocrx_word' id='word_1_395' title='bbox 1515 2927 1568 2970; x_wconf 91' lang='lat' dir='ltr'>de</span> <span class='ocrx_word' id='word_1_396' title='bbox 1588 2929 1720 2981; x_wconf 77' lang='lat' dir='ltr'>mita,</span> <span class='ocrx_word' id='word_1_397' title='bbox 1757 2929 1805 2972; x_wconf 86' lang='lat' dir='ltr'>in</span> <span class='ocrx_word' id='word_1_398' title='bbox 1837 2945 1923 2988; x_wconf 81' lang='lat' dir='ltr'>qua</span> 
     </span>
     <span class='ocr_line' id='line_1_73' title="bbox 1032 2982 1918 3044; baseline 0.003 -18"><span class='ocrx_word' id='word_1_399' title='bbox 1032 2982 1144 3026; x_wconf 82' lang='lat' dir='ltr'>solet</span> <span class='ocrx_word' id='word_1_400' title='bbox 1176 2984 1319 3027; x_wconf 85' lang='lat' dir='ltr'>omitti</span> <span class='ocrx_word' id='word_1_401' title='bbox 1341 2986 1390 3026; x_wconf 79' lang='lat' dir='ltr'>id</span> <span class='ocrx_word' id='word_1_402' title='bbox 1407 2993 1510 3027; x_wconf 85' lang='lat' dir='ltr'>ante</span> <span class='ocrx_word' id='word_1_403' title='bbox 1533 2989 1678 3041; x_wconf 75' lang='lat' dir='ltr'>quod,</span> <span class='ocrx_word' id='word_1_404' title='bbox 1717 2986 1819 3044; x_wconf 87' lang='lat' dir='ltr'>quia</span> <span class='ocrx_word' id='word_1_405' title='bbox 1846 3003 1918 3028; x_wconf 83' lang='lat' dir='ltr'>re·-</span> 
     </span>
     <span class='ocr_line' id='line_1_74' title="bbox 1031 3041 1920 3101; baseline 0.004 -19"><span class='ocrx_word' id='word_1_406' title='bbox 1031 3041 1217 3082; x_wconf 82' lang='lat' dir='ltr'>lativum</span> <span class='ocrx_word' id='word_1_407' title='bbox 1244 3056 1337 3084; x_wconf 86' lang='lat' dir='ltr'>uon</span> <span class='ocrx_word' id='word_1_408' title='bbox 1361 3041 1480 3084; x_wconf 89' lang='lat' dir='ltr'>aliud</span> <span class='ocrx_word' id='word_1_409' title='bbox 1513 3042 1742 3100; x_wconf 83' lang='lat' dir='ltr'>exprimit,</span> <span class='ocrx_word' id='word_1_410' title='bbox 1783 3059 1920 3101; x_wconf 88' lang='lat' dir='ltr'>quam</span> 
     </span>
     <span class='ocr_line' id='line_1_75' title="bbox 1030 3097 1920 3195; baseline 0.004 -57"><span class='ocrx_word' id='word_1_411' title='bbox 1030 3097 1154 3195; x_wconf 63' lang='lat' dir='ltr'>quod</span> <span class='ocrx_word' id='word_1_412' title='bbox 1177 3097 1532 3145; x_wconf 82' lang='lat' dir='ltr'>demonstrativo</span> <span class='ocrx_word' id='word_1_413' title='bbox 1554 3100 1920 3158; x_wconf 43' lang='lat' dir='ltr'>eratsexprimen·</span> 
     </span>
     <span class='ocr_line' id='line_1_76' title="bbox 1064 3154 1919 3200; baseline 0.005 -5"><span class='ocrx_word' id='word_1_414' title='bbox 1064 3170 1157 3196; x_wconf 88' lang='lat' dir='ltr'>um.</span> <span class='ocrx_word' id='word_1_415' title='bbox 1227 3154 1348 3197; x_wconf 84' lang='lat' dir='ltr'>Tum</span> <span class='ocrx_word' id='word_1_416' title='bbox 1387 3170 1555 3200; x_wconf 85' lang='lat' dir='ltr'>nomen</span> <span class='ocrx_word' id='word_1_417' title='bbox 1590 3156 1821 3200; x_wconf 78' lang='lat' dir='ltr'>relativum</span> <span class='ocrx_word' id='word_1_418' title='bbox 1861 3159 1919 3199; x_wconf 84' lang='lat' dir='ltr'>ita</span> 
     </span>
     <span class='ocr_line' id='line_1_77' title="bbox 1028 3212 1918 3272; baseline 0.003 -19"><span class='ocrx_word' id='word_1_419' title='bbox 1028 3212 1146 3253; x_wconf 67' lang='lat' dir='ltr'>iuter</span> <span class='ocrx_word' id='word_1_420' title='bbox 1172 3218 1415 3270; x_wconf 79' lang='lat' dir='ltr'>utrumque</span> <span class='ocrx_word' id='word_1_421' title='bbox 1439 3213 1695 3257; x_wconf 83' lang='lat' dir='ltr'>membrum</span> <span class='ocrx_word' id='word_1_422' title='bbox 1720 3215 1918 3272; x_wconf 78' lang='lat' dir='ltr'>ponitur,</span> 
     </span>
     <span class='ocr_line' id='line_1_78' title="bbox 1029 3268 1917 3330; baseline 0.006 -21"><span class='ocrx_word' id='word_1_423' title='bbox 1029 3277 1078 3310; x_wconf 82' lang='lat' dir='ltr'>ut</span> <span class='ocrx_word' id='word_1_424' title='bbox 1101 3268 1156 3310; x_wconf 89' lang='lat' dir='ltr'>ad</span> <span class='ocrx_word' id='word_1_425' title='bbox 1180 3277 1421 3327; x_wconf 85' lang='lat' dir='ltr'>utrumque</span> <span class='ocrx_word' id='word_1_426' title='bbox 1441 3269 1641 3315; x_wconf 79' lang='lat' dir='ltr'>videatur</span> <span class='ocrx_word' id='word_1_427' title='bbox 1669 3273 1917 3330; x_wconf 82' lang='lat' dir='ltr'>pertinere:</span> 
     </span>
     <span class='ocr_line' id='line_1_79' title="bbox 1029 3325 1916 3383; baseline 0.002 -16"><span class='ocrx_word' id='word_1_428' title='bbox 1029 3341 1165 3383; x_wconf 87' lang='lat' dir='ltr'>quarn</span> <span class='ocrx_word' id='word_1_429' title='bbox 1210 3325 1431 3369; x_wconf 84' lang='lat' dir='ltr'>rationem</span> <span class='ocrx_word' id='word_1_430' title='bbox 1473 3337 1642 3374; x_wconf 85' lang='lat' dir='ltr'>vocant</span> <span class='ocrx_word' id='word_1_431' title='bbox 1683 3329 1916 3372; x_wconf 84' lang='lat' dir='ltr'>attractio-</span> 
     </span>
     <span class='ocr_line' id='line_1_80' title="bbox 1032 3383 1918 3441; baseline 0.005 -19"><span class='ocrx_word' id='word_1_432' title='bbox 1032 3397 1136 3423; x_wconf 87' lang='lat' dir='ltr'>nem</span> <span class='ocrx_word' id='word_1_433' title='bbox 1198 3383 1494 3439; x_wconf 82' lang='lat' dir='ltr'>grammatici.</span> <span class='ocrx_word' id='word_1_434' title='bbox 1581 3385 1721 3429; x_wconf 88' lang='lat' dir='ltr'>Plene</span> <span class='ocrx_word' id='word_1_435' title='bbox 1781 3385 1918 3441; x_wconf 81' lang='lat' dir='ltr'>igitur</span> 
     </span>
     <span class='ocr_line' id='line_1_81' title="bbox 1032 3438 1920 3497; baseline 0.003 -18"><span class='ocrx_word' id='word_1_436' title='bbox 1032 3438 1193 3482; x_wconf 81' lang='lat' dir='ltr'>Noster</span> <span class='ocrx_word' id='word_1_437' title='bbox 1215 3439 1483 3497; x_wconf 85' lang='lat' dir='ltr'>scripsisset:</span> <span class='ocrx_word' id='word_1_438' title='bbox 1514 3443 1675 3497; x_wconf 79' lang='lat' dir='ltr'>largus</span> <span class='ocrx_word' id='word_1_439' title='bbox 1691 3442 1920 3496; x_wconf 71' lang='lat' dir='ltr'>privatim</span> 
     </span>
     <span class='ocr_line' id='line_1_82' title="bbox 1030 3497 1915 3557; baseline 0.003 -20"><span class='ocrx_word' id='word_1_440' title='bbox 1030 3499 1077 3538; x_wconf 82' lang='lat' dir='ltr'>id</span> <span class='ocrx_word' id='word_1_441' title='bbox 1107 3499 1230 3551; x_wconf 82' lang='lat' dir='ltr'>quod</span> <span class='ocrx_word' id='word_1_442' title='bbox 1260 3504 1346 3541; x_wconf 77' lang='lat' dir='ltr'>ete.</span> <span class='ocrx_word' id='word_1_443' title='bbox 1406 3497 1580 3557; x_wconf 83' lang='lat' dir='ltr'>Nempe</span> <span class='ocrx_word' id='word_1_444' title='bbox 1609 3499 1757 3542; x_wconf 81' lang='lat' dir='ltr'>subest</span> <span class='ocrx_word' id='word_1_445' title='bbox 1794 3506 1915 3541; x_wconf 80' lang='lat' dir='ltr'>stru-</span> 
     </span>
     <span class='ocr_line' id='line_1_83' title="bbox 1031 3555 1925 3613; baseline 0.002 -15"><span class='ocrx_word' id='word_1_446' title='bbox 1031 3560 1156 3598; x_wconf 83' lang='lat' dir='ltr'>ctura</span> <span class='ocrx_word' id='word_1_447' title='bbox 1191 3569 1364 3611; x_wconf 78' lang='lat' dir='ltr'>graeca.</span> <span class='ocrx_word' id='word_1_448' title='bbox 1432 3556 1538 3602; x_wconf 86' lang='lat' dir='ltr'>Non</span> <span class='ocrx_word' id='word_1_449' title='bbox 1579 3558 1748 3606; x_wconf 73' lang='lat' dir='ltr'>obstat,</span> <span class='ocrx_word' id='word_1_450' title='bbox 1798 3555 1925 3613; x_wconf 79' lang='lat' dir='ltr'>quod</span> 
     </span>
    </p>
   </div>
   <div class='ocr_carea' id='block_1_16' title="bbox 1769 2595 1927 2688">
    <p class='ocr_par' dir='ltr' id='par_1_20' title="bbox 1769 2595 1927 2688">
     <span class='ocr_line' id='line_1_84' title="bbox 1782 2595 1927 2645; baseline 0.014 -17"><span class='ocrx_word' id='word_1_451' title='bbox 1782 2595 1927 2645; x_wconf 81' lang='lat' dir='ltr'>potest</span> 
     </span>
     <span class='ocr_line' id='line_1_85' title="bbox 1769 2643 1923 2688; baseline 0 -2"><span class='ocrx_word' id='word_1_452' title='bbox 1769 2643 1896 2688; x_wconf 84' lang='lat' dir='ltr'>relati</span> <span class='ocrx_word' id='word_1_453' title='bbox 1905 2671 1923 2678; x_wconf 87' lang='lat'><em>-</em></span> 
     </span>
    </p>
   </div>
   <div class='ocr_carea' id='block_1_17' title="bbox 1757 2530 2021 2573">
    <p class='ocr_par' dir='ltr' id='par_1_21' title="bbox 1757 2530 2021 2573">
     <span class='ocr_line' id='line_1_86' title="bbox 1757 2530 2021 2573; baseline -0.004 -1"><span class='ocrx_word' id='word_1_454' title='bbox 1757 2530 1928 2572; x_wconf 88' lang='lat' dir='ltr'>Verum</span> <span class='ocrx_word' id='word_1_455' title='bbox 1968 2570 1969 2573; x_wconf 74' lang='grc'>,</span> <span class='ocrx_word' id='word_1_456' title='bbox 2019 2549 2021 2551; x_wconf 63' lang='grc'><strong>’</strong></span> 
     </span>
    </p>
   </div>
  </div>
 </body>
</html>
