2138 4030
213 234 260 275 Α,
278 235 329 272 U.
348 235 431 270 823.

214 279 331 316 M,
371 281 431 314 m
646 235 821 297 ΜΒ.
857 234 931 297 11.
1011 228 1464 298 anteana
1794 302 1795 305 Ν
1847 241 1965 335 241

126 368 329 425 salutis
364 367 603 445 quidem
627 386 763 423 cura
789 365 1107 422 infamibus
1132 362 1406 420 Vaticani
1426 364 1570 423 locis
1594 387 1804 442 magna
1833 391 1968 446 pars

125 453 400 523 tetendit,
441 452 601 509 unde
638 452 874 507 crebrae
910 451 974 505 in
1011 450 1221 523 vulgus
1256 460 1490 510 mortes,
1578 463 1634 508 et
1666 453 1965 514 adiacente

123 536 334 594 Tiberi
362 535 798 595 Germanorum
826 532 1254 610 Gallorumque
1289 535 1540 594 obnoxia
1578 538 1802 594 morbis
1833 557 1964 597 cor..

121 643 264 698 pora
291 621 553 679 fluminis
578 621 823 677 aviditas
848 631 904 676 et
928 630 1118 675 aestus
1140 619 1502 693 impatientia
1525 611 1807 683 labefecit.
1860 624 1963 682 In..

122 727 296 782 super
329 707 604 763 confusus
636 705 921 780 pravitate
954 705 1049 760 vel
1081 704 1308 760 ambitu
1340 705 1487 760 ordo
1522 703 1787 767 militiae.
1871 728 1962 766 se-

122 793 308 848 decim
337 790 662 866 praetoriae
678 835 694 859 ‚
745 801 1023 865 quattuor
1046 789 1307 844 urbanae
1328 783 1596 844 cohortes
1622 790 1962 850 scribeban-

121 887 248 945 tur,
291 877 423 952 quis
444 876 674 948 singula
701 875 888 931 millia
914 875 1189 932 inessent.
1254 873 1386 946 plus
1412 873 1475 928 in
1502 893 1569 929 eo
1596 874 1825 933 delectu
1839 876 1960 935 Va-

121 962 247 1017 lens
292 962 570 1029 audebat,
638 971 916 1036 tanquam
969 960 1161 1034 ipsum
1200 955 1509 1014 Caecinam
1553 958 1816 1032 periculo
1861 982 1960 1018 ex-

121 1046 369 1105 emisset.
457 1065 595 1102 sane
640 1045 895 1100 adventu
941 1044 1066 1100 eius
1101 1054 1292 1118 partes
1331 1044 1751 1101 convaluerant
1785 1057 1842 1103 et
1879 1046 1961 1103 si-

120 1130 373 1193 nistrum
409 1129 555 1186 lenti
592 1130 817 1186 itineris
852 1142 1150 1186 rumorem
1191 1147 1468 1202 prospero
1504 1129 1730 1203 proelio
1768 1142 1961 1189 verte-

119 1226 234 1272 rat:
288 1209 597 1292 omnisque
625 1214 921 1270 inferioris
947 1210 1300 1270 Germaniae
1323 1212 1492 1268 miles
1515 1211 1826 1272 Valentem
1854 1218 1960 1273 ad-

119 1301 463 1361 sectabatur.
547 1299 707 1357 unde
741 1299 1001 1375 primum
1035 1297 1294 1354 creditur
1326 1294 1608 1354 Caecinae
1644 1299 1786 1357 fides
1821 1301 1961 1360 flui-

118 1397 282 1446 tasse.
1794 1432 1798 1436 ,

283 1467 497 1530 XCIV.
538 1466 812 1526 Ceterum
846 1487 970 1523 non
1004 1467 1084 1523 ita
1112 1467 1361 1522 ducibus
1392 1467 1639 1524 indulsit
1660 1467 1961 1540 Vitellius,

115 1566 182 1611 ut
213 1574 335 1610 non
371 1555 504 1630 plus
541 1555 717 1612 militi
755 1554 973 1613 liceret.
1059 1552 1172 1607 sibi
1209 1552 1454 1627 quisque
1488 1554 1763 1609 militiam
1800 1576 1963 1612 sum—

114 1658 297 1712 psere.
383 1636 651 1715 quamvis
677 1639 985 1711 indignus,
1028 1637 1078 1692 si
1105 1637 1183 1692 ita
1206 1638 1518 1706 maluerat,
1560 1639 1822 1695 urbanae
1846 1641 1963 1697 mi-

112 1723 273 1779 litiae
312 1725 775 1780 adscribebatur:
835 1741 1036 1778 rursus
1068 1722 1241 1777 bonis
1265 1742 1568 1778 remanere
1601 1723 1753 1779 inter
1778 1725 1964 1799 legio—

114 1809 312 1864 narios
335 1820 436 1866 aut
459 1810 641 1865 alares
665 1808 1004 1864 volentibus
1028 1807 1395 1882 permissum.
1454 1827 1562 1864 nec
1589 1809 1830 1867 deerant
1856 1811 1962 1888 qui

113 1998 256 2044 Gron.
294 2015 392 2057 sqq.
454 1998 577 2041 Idem
613 1999 757 2044 voluit
788 1998 895 2041 dare
931 1999 999 2041 ed.

112 2057 230 2114 Spir.
284 2056 391 2099 dum
443 2057 597 2100 scribit
610 2074 621 2100 ε
681 2058 1002 2098 imminebant.

110 2114 277 2157 Contra
327 2114 636 2156 imminuebat
687 2113 824 2156 MSS.
878 2113 999 2155 Harl.

110 2170 261 2214 Guelf.
286 2171 390 2213 edd.
407 2171 504 2214 Put.
528 2185 622 2229 sqq.
644 2171 698 2214 ad
712 2170 855 2229 Ryck.
877 2170 998 2225 (cum

109 2228 287 2273 silentio
313 2227 541 2284 Victorii).

165 2311 436 2367 infamibus.
507 2311 749 2365 verrufen,·
809 2310 890 2355 int.
938 2311 994 2354 ob

82 2394 91 2401 ·
108 2385 255 2412 aerel'n
279 2385 438 2427 parunt
460 2385 642 2428 purum·

162 2452 410 2494 adiacente
463 2452 632 2501 Tiberi.
721 2451 799 2495 Sic
860 2452 995 2495 codd.

108 2509 239 2552 MSS.
258 2509 378 2551 Flor.
405 2510 655 2563 (test.Vict.
681 2526 783 2552 cum
803 2509 996 2566 Ryekio)

107 2567 216 2623 Agr.
229 2565 340 2623 Reg.
358 2566 494 2610 Corb.
507 2566 623 2609 Bud.
640 2567 728 2622 (hic
743 2569 994 2622 adz'ocenti)

107 2623 208 2667 edd.
230 2623 347 2681 Spir.
381 2622 524 2682 Ryek.
552 2625 678 2667 Brot.
705 2625 804 2682 Rip.
831 2622 994 2667 Oberl.

105 2696 204 2738 sqq.
249 2705 300 2713 —
370 2681 637 2724 adiacentia
673 2682 829 2725 Tiberi
857 2680 994 2724 MSS.

107 2737 253 2781 Guels.
274 2737 395 2781 Harl.
411 2737 540 2781 Bodl.
559 2738 638 2782 les.
661 2740 762 2782 edd.
784 2738 882 2782 Put.
896 2755 993 2797 sqq.

105 2797 159 2840 ad
193 2794 414 2853 Ryckium
446 2803 487 2837 et
518 2804 619 2853 post
648 2796 870 2854 Ryckium
904 2796 993 2839 lac.

104 2852 248 2907 Gron.
269 2852 446 2895 Ernest.
507 2853 714 2896 Ernestio
747 2854 868 2896 enim
904 2853 993 2896 'ne-

121 2919 230 2951 ›tnm
258 2909 492 2953 videbatur
524 2911 674 2952 iacere
709 2918 751 2953 et
778 2911 993 2952 adiacere

103 2925 155 3009 ile
176 2965 376 3009 flumine.
434 2966 666 3024 Bipontini
690 2975 732 3012 et
747 2967 993 3010 Oberlinus

101 3024 155 3066 ad
197 3024 432 3065 adiacente
473 3023 728 3082 intelligunt
761 3024 990 3067 Vaticano

100 3096 264 3135 ωηψο
281 3112 292 3130 ,
321 3088 371 3122 ut
394 3079 547 3124 Tiberi
573 3081 609 3124 is
635 3081 835 3125 adiacere
865 3081 988 3125 ‹tica-

100 3145 187 3180 1ur.
257 3138 848 3197 Quam·interpretationem
895 3154 987 3180 esse

100 3203 350 3240 contortam
397 3211 490 3238 non
531 3205 595 3239 est
640 3196 761 3254 quod
809 3195 989 3239 uberius

72 3251 304 3295 doceam.
391 3250 534 3294 lm‘mo
573 3255 814 3295 adiacente
853 3267 984 3296 com-

97 3307 230 3362 mode
254 3308 444 3351 refertur
467 3308 521 3352 ad
543 3309 722 3351 Tiberi:
755 3326 855 3352 naun
884 3309 981 3365 epi-

98 3364 248 3408 theton
293 3365 348 3407 ab
390 3364 672 3416 hominibus,
718 3365 794 3425 qui
829 3366 980 3409 Tiberi

99 3414 379 3471 adiacebant,
431 3423 698 3465 transfertur
743 3424 796 3466 ad
836 3423 981 3480 ipsum

98 3476 308 3528 fluvium,
349 3479 474 3522 euius
507 3478 579 3522 hic
611 3481 780 3525 mentio
811 3479 858 3521 fit
889 3495 981 3523 non

48 3595 51 3599 ἶ
100 3541 148 3577 ut
182 3548 316 3591 aquae
349 3534 576 3587 fluentis„
599 3537 674 3580 sed
709 3537 896 3581 omuino
935 3545 983 3581 ut

181 3599 420 3653 TAct’rns
452 3600 544 3652 III.

1073 1998 1163 2048 rei,
1213 2012 1323 2054 quae
1370 1996 1429 2039 ib'i
1469 2005 1580 2041 erat·
1599 1998 1713 2043 iuxta
1753 2012 1964 2060 campum

1073 2054 1354 2098 Vaticanum.

1133 2113 1488 2167 Gallorumque.
1547 2111 1767 2173 Ed.Spi1-.
1794 2116 1960 2161 etMS.

1074 2169 1186 2213 Bud.
1228 2173 1644 2226 gadzmorumque,
1693 2172 1812 2216 unde
1845 2173 1961 2220 Rhe-

1070 2242 1214 2269 nanus
1238 2226 1502 2270 coniiciebat
1526 2230 1841 2274 Batavorum.
1900 2232 1960 2275 At

1068 2284 1337 2326 Batavorum
1366 2284 1573 2327 cohortes
1598 2286 1807 2331 remissae
1837 2304 1886 2330 su
1924 2305 1961 2334 r.

1070 2357 1109 2383 c.
1125 2341 1195 2383 69.
1230 2340 1479 2385 MSssorb.
1495 2341 1825 2387 Gadaum-um.
1852 2345 1887 2386 B!
1908 2345 1956 2390 S.

1069 2399 1193 2441 Flor.
1219 2397 1458 2441 testeVict.
1481 2398 1821 2456 Galurumque,
1850 2401 1958 2446 hine

1070 2453 1172 2497 illae
1208 2456 1452 2511 scripturae
1483 2457 1807 2501 aberrationes.
1868 2459 1958 2503 Sed

1068 2519 1273 2568 apertum
1307 2518 1372 2553 est
1402 2512 1565 2554 librum
1590 2512 1710 2558 Flor.
1735 2516 1815 2558 sibi
1844 2516 1957 2560 velle

1072 2571 1419 2622 Gallorumque.
1453 2567 1587 2611 Amat
1605 2578 1800 2614 autema
1845 2587 1898 2616 ro
1913 2589 1956 2617 ο.

1123 2625 1340 2667 aviditas.
1403 2623 1674 2669 MSS.F10r.
1688 2628 1805 2681 (test.
1860 2630 1956 2687 iet.)
1980 2663 1988 2671 .

1067 2681 1216 2725 Guelf.
1243 2682 1312 2725 ed.
1335 2680 1455 2738 Spir.
1477 2684 1726 2736 aviditate,
1755 2687 1879 2744 quod
1905 2686 1954 2731 in

1065 2739 1146 2783 hac
1169 2739 1403 2781 verborum
1434 2740 1545 2782 serie
1577 2749 1693 2783 stane
1724 2744 1881 2802 nequit
1910 2754 1956 2789 et

1062 2799 1250 2838 fortasse
1283 2803 1433 2838 ortum
1470 2804 1535 2842 est
1569 2797 1757 2843 admixta
1791 2802 1954 2860 copula

1063 2863 1130 2907 et,
1165 2869 1277 2911 quae
1304 2854 1518 2910 sequitur.
1748 2878 1750 2882 ·

1118 2911 1381 2953 exemisset.
1441 2909 1522 2952 Ed.
1561 2909 1658 2956 Ber.
1692 2915 1950 2971 eximis-set,

1063 2969 1182 3025 quod
1216 2966 1443 3010 Victorius
1484 2982 1507 3008 e
1550 2966 1653 3011 cod.
1692 2969 1812 3017 Flor.
1853 2989 1951 3017 cor-

1060 3025 1166 3067 rexit
1190 3027 1458 3067 emanasset.
1904 3064 1907 3066 ,

1115 3088 1342 3123 verterat.
1404 3081 1452 3122 ln
1469 3079 1566 3124 MS.
1581 3079 1731 3127 Guelf.
1755 3087 1948 3132 secunda

1059 3154 1216 3182 manns
1245 3154 1268 3179 e
1297 3145 1510 3180 verterat
1527 3136 1635 3182 fecit
1662 3136 1888 3187 verterat.

1113 3196 1456 3238 adsectabaeur.
1514 3195 1650 3238 MSS.
1671 3197 1794 3242 Harl.
1817 3200 1946 3245 Bodl.

1058 3253 1140 3294 les.
1162 3253 1542 3294 assectabantur:
1569 3253 1704 3298 MSS.
1725 3254 1877 3300 Guelf.
1904 3267 1948 3300 et

1056 3325 1078 3352 a
1099 3309 1292 3351 secunda
1315 3324 1450 3351 manu
1464 3307 1585 3353 Harl.
1605 3315 1945 3359 assectabatur.

1112 3365 1224 3408 CAP.
1263 3365 1334 3407 94.
1405 3372 1457 3407 ut
1497 3381 1595 3409 non
1632 3371 1754 3422 plus.
1844 3372 1941 3413 MS.

1055 3421 1204 3464 Guelf.
1230 3431 1325 3464 non
1348 3430 1400 3464 ul
1418 3425 1542 3476 plus.

1110 3493 1279 3522 rursus
1317 3481 1463 3523 bonas.

1055 3537 1231 3578 rursus.

1303 3596 1358 3670 Q

1543 3481 1624 3526 Ed.
1654 3482 1770 3540 Spir.
1817 3485 1946 3527 bonis
