2138 4030
195 205 412 287 22:⁸33:

669 207 845 284 ΜΒ.
864 208 942 269 v,
1021 205 1139 268 CA
1155 207 1222 268 P.
1259 210 1313 269 s.
1350 211 1405 267 9.
1840 203 1959 270 501

104 359 298 399 mores
339 336 704 397 Graecorum
751 338 891 393 «lare
930 336 1171 402 {aluisus
1211 357 1329 414 quo
1368 324 1579 396 minus
1602 340 1962 397 teterrimam

105 437 336 501 gentem
376 424 441 479 in
478 423 690 478 melius
732 432 985 479 mutaret
1019 417 1377 479 Parthorum
1422 423 1582 482 bello
1626 420 1961 500 prohibitus

107 523 210 571 est.
294 529 433 565 nam
471 527 535 563 ea
575 517 914 583 tempestate
947 503 1194 563 Arsaces
1229 507 1568 568 desciverat.

107 595 239 653 daei
274 591 707 651 Macedonibus
753 591 1061 660 invalidiS‚
1126 587 1363 648 Parthis
1415 595 1683 649 nondum
1741 594 1959 656 adultis

106 677 191 758 (et
213 677 476 737 Romani
501 677 709 751 procul
737 673 928 753 erant)
958 677 1071 732 sibi
1098 675 1212 751 ipsi
1250 696 1412 750 reges
1450 664 1808 752 imposuere:
1855 679 1959 755 qui

105 764 433 823 mobilitate
478 761 641 835 vulgi
688 761 944 835 expulsi,
1006 774 1300 836 resumpta
1343 781 1448 836 per
1483 783 1643 818 arma
1686 764 1959 820 domina-

106 851 304 920 tione,
345 850 510 920 fugas
536 846 784 915 civium,
822 845 1061 902 urbium
1092 847 1451 915 eversione8‚
1492 847 1771 918 fratrum,
1817 870 1958 905 con-

104 937 340 1008 iugum,
382 943 690 1007 parentum
730 951 900 986 neces
935 931 1164 1006 aliaque
1203 931 1373 987 solita
1415 932 1652 1005 regibus
1693 933 1814 988 ausi
1861 953 1958 989 su-
2004 987 2015 991 ἱ

105 1019 510 1096 perstitionem
548 1016 852 1072 fovebant:
898 1016 1035 1090 quia
1061 1012 1257 1072 honor
1285 1017 1595 1073 sacerdotii
1621 1017 1956 1073 firmamen-

107 1117 232 1163 tum
262 1103 557 1178 potentiae
584 1101 1017 1159 adsumebatur.
1504 1094 1506 1096 ’

278 1186 383 1247 ΙΧ.
467 1185 879 1244 Romanorum
929 1186 1154 1258 primus
1186 1184 1294 1242 Cu.
1343 1184 1660 1261 Pompeius
1714 1184 1960 1257 Iudaeos

106 1273 363 1331 domuit:
410 1271 815 1345 templumque
856 1270 983 1325 iure
1005 1270 1283 1326 victoriae
1308 1272 1602 1344 ingressus
1633 1283 1733 1330 est.
1821 1273 1960 1328 inde

104 1359 409 1432 vulgatum
445 1357 640 1414 nullas
673 1355 832 1411 intus
869 1356 1047 1410 deum
1087 1355 1330 1428 effigies:
1393 1376 1639 1413 vacuam
1671 1357 1866 1413 sedem
1905 1369 1960 1413 et

160 1620 373 1664 adnisus.
451 1616 528 1661 Sic
568 1616 668 1660 MS.
713 1615 840 1659 Flor.
883 1623 992 1658 teste

103 1678 323 1722 Victorio.
384 1675 443 1719 cf.
472 1678 559 1717 An.
598 1673 639 1724 3,
661 1674 730 1716 61.
756 1676 990 1716 adnisam.

1117 1620 1285 1671 procul
1319 1625 1469 1661 erant.
1555 1617 1632 1662 Sic
1663 1618 1801 1664 MSS.
1837 1619 1962 1663 Flor.

1067 1673 1318 1730 (tesLVict.
1346 1693 1448 1719 cum
1477 1675 1828 1733 lac-Gronovio)
1851 1677 1960 1733 Reg.

1658 507 1818 566 Tum
1859 508 1960 565 Iu—
1976 523 1989 582 J
2044 571 2047 574 Α

21 3112 34 3130 '⁹
79 3122 196 3171 ‘tuit
230 3131 380 3165 tamen
412 3119 594 3161 Tacitus
629 3131 777 3160 errare

103 1735 208 1778 MS.
233 1733 385 1777 Guelf.
418 1733 519 1777 edd.
548 1731 667 1789 Spir.
693 1730 871 1773 Puteol.
895 1747 992 1789 sqq.

103 1793 327 1836 adm'aeus.

96 1902 108 1927 x
157 1878 271 1905 nam
294 1877 351 1903 ea
379 1865 657 1913 tempestate
680 1859 884 1902 Arsaces
910 1861 997 1899 de-

103 1924 317 1964 sciverat.
407 1917 640 1960 Ernestius
695 1915 995 1973 suspicionem

106 1979 161 2021 de
181 1978 271 2021 hoc
292 1977 396 2020 loco
422 1974 567 2018 movit
589 1982 803 2031 tanquam
825 1974 996 2029 spurio.

104 2035 239 2079 Putat
283 2034 402 2078 enim
443 2031 649 2074 Tacitum
700 2046 850 2074 rerum
902 2046 999 2072 non

107 2102 196 2136 tam
235 2091 426 2135 inscium
465 2087 625 2141 fuisse,
675 2096 725 2131 ut
764 2087 992 2145 scripserit

105 2152 319 2193 Arsacem
370 2146 602 2190 descivisse
636 2161 687 2188 ea
715 2152 992 2201 tempestate,

102 2222 189 2266 qua
205 2222 279 2250 rex
289 2204 541 2250 Antiochus
555 2202 740 2245 ludaeos
757 2200 990 2244 vexaverit.

102 2262 509 2320 NamqueArsaces
537 2259 725 2303 descivit
747 2274 866 2302 armo
889 2258 991 2301 256.

105 2340 144 2367 a.
166 2321 272 2365 Chr.
299 2335 404 2375 rege
428 2315 652 2359 Antiocho
678 2317 734 2358 ll.
796 2316 990 2359 Centum

103 2378 230 2423 annis
254 2384 353 2435 post
373 2373 625 2419 Antiochus
649 2372 726 2415 1V.
755 2388 824 2414 res
860 2371 992 2428 gessit

103 2443 259 2481 contra
295 2433 496 2476 ludaeos.
573 2429 726 2487 ltaque
762 2428 992 2471 Ernestius

104 2493 258 2538 credit
279 2491 414 2535 verba
445 2488 553 2530 haec
591 2503 685 2530 esse
720 2486 994 2529 additamen-

102 2560 200 2596 tum
223 2545 419 2606 imperiti
445 2543 655 2588 hominis.
716 2542 808 2587 Alii
841 2543 992 2585 locum

106 2608 334 2665 vulgatum
366 2605 425 2646 ita
458 2601 705 2644 defendunt
740 2599 994 2655 suspicione

98 2660 481 2720 interpolationis,
511 2666 561 2701 ut
584 2660 794 2702 Arsacem
827 2655 990 2698 intelli·

102 2730 208 2782 gant
251 2735 345 2763 non
388 2718 586 2776 primum
618 2715 748 2758 illum
784 2714 879 2756 eius
914 2729 992 2755 no-

104 2779 238 2824 minis
264 2785 520 2823 auctorem,
563 2774 639 2816 sed
666 2788 807 2815 unum
832 2787 879 2813 ex
909 2771 992 2814 Ar-

103 2835 284 2886 sacidis,
315 2848 508 2891 quorum
532 2829 694 2888 singuli
711 2829 888 2873 Arsacis
911 2844 991 2870 no-

103 2894 226 2937 mine
272 2892 528 2934 utebantur.
614 2888 671 2930 Et
716 2884 991 2929 Antiochum

101 2950 376 3009 Epiphanem
410 2962 501 3005 quo
536 2961 591 2987 ue
625 2954 782 2988 contra
805 2941 992 2985 Parthos

103 3009 271 3054 bellum
305 3005 486 3064 gessisse
506 2961 633 3045 (iiaud
668 3009 869 3060 negatur.
932 3000 990 3042 cf.

65 3088 68 3090 ·
104 3065 311 3111 Maccab.
343 3061 439 3114 I‚'3,
459 3061 528 3103 31.
561 3059 618 3111 11,
639 3060 801 3115 9,l.sq
839 3089 848 3099 .
905 3057 991 3099 Po-

846 3131 867 3156 e
901 3116 992 3157 An-

100 3179 253 3226 tiocho
296 3193 419 3235 rege,
481 3175 555 3230 qui
595 3173 715 3217 illam
751 3188 846 3215 rem
887 3187 992 3214 cum

0 3292 3 3299 ‚
80 3237 277 3282 'Iudaeis
303 3234 479 3284 habuit,
509 3240 557 3274 ut
582 3232 794 3289 cogitaret
815 3229 870 3272 de
895 3230 991 3272 An-

103 3293 256 3341 tiocho
276 3293 342 3340 ll.
391 3290 622 3334 Broterius
643 3287 877 3331 emendat:
906 3288 992 3329 Ar-

103 3365 355 3396 menarum
407 3349 529 3391 bello
582 3346 843 3399 prohibitus
901 3352 994 3387 est.-

103 3424 223 3452 nam
256 3425 314 3451 ea
343 3411 622 3460 tempestate
646 3404 879 3446 Artaxias
908 3406 991 3445 de-

106 3468 319 3510 sciverat».
364 3498 366 3500 >
441 3461 500 3506 cf.
559 3461 756 3520 Appian.
820 3458 993 3521 Syriae.

107 3539 151 3581 p.
179 3523 276 3567 117.
298 3531 340 3565 et
365 3519 462 3565 131.

1070 1731 1206 1776 corb.
1236 1733 1349 1775 Bud.
1373 1731 1483 1790 Agr.
1511 1733 1617 1776 edd.
1640 1734 1758 1791 Spir.
1784 1734 1960 1801 Ernest.

1069 1793 1531 1906 {3¹Jg,‚f]1„.lf‘5;'gg{
1557 1792 1959 1892 13}‚⁸{335p21e⁸3‚

1067 1922 1163 1963 sqq.
1187 1905 1239 1948 ad
1261 1903 1535 1947 Ernestium.

1123 1978 1211 2019 sibi
1229 1976 1329 2030 ipsi.
1389 1975 1492 2019 MS.
1516 1974 1654 2019 Corb.
1681 1982 1723 2018 et
1748 1976 1819 2019 ed.
1839 1975 1960 2034 Spir.

1063 2038 1146 2078 sed
1166 2035 1272 2088 ipsi.

1082 2106 1095 2112 '
1121 2106 1326 2160 aliaque.

1065 2187 1121 2197 --
1156 2162 1265 2204 Mox
1308 2160 1379 2204 ed.
1418 2158 1628 2202 Beroald.
1663 2162 1820 2205 vitiose
1844 2160 1960 2220 fode

1062 2222 1204 2267 haut,
1247 2218 1374 2276 quod
1401 2216 1628 2260 Victorius
1659 2219 1852 2262 correxit
1874 2221 1961 2276 fo-

1063 2282 1254 2327 vebant,
1286 2276 1346 2317 uti
1380 2275 1510 2332 paulo
1537 2284 1638 2318 ante
1663 2281 1880 2319 nundum
1910 2277 1957 2321 in

1395 2101 1500 2145 MS.
1539 2102 1694 2147 Guelf.
1731 2106 1959 2164 aliasque.

1063 2338 1297 2381 nondum,
1328 2350 1428 2375 mox
1457 2336 1781 2376 assumebatur
1804 2333 1849 2376 in
1871 2340 1958 2378 ad·
2003 2366 2007 2369 κ
2036 2345 2044 2359 Χ

1063 2391 1361 2441 sumebatur,
1402 2389 1524 2446 quod
1563 2390 1695 2433 etiam
1732 2390 1804 2435 ed.
1836 2391 1963 2451 Spir.

1064 2447 1276 2506 praefert.

1124 2531 1235 2575 CAP.
1252 2530 1293 2572 9.
1329 2529 1744 2574 Iudaeosdomuie.
1785 2531 1960 2591 Lipsius

1065 2587 1330 2632 auctoritate
1369 2603 1556 2630 suorum
1603 2587 1821 2632 librorum
1855 2591 1958 2646 (Va-

1065 2647 1170 2689 ticc.
1193 2646 1408 2701 intellige)
1434 2645 1655 2688 deleverat
1681 2647 1957 2692 vocabulum

1065 2704 1298 2754 Iudaeos,
1340 2703 1462 2759 quod
1497 2702 1628 2746 etiam
1652 2720 1674 2746 a
1696 2702 1796 2746 MS.
1821 2705 1959 2750 Corb.

1065 2761 1212 2803 abest:
1243 2760 1432 2802 restituit
1447 2759 1641 2802 Pichena
1663 2776 1686 2801 e
1703 2760 1804 2806 MS.
1821 2762 1961 2815 Flor„

1064 2834 1169 2862 cum
1192 2834 1280 2873 quo
1309 2816 1440 2860 MSS.
1462 2816 1613 2859 Guelf.
1634 2817 1749 2861 Bud.
1785 2829 1828 2863 et
1854 2821 1956 2865 edd.

1062 2883 1164 2919 ante
1187 2874 1388 2932 Lipsium
1414 2890 1573 2917 omnes
1598 2876 1904 2922 consentiunt.

1119 2947 1276 2987 nullas
1301 2947 1427 2987 intus
1457 2948 1600 2988 deum
1629 2946 1820 3002 effigies.
1881 2949 1959 2994 Sic

1062 3002 1198 3046 MSS.
1233 3001 1383 3045 Guelf.
1413 3001 1540 3045 Harl.
1571 3002 1705 3046 Bodl.
1740 3005 1823 3050 les.
1858 3008 1960 3051 edd.

1062 3060 1165 3103 Put.
1193 3060 1261 3103 M.
1287 3067 1330 3101 et
1345 3057 1403 3103 V.
1428 3060 1638 3107 sseroatd.
1665 3062 1787 3117 (cum
1810 3063 1956 3107 silent.
2029 3082 2038 3085 “

1068 3118 1205 3186 Vict.)
1228 3115 1390 3216 ffiggt.
1408 3140 1464 3150 —
1514 3120 1651 3161 nulla
1671 3122 1797 3163 intus
1818 3125 1957 3166 deum

1064 3176 1268 3275 ἓξέἑέη.
1294 3174 1958 3290 Αιὲι.ἳζῖ11ἷ’1ἒ“ἑῗι”τῖῖῗῑῐιὶῑ’ἒῖῑ

1065 3289 1156 3356 lam
1182 3288 1465 3346 scripturam.
1526 3290 1693 3334 Nititur
1715 3291 1835 3335 enim
1863 3310 1960 3338 ma-

1065 3363 1162 3390 iore
1187 3353 1392 3389 veterum
1422 3346 1647 3391 librorum
1680 3350 1958 3397 auctoritate.

1065 3402 1288 3462 Displicet
1320 3403 1455 3448 etiam
1487 3404 1690 3448 Rhenani
1726 3407 1960 3467 scriptura.

1052 3460 1172 3518 quia
1193 3461 1331 3507 verba
1352 3465 1485 3506 nulla
1507 3464 1632 3505 intus
1655 3467 1796 3507 deum
1819 3465 1965 3525 effigie

1067 3532 1162 3586 non
1215 3516 1437 3564 habentur
1479 3520 1584 3564 loco
1627 3519 1734 3579 ipsis
1779 3522 1963 3570 idoneo.
