2138 4030
162 227 217 307 2:
234 224 294 304 ἕ·
312 223 401 304 ’ξῧῑ

646 224 827 288 ΜΒ.
863 223 972 288 111.
1048 220 1242 288 CAP.
1279 224 1381 288 58.
1818 180 1946 296 ses
1991 306 2001 311 A

79 361 421 428 fovebatur,
464 358 608 414 dum
633 352 844 429 vulgus
869 356 1150 430 ignavum
1175 367 1233 413 et
1259 352 1417 412 nihil
1441 347 1604 416 ultra⁴
1619 360 1932 420 verba‘au-

79 463 284 503 surum
315 441 461 500 falsa
495 439 684 518 specie
713 442 1030 498 exercitum
1059 453 1117 499 et
1141 439 1399 516 legiones
1426 445 1698 517 appellat.
1783 442 1931 504 hor-

75 530 342 588 tentibus
360 527 590 585 libertis
612 522 780 604 (nar-n
800 526 1127 583 amicorum
1152 527 1277 583 eius
1301 539 1521 603 quanto
1545 530 1676 605 quis
1698 531 1931 604 clarior,

75 614 275 672 minus
298 611 478 692 fidus)
502 611 704 669 vocari
730 608 920 668 tribus
950 606 1131 669 iubet.
1216 612 1421 668 dantes
1457 614 1702 671 nomina
1736 633 1930 674 sacra-

75 711 277 780 mento
314 699 515 772 adigit.
602 695 999 773 superfluente
1033 690 1416 755 multitudine
1446 695 1648 755 cui-am
1673 701 1938 759 delectus·

75 785 140 841 in
168 784 435 842 consules
455 776 726 858 partitur.
811 780 1134 839 Servorum
1155 801 1472 840 numerum
1493 795 1550 840 et
1573 786 1809 859 pondus
1832 808 1928 844 ar-

74 870 237 945 genti
265 861 635 926 senatoribus
661 866 886 924 indicit.
963 868 1185 944 equites
1205 865 1469 926 Romani
1495 869 1763 927 obtulere
1788 888 1937 946 ope-²

73 974 204 1012 ram
237 954 631 1029 pecuniasque
671 951 847 1010 etiam
882 952 1176 1008 libertinis
1209 951 1367 1008 idem
1388 963 1608 1011 munus
1633 955 1792 1011 ultro
1819 957 1930 1013 fla·-

75 1038 415 1113 gitantibus.
500 1035 591 1095 Ea
613 1035 911 1093 simulatio
940 1037 1121 1093 officii
1144 1057 1177 1094 a
1199 1048 1363 1094 metu
1390 1029 1649 1113 profecta
1674 1050 1938 1100 verterat

76 1126 141 1181 in
174 1125 456 1183 favorem.
543 1142 610 1179 ac
643 1122 912 1198 plerique
945 1117 1107 1179 haud
1141 1122 1390 1197 perinde
1416 1121 1727 1182 Vitellium
1752 1132 1931 1202 quam

76 1229 273 1267 casum
308 1210 623 1284 locumque
652 1207 1018 1284 principatus
1050 1207 1500 1269 miserabantur.
1585 1227 1695 1267 nec
1728 1210 1932 1269 deerat

77 1296 200 1371 ipse
232 1295 434 1363 vultu,
487 1313 630 1350 voce
647 1337 663 1362 ‚
717 1291 975 1349 lacrimis
1016 1292 1484 1349 misericordiam
1519 1294 1760 1365 elicere,
1809 1296 1933 1353 lar—

75 1399 182 1454 gus
218 1379 523 1454 promissis
550 1390 638 1446 et,
689 1397 838 1453 quae
866 1387 1078 1433 natura
1104 1371 1532 1452 trepidantium
1559 1390 1671 1449 est,
1706 1367 1936 1439 immo.

75 1465 260 1524 dicus,
329 1464 478 1540 quin
511 1474 569 1520 et
592 1460 900 1519 Caesarem
929 1481 988 1517 se
1015 1462 1133 1518 dici
1155 1463 1347 1522 voluit
1371 1476 1712 1539 aspernatus
1737 1478 1930 1537 antea,

74 1550 176 1606 sed
202 1561 343 1607 tunc
374 1547 787 1625 superstitione
823 1547 1086 1603 nominis
1120 1559 1178 1604 et
1214 1547 1354 1624 quia
1389 1548 1454 1604 in
1489 1562 1651 1610 metu
1687 1551 1933 1625 consilia

72 1634 457 1711 prudent-ium
493 1644 552 1691 et
582 1631 749 1706 vulgi
776 1651 986 1691 rumor
1023 1631 1186 1691 iuxta
1224 1633 1566 1692 audiuntur.
1653 1625 1938 1742 Ceterum

121 1879 291 1933 speeie.
316 1877 402 1922 Ed.
413 1874 628 1936 Spir.per
642 1874 968 1934 compendium
1040 1875 1135 1920 rius
1156 1891 1251 1920 esse
1273 1875 1450 1921 videtur
1468 1885 1514 1921 et
1536 1891 1671 1937 quam
1693 1880 1943 1926 confirmat·

72 1939 173 1992 sp?-
1041 1932 1146 1978 cod.
1169 1934 1301 1977 Bodl.
1322 1942 1422 1979 test.
1437 1934 1679 1983 Gronovio
1699 1947 1743 1982 et
1764 1937 1943 1984 Brute--

132 1995 391 2038 exercitum
410 2000 456 2035 et
472 1993 692 2045 legiones.
750 1989 969 2036 SicMSS.
1038 1991 1128 2034 rio·
1185 1990 1301 2035 Edd.
1336 1991 1443 2036 Put.
1477 1994 1544 2037 M.
1572 2002 1616 2037 et
1641 1995 1698 2040 V.
1720 1995 1934 2041 Beroald-

75 2053 198 2096 Flor.
229 2052 346 2106 (test.
372 2049 522 2103 Pich.)
553 2049 665 2106 Reg.
691 2047 831 2092 Corb.
867 2048 968 2091 edd.
1041 2050 1170 2103 (curn
1196 2047 1344 2092 silent.
1369 2050 1507 2106 Vict.)
1535 2051 1636 2097 Ale.
1657 2066 1755 2110 sqq.
1778 2053 1833 2097 ad
1853 2053 1936 2096 Era

77 2110 195 2167 Spir.
218 2109 343 2153 Pieh.
364 2108 582 2163 Bernegg.
605 2121 708 2163 sqq.
739 2130 794 2138 -—
837 2120 971 2148 exer·
1039 2106 1232 2148 uestium
1265 2106 1415 2161 officia
1448 2115 1579 2151 metu
1607 2109 1848 2166 profecta,
1888 2119 1934 2154 et

75 2170 187 2210 citus
218 2175 262 2208 et
292 2167 493 2220 legiones
518 2163 647 2207 MSS.
671 2162 819 2206 Guelf.
843 2162 965 2206 Harl.
1037 2160 1097 2205 ita
1120 2162 1256 2206 MSS.
1284 2162 1437 2222 Gueaelf.
1474 2165 1514 2220 (a
1549 2167 1743 2211 secunda
1778 2171 1935 2225 manu)

75 2223 207 2270 Bodl.
233 2223 313 2265 les.
337 2222 451 2265 Eud.
472 2221 573 2265 edd.
597 2221 700 2264 Put.
715 2221 820 2265 Ber.
841 2221 966 2275 (cum
1038 2218 1165 2263 Harl.
1208 2219 1290 2266 les.
1336 2244 1392 2254 —
1461 2222 1616 2280 officia
1651 2233 1782 2267 metu
1814 2241 1937 2281 pro—

75 2281 222 2325 silent.
236 2279 375 2336 Vict.)
393 2278 494 2323 Alc.
515 2295 616 2337 sqq.
637 2278 693 2321 ad
705 2278 966 2321 Pichenam.
1025 2275 1158 2332 secto
1181 2277 1283 2323 MS.
1299 2277 1407 2336 Reg.
1433 2279 1503 2323 ed.
1529 2280 1650 2339 Spir.
1709 2282 1935 2326 Mendum

131 2357 300 2396 dantes
330 2353 546 2394 nomina:
603 2350 680 2393 Sic
699 2350 801 2394 MS.
827 2349 967 2393 Corb.
1040 2333 1267 2378 librorum
1330 2335 1439 2379 inde
1501 2339 1630 2404 ῘΞἮΧὶῑ
1696 2355 1748 2382 01'
1751 2339 1934 2395 iginssflh

77 2411 177 2455 edd.
212 2411 328 2466 Spir.
365 2407 577 2451 Beroald.
622 2407 742 2462 (cum
784 2407 966 2450 silentio
1041 2391 1166 2458 q¹3⁰d
1200 2409 1281 2461 Ρθῑζ
1311 2401 1446 2437 contr
1447 2402 1675 2439 achonem
1712 2398 1934 2456 scriptum

78 2467 328 2524 Vict.)Al‹:.
342 2466 484 2509 Rhen.
505 2481 601 2523 sqq.
636 2489 694 2497 —
751 2468 870 2507 data
889 2479 968 2506 no·
1036 2450 1125 2493 fust
1157 2450 1276 2505 ⁰ffi⁶¹
1295 2466 1381 2508 ΡΥ0
1406 2451 1562 2508 Offissl'l'·

77 2527 210 2568 mina
239 2525 374 2568 MSS.
399 2522 552 2567 Guelf.
577 2521 701 2567 Harl.
725 2521 854 2564 Bodl.
882 2522 967 2566 les.
1094 2536 1152 2563 ao
1169 2522 1388 2579 plerique.
1446 2522 1523 2566 Sic
1542 2523 1646 2568 MS.
1668 2523 1796 2569 Flor.
1819 2527 1937 2582 (test.

78 2582 294 2626 edd.Put.
317 2581 389 2624 M'.
409 2590 453 2624 et
463 2580 520 2623 V.
554 2605 612 2612 -—
669 2585 754 2624 dat
774 2580 969 2621 nomina
1039 2576 1180 2635 vict.)
1199 2579 1273 2622 ed.
1293 2579 1411 2636 Spir.
1425 2611 1438 2628 ‚
1469 2580 1591 2623 unde
1611 2582 1659 2624 in
1681 2583 1834 2626 locum
1854 2600 1934 2627 re-

76 2639 180 2684 MS.
205 2639 348 2690 Eud„
371 2638 506 2681 -unde
528 2637 771 2682 Rhenanus
792 2635 970 2679 volebat

77 2698 174 2741 fieri
222 2701 340 2740 dant
391 2696 616 2745 nomina,
673 2701 972 2739 sacramento

79 2756 240 2810 adigit.
299 2754 386 2798 Sed
412 2760 591 2810 recepta
614 2753 836 2811 scriptura
856 2752 972 2794 hene

31 2844 38 2850 κ
79 2829 128 2856 se
157 2812 310 2863 habet,
350 2820 393 2855 et
414 2811 450 2854 si
475 2810 751 2868 displiceret,
791 2808 972 2852 mallem

78 2872 196 2912 data
215 2870 407 2912 nomina
429 2882 563 2926 quam
581 2866 787 2911 Rhenani
813 2881 973 2909 emen-

81 2927 325 2971 dationem.

139 2985 315 3031 indicit.
399 2981 476 3025 Sic
517 2979 655 3024 MSS.
685 2981 811 3024 Flor.
856 2981 972 3035 (test.

84 3041 221 3098 vict.)
265 3039 418 3084 Guelf.
458 3038 572 3082 Bud.
623 3037 786 3095 aliique
840 3037 974 3082 codd.

81 3098 216 3143 MSS.
243 3097 480 3154 edd.Spir.
496 3095 761 3139 Rhen.Ald.
784 3111 883 3153 sqq.
914 3117 974 3127 —

83 3158 257 3200 inducit
277 3155 382 3199 edd.
404 3154 506 3197 Put.
527 3153 597 3196 M.
622 3159 665 3195 et
688 3151 747 3196 V.
766 3150 975 3197 Beroald.

82 3213 188 3260 Alc.

135 3270 464 3327 pecuniasque.
521 3266 626 3311 MS.
650 3266 765 3311 Bud.
792 3265 976 3311 ed.Lal-

84 3328 171 3371 l‘e'm
180 3328 281 3371 and.
301 3327 649 3382 pecuniamque.

144 3384 559 3429 etiamvlibereinis.
619 3380 719 3425 MS.
742 3379 898 3425 Guelf.
930 3390 975 3424 et

87 3442 330 3486 libertinis.
370 3486 375 3491 ,

143 3499 282 3555 officii
332 3513 374 3542 a>
419 3504 550 3542 metu
597 3494 825 3551 profecta.
911 3495 975 3538 Ex

90 3555 401 3602 emendatione
411 3553 631 3605 Ernesfii,
665 3568 752 3613 qua
773 3552 885 3599 nihil
905 3568 974 3597 ve-

1040 2635 1178 2692 eipi0.
1202 2663 1261 2672 -
1302 2643 1356 2678 at
1368 2638 1576 2694 plerique
1596 2638 1696 2681 MS.
1713 2637 1854 2685 corb.
1875 2653 1935 2681 .·-..·

1043 2699 1088 2735 et
1126 2694 1334 2750 plerique
1379 2693 1491 2746 (sive
1529 2697 1788 2756 plaerique)
1823 2697 1935 2744 ‘MS.

1043 2749 1195 2794 Guelf.
1225 2751 1323 2794 edd.
1344 2749 1447 2793 Put.
1469 2751 1538 2795 M.
1561 2760 1604 2794 et
1625 2752 1681 2796 V.
1703 2753 1809 2799 Ber.
1828 2755 1933 2803 Alc.

1043 2823 1143 2866 sqq.
1172 2807 1227 2851 ad
1252 2807 1373 2850 hune
1397 2808 1530 2852 diem.
1768 2807 1770 2810 ’

1098 2867 1226 2907 haud
1256 2867 1465 2920 perinde.
1534 2866 1619 2910 Ed.
1653 2867 1772 2926 Spir.
1807 2872 1939 2915 haud

1041 2924 1250 2978 provide.
1307 2922 1416 2965 Mox
1437 2922 1629 2982 pessima
1662 2934 1727 2969 est
1756 2924 1938 2986 plenior

1043 2979 1374 3038 interpuncti0‚
1437 2994 1571 3037 quam
1620 2982 1722 3027 edd.
1778 2983 1939 3030 Oberl.

1044 3053 1143 3095 sqq.
1178 3037 1434 3080 admittunt·
1462 3045 1563 3095 post
1606 3040 1714 3096 ipse.
1786 3041 1937 3086 Immo

1046 3097 1206 3139 elicere
1229 3093 1394 3150 pendet
1417 3110 1440 3136 e
1462 3095 1602 3139 verbo
1626 3100 1801 3142 deerat.
1860 3099 1936 3144 Si-

1046 3152 1167 3196 milia
1190 3159 1294 3193 sunt
1309 3152 1396 3194 An.
1409 3152 1530 3202 1238.
1548 3156 1755 3208 perstitit
1775 3171 1936 3213 asper-

1048 3211 1184 3259 παν-ῖς
1220 3208 1262 3259 6,
1281 3210 1324 3252 2.
1346 3211 1513 3252 orabat
1532 3213 1732 3268 deligere
1744 3231 1759 3265 ,·
1799 3217 1866 3263 11,
1889 3216 1935 3260 9.

1048 3267 1273 3322 pepigere
1380 3297 1391 3309 .
1424 3268 1592 3311 ulcisci.
1654 3270 1713 3314 cf.
1748 3279 1845 3314 not.
1881 3273 1937 3316 ad

1045 3323 1159 3367 Hist.
1182 3323 1226 3374 4,
1251 3323 1291 3366 1.
1318 3336 1404 3367 nec
1422 3327 1583 3368 deerat
1607 3358 1619 3370 .
1635 3357 1647 3370 .
1668 3358 1678 3368 .
1696 3331 1906 3381 prodere.

1102 3382 1437 3435 superstitione.
1497 3383 1578 3426 Ed.
1601 3384 1718 3442 Spir.
1755 3394 1799 3428 et
1832 3382 1935 3432 MS.

1047 3439 1159 3495 Agr.
1175 3451 1266 3492 pro
1288 3440 1631 3494 superstitione.
1759 3487 1779 3502 n

1109 3501 1152 3538 et
1192 3497 1332 3550 vulgi.
1378 3497 1502 3541 «MS.
1535 3497 1686 3544 Guelf.
1720 3514 1779 3543 no
1813 3502 1943 3560 vulgi

1049 3553 1110 3607 (h.
1134 3569 1176 3598 e.
1201 3560 1293 3597 non
1313 3555 1489 3610 vulgi).
