2138 4030
222 246 349 307 370
436 224 439 262 ‡
793 240 1511 325 thsTORIARUM
1765 244 1998 337 1ξὲζὶΨῆ

223 373 468 449 egregiis
495 372 806 451 utriusque
831 371 1204 431 orationibus
1231 383 1524 457 testatum.
1560 414 1563 415 ν
1600 395 1741 445 mox
1764 377 1950 449 dubia
1974 399 2085 449 vo-

222 461 448 516 luntate
475 456 735 529 Galbae,
772 459 975 517 multis
1001 469 1341 516 senatorum
1367 460 1847 536 deprecantibus,
1884 462 2083 522 omisit

222 541 459 602 Prisclis
473 589 490 615 ‚
539 544 751 616 variiS,
805 555 874 601 ut
895 554 1033 600 sunt
1051 539 1366 602 hominum
1389 545 1627 619 ingenia
1641 592 1659 617 ,
1708 549 2082 616 sermonibus

223 629 693 687 moderationem
742 627 1116 687 laudantium
1168 640 1271 686 aut
1329 631 1718 697 constantiam
1770 633 2083 710 requiren-

224 714 392 774 tium.
479 712 758 773 Ceterum
793 709 867 770 eo⁴
896 721 1133 773 ‘senatus
1167 714 1290 784 die,
1333 736 1450 792 quo
1476 718 1548 773 de
1574 717 1826 792 imperio
1854 716 2082 794 Vespa-

224 799 377 856 siani
423 802 767 869 censebant,
830 798 1133 874 placuerat
1169 799 1328 857 mitti
1367 802 1442 858 ad
1478 802 1808 878 principem
1846 804 2082 877 legato&

225 880 368 963 hinc
399 885 556 942 inter
575 883 924 941 Helvidium
950 895 1008 940 et
1029 880 1285 959 Eprium
1318 905 1452 942 acre.
1481 887 1760 961 iurgium.
1843 887 2081 945 Priscus

225 970 364 1044 eligi
394 969 750 1027 nominatim
788 990 823 1026 a
858 969 1297 1043 magistratibus
1332 971 1571 1042 iuratiS,
1622 971 1944 1043 Marcellus
1975 992 2081 1030 ur·-

224 1075 366 1112 nam
401 1055 769 1132 postulabat,
811 1074 962 1133 quae
1000 1055 1260 1111 consulis
1296 1051 1583 1130 designati
1624 1059 1912 1117 sententia
1948 1059 2078 1116 fue-

224 1152 334 1201 rat.

391 1221 532 1284 VII.
577 1223 699 1282 Sed
727 1220 1006 1298 Marcelli
1041 1224 1302 1282 studium
1336 1226 1612 1301 proprius
1641 1227 1827 1285 rubor
1863 1228 2082 1297 excita-

222 1312 359 1380 bat,
406 1329 483 1366 ne
518 1309 651 1367 aliis
687 1309 885 1368 electis
919 1306 1290 1386 posthabitus
1326 1303 1697 1372 crederetur.
1764 1313 2082 1389 paulatim-

223 1415 336 1472 que
360 1415 466 1471 per
499 1394 939 1453 altercationem
965 1397 1039 1451 ad
1077 1397 1387 1453 continuas
1420 1408 1477 1454 et
1500 1392 1738 1456 infestas
1781 1397 2077 1456 orationes

220 1481 486 1562 provecti
535 1492 706 1551 sunt,
764 1492 1091 1558 vquaerente
1131 1479 1413 1538 Helvidio
1453 1483 1600 1559 quid
1639 1484 1722 1540 ita
1759 1478 2083 1540 Marcellus

221 1565 998 1645 iudicium.magistratuum
1031 1565 1408 1642 pavesceret‘?
1475 1587 1596 1624 esse
1643 1568 1736 1624 illi
1765 1569 2078 1644 pecuniam

222 1662 281 1709 et
306 1651 736 1728 eloquentiam,
781 1653 914 1729 quis
941 1653 1160 1709 multos
1180 1652 1458 1722 anteiret,
1507 1654 1576 1710 ni
1601 1653 1888 1710 memoria
1913 1653 2084 1727 flagi-

221 1736 443 1794 tiorum
489 1747 816 1811 urgeretur.
905 1736 1076 1796 Sorte
1115 1750 1172 1796 et
1213 1758 1366 1795 urna
1403 1757 1598 1796 mores
1634 1758 1760 1796 non
1799 1737 2081 1796 discerni:

277 1958 532 2014 utriusque.
591 1957 802 2001 Muretus
826 1959 990 2001 frustra
1012 1973 1118 2001 con·
1248 1960 1372 2003 hinc.
1431 1956 1538 2011 MS.
1561 1949 1714 2003 Guelf.
1736 1961 1822 2003 hoc
1833 1975 1851 2014 3
1875 1959 1922 2002 in
1942 1974 2084 2018 marg.

221 2015 328 2058 iecit
371 2017 606 2071 utrinque.
677 2015 919 2059 Rhenanus
955 2031 977 2058 e
1016 2015 1117 2059 MS.
1189 2018 1306 2061 hinc.

220 2073 339 2115 Bud.
405 2072 529 2116 hune
602 2074 848 2118 verborum
912 2072 1119 2116 ordinem

219 2128 474 2173 instituerat
495 2145 508 2172 ε
582 2131 776 2184 egregiis
828 2131 1120 2173 orationibus
1248 2116 1279 2142 ⁰
1305 2100 1679 2153 magistratibus·
1739 2098 2020 2150 Μὸἒῖρωθπ·
2054 2117 2086 2144 ⁰

222 2187 472 2243 utriusque.
530 2186 729 2245 Ryckius
756 2197 954 2232 veterem
990 2186 1119 2230 ordi-

223 2260 328 2288 nem
364 2246 596 2290 revocavit
631 2260 654 2287 e
687 2244 825 2288 MSS.
849 2245 972 2287 Flor.
1008 2246 1118 2301 Agr.

222 2301 323 2345 edd.
355 2309 456 2344 ante
480 2300 772 2354 Rhenanum,
818 2318 922 2346 cum
955 2302 1118 2360 quibus

222 2359 483 2460 {tonsgraxlift
517 2359 651 2460 {IS}
684 2359 794 2419 Reg.
833 2359 951 2403 Harl.
984 2358 1116 2402 Bodl.

247 2432 306 2461 es.
379 2431 434 2459 ue
476 2447 489 2460 .
557 2432 609 2461 or
644 2449 656 2461 .

602 2500 708 2546 MS.
749 2500 866 2546 Bud.
921 2511 965 2546 et
1013 2502 1120 2546 inde

224 2556 327 2601 edd.
360 2557 507 2603 Rhen.
529 2555 635 2602 Ald.
659 2558 839 2617 Micyll.
874 2568 1122 2604 certatum.

224 2614 402 2673 Lipsius
439 2623 635 2659 veterem
674 2618 941 2675 scripturam
987 2617 1122 2662 resti-

224 2673 323 2715 tuit.
383 2671 588 2731 intellige
619 2675 875 2719 certaminis
909 2675 1027 2719 illius
1051 2683 1120 2718 te-

224 2729 437 2773 stimonia
489 2730 761 2788 superfuisse
824 2733 874 2776 in
934 2733 1122 2792 egregiis

224 2787 459 2844 utriusque
494 2788 802 2842 orationibus,
849 2807 962 2851 quae
993 2791 1121 2835 ades-

228 2851 328 2887 sent
351 2844 527 2890 Tacitb.
592 2853 593 2857 ’

281 2506 525 2545 testatum.

285 2941 339 2968 eo
374 2937 573 2974 senatus
607 2933 698 2974 die.
766 2931 998 2977 Ernestius
1035 2933 1125 2977 hoc

229 2982 400 3027 factum
425 2987 566 3031 credit
591 2988 679 3032 alio
715 2988 786 3034 die
819 2998 862 3034 et
892 2999 1125 3037 conventu

228 3048 405 3084 senatus
442 3059 578 3100 quam
609 3046 664 3089 de
698 3064 790 3105 quo
823 3048 986 3091 Noster
1019 3048 1125 3092 dixit

232 3112 441 3165 supra-c.
468 3100 511 3144 3.
596 3101 765 3148 Contra
787 3106 1038 3164 Bipontinis
1082 3112 1126 3147 et

231 3153 456 3199 Oberlmo
478 3158 692 3204 videntur
726 3171 846 3220 gesta
875 3164 1008 3206 unius
1039 3162 1126 3206 diei

228 3211 460 3280 hucusque
484 3231 771 3272 procurrere.
809 3220 967 3265 Recte.
1009 3220 1126 3263 Nam

229 3286 267 3313 si
291 3280 528 3337 vera-esset
550 3272 743 3320 Ernestii
771 3278 950 3335 opinio,
990 3277 1127 3321 Taci-

229 3335 303 3370 tus
326 3338 574 3385 scripsisset
597 3343 856 3387 censerent,
888 3352 984 3380 non
1013 3350 1145 3379 cen--

231 3385 410 3451 sebqnf.
485 3385 613 3430 Dum
644 3388 732 3433 hoe
768 3391 921 3450 ponit,
969 3400 1122 3452 aperte

229 3449 414 3500 resplclt
445 3442 500 3485 ad
532 3453 632 3488 ante
668 3447 798 3491 dieta.
858 3450 920 3494 cs.
945 3458 1044 3495 not.
1067 3450 1122 3493 ad

232 3498 323 3542 An.
356 3500 400 3547 2,
430 3499 488 3543 26
522 3501 605 3545 sub
641 3519 712 3548 νν.
745 3511 1011 3552 consultum
1051 3515 1123 3553 est

234 3564 277 3599 et
297 3555 350 3611 35
359 3556 416 3600 69
437 3557 519 3602 sub
541 3574 584 3605 v.
607 3563 933 3615 vulgabantur.

1191 2159 1514 2211 magistratus.

1248 2256 1440 2286 urnam.
1497 2239 1582 2284 Ed.
1603 2239 1724 2299 Spir.
1744 2243 1792 2289 in
1811 2254 1998 2286 umam.

1244 2341 1543 2397 postulabat,
1581 2357 1712 2398 quae.
1774 2341 1910 2391 MSS.
1947 2342 2085 2387 Corb-

1191 2408 1236 2443 et
1257 2399 1367 2458 Agr.
1393 2400 1666 2456 postulabat
1686 2406 1733 2442 et
1753 2414 1890 2457 quae.

1252 2498 1366 2543 CAP.
1388 2498 1432 2542 7.
1486 2499 1796 2555 posthabitus.
1857 2500 1958 2545 MS.
1970 2499 2086 2544 Bud.

1188 2559 1476 2614 prehabz'tuS.
1537 2558 1591 2600 In
1623 2555 1784 2601 Guelf.
1810 2556 1984 2602 litterae
1999 2564 2090 2608 ,ose

1193 2623 1299 2659 sunt
1330 2631 1354 2657 a
1382 2613 1578 2658 secunda
1609 2629 1746 2657 manu
1779 2621 1821 2658 et
1845 2616 1900 2658 ‘in
1933 2615 2085 2659 litura.

1195 2672 1395 2715 Varietas
1418 2671 1636 2728 originem
1661 2671 1793 2714 traxit
1817 2687 1840 2715 e
1863 2687 2087 2730 compen-

1193 2729 1269 2773 dio
1298 2729 1563 2787 scripturae.
1622 2728 1681 2772 cs.
1705 2737 1799 2775 not.
1824 2729 1881 2773 ad
1907 2731 1993 2774 An.
2019 2730 2087 2782 14,

1194 2787 1265 2830 56.
1289 2788 1371 2829 sub
1396 2802 1438 2831 v.
1456 2787 1710 2840 postponis,

1248 2884 1337 2924 per
1360 2872 1715 2914 altercationem
1736 2873 1803 2912 ad
1831 2871 2087 2914 continuas.

1193 2926 1276 2971 Ed.
1297 2926 1417 2986 Spir.
1436 2942 1526 2983 per
1549 2928 1883 2970 alterationem
1905 2928 1954 2969 in
1977 2941 2089 2970 con-

1195 2986 1370 3028 tinuas.
1432 2986 1599 3030 hadem
1618 3000 1719 3028 mox
1741 2985 2022 3030 Marcellius.

1255 3077 1529 3126 quaerente.
1620 3066 1723 3112 MS.
1775 3066 1926 3114 Guelf.
1971 3084 2087 3126 que-

1195 3147 1343 3183 rente.
1413 3139 1540 3184 Idem
1572 3138 1687 3182 liber
1715 3154 1818 3182 mox
1841 3146 1879 3199 a
1906 3140 1975 3183 ita
2002 3154 2086 3198 pro

1198 3199 1307 3254 quid
1330 3197 1400 3240 ita

1254 3287 1509 3335 urgeretur.
1569 3279 1647 3325 Sic
1679 3279 1817 3324 MSS.
1841 3279 1965 3324 Flor.
2001 3278 2086 3337 (ibi

1194 3346 1262 3438 {²3¹
1297 3344 1753 3438 ffiri'iwimfsdieie
1789 3335 1929 3438 x'1⁵3⁰‘13
1971 3335 2084 3437 ¹³33·

1191 3411 1294 3496 Ριιιιῐῗ
1306 3425 1402 3551 εἰς.
1420 3411 1479 3488 ἶ
1491 3411 1684 3507 ὐπὲἶνεὶ
1700 3411 1804 3496 leS.
1819 3410 1954 3496 Golrti.
1979 3411 2084 3495 {ddi

1191 3511 1310 3577 Spir.·
1366 3510 1448 3567 ips.
1468 3508 1654 3555 Gruter.
1686 3533 1744 3545 —··
1802 3507 1998 3555 Pichena
2018 3523 2085 3554 te-

1190 3577 1332 3613 stituit
1354 3575 1614 3621 urgeretur.
