<?xml version="1.0" encoding="UTF-8"?>
<!DOCTYPE html PUBLIC "-//W3C//DTD XHTML 1.0 Transitional//EN"
    "http://www.w3.org/TR/xhtml1/DTD/xhtml1-transitional.dtd">
<html xmlns="http://www.w3.org/1999/xhtml" xml:lang="en" lang="en">
 <head>
  <title>
</title>
<meta http-equiv="Content-Type" content="text/html;charset=utf-8" />
  <meta name='ocr-system' content='tesseract 3.04.00' />
  <meta name='ocr-capabilities' content='ocr_page ocr_carea ocr_par ocr_line ocrx_word'/>
</head>
<body>
  <div class='ocr_page' id='page_1' title='image "./operarecensuitet03taciuoft/operarecensuitet03taciuoft_0215.png"; bbox 0 0 2138 4030; ppageno 0'>
   <div class='ocr_carea' id='block_1_1' title="bbox 603 260 1947 332">
    <p class='ocr_par' dir='ltr' id='par_1_1' title="bbox 603 260 1947 332">
     <span class='ocr_line' id='line_1_1' title="bbox 603 260 1947 332; baseline -0.003 -5"><span class='ocrx_word' id='word_1_1' title='bbox 603 266 781 328; x_wconf 70' lang='grc' dir='ltr'><strong>ΜΒ.</strong></span> <span class='ocrx_word' id='word_1_2' title='bbox 819 264 895 326; x_wconf 85' lang='lat'><strong>11.</strong></span> <span class='ocrx_word' id='word_1_3' title='bbox 977 260 1169 325; x_wconf 74' lang='lat' dir='ltr'><strong>CAP.</strong></span> <span class='ocrx_word' id='word_1_4' title='bbox 1199 265 1300 327; x_wconf 80' lang='lat'><strong>63.</strong></span> <span class='ocrx_word' id='word_1_5' title='bbox 1330 267 1433 328; x_wconf 81' lang='lat'><strong>64.</strong></span> <span class='ocrx_word' id='word_1_6' title='bbox 1822 271 1947 332; x_wconf 75' lang='lat'><strong>205</strong></span> 
     </span>
    </p>
   </div>
   <div class='ocr_carea' id='block_1_2' title="bbox 95 395 1952 899">
    <p class='ocr_par' dir='ltr' id='par_1_2' title="bbox 95 395 1952 899">
     <span class='ocr_line' id='line_1_2' title="bbox 97 395 1951 471; baseline 0.002 -15"><span class='ocrx_word' id='word_1_7' title='bbox 97 419 298 457; x_wconf 86' lang='lat' dir='ltr'><strong>versus</strong></span> <span class='ocrx_word' id='word_1_8' title='bbox 341 417 528 454; x_wconf 88' lang='lat' dir='ltr'><strong>seram</strong></span> <span class='ocrx_word' id='word_1_9' title='bbox 564 397 795 452; x_wconf 80' lang='lat' dir='ltr'><strong>veniam</strong></span> <span class='ocrx_word' id='word_1_10' title='bbox 834 404 964 470; x_wconf 90' lang='lat' dir='ltr'><strong>post</strong></span> <span class='ocrx_word' id='word_1_11' title='bbox 1011 395 1198 471; x_wconf 71' lang='lat' dir='ltr'><strong>scelus</strong></span> <span class='ocrx_word' id='word_1_12' title='bbox 1238 398 1570 471; x_wconf 88' lang='lat' dir='ltr'><strong>quaerebat.</strong></span> <span class='ocrx_word' id='word_1_13' title='bbox 1669 414 1951 460; x_wconf 86' lang='lat' dir='ltr'><strong>cunctan-</strong></span> 
     </span>
     <span class='ocr_line' id='line_1_3' title="bbox 100 479 1952 559; baseline -0.001 -18"><span class='ocrx_word' id='word_1_14' title='bbox 100 497 219 541; x_wconf 87' lang='lat' dir='ltr'><strong>tem</strong></span> <span class='ocrx_word' id='word_1_15' title='bbox 254 503 427 559; x_wconf 86' lang='lat' dir='ltr'><strong>super</strong></span> <span class='ocrx_word' id='word_1_16' title='bbox 461 493 620 539; x_wconf 87' lang='lat' dir='ltr'><strong>tanta</strong></span> <span class='ocrx_word' id='word_1_17' title='bbox 657 502 719 536; x_wconf 93' lang='lat' dir='ltr'><strong>re</strong></span> <span class='ocrx_word' id='word_1_18' title='bbox 746 480 1020 536; x_wconf 85' lang='lat' dir='ltr'><strong>Flavium</strong></span> <span class='ocrx_word' id='word_1_19' title='bbox 1055 479 1345 536; x_wconf 85' lang='lat' dir='ltr'><strong>Sabinum</strong></span> <span class='ocrx_word' id='word_1_20' title='bbox 1370 481 1606 540; x_wconf 89' lang='lat' dir='ltr'><strong>Triaria</strong></span> <span class='ocrx_word' id='word_1_21' title='bbox 1628 483 1697 545; x_wconf 88' lang='lat' dir='ltr'><strong>L.</strong></span> <span class='ocrx_word' id='word_1_22' title='bbox 1724 485 1952 544; x_wconf 84' lang='lat' dir='ltr'><strong>Vitellii</strong></span> 
     </span>
     <span class='ocr_line' id='line_1_4' title="bbox 97 565 1948 647; baseline 0.001 -21"><span class='ocrx_word' id='word_1_23' title='bbox 97 589 272 638; x_wconf 84' lang='lat' dir='ltr'><strong>uxor,</strong></span> <span class='ocrx_word' id='word_1_24' title='bbox 313 569 469 625; x_wconf 87' lang='lat' dir='ltr'><strong>ultra</strong></span> <span class='ocrx_word' id='word_1_25' title='bbox 499 567 781 622; x_wconf 87' lang='lat' dir='ltr'><strong>feminam</strong></span> <span class='ocrx_word' id='word_1_26' title='bbox 815 565 1007 634; x_wconf 81' lang='lat' dir='ltr'><strong>ferox,</strong></span> <span class='ocrx_word' id='word_1_27' title='bbox 1050 565 1262 621; x_wconf 86' lang='lat' dir='ltr'><strong>terruit</strong></span> <span class='ocrx_word' id='word_1_28' title='bbox 1298 585 1328 621; x_wconf 93' lang='lat' dir='ltr'><strong>e</strong></span> <span class='ocrx_word' id='word_1_29' title='bbox 1363 567 1626 641; x_wconf 88' lang='lat' dir='ltr'><strong>periculo</strong></span> <span class='ocrx_word' id='word_1_30' title='bbox 1663 571 1948 647; x_wconf 88' lang='lat' dir='ltr'><strong>principis</strong></span> 
     </span>
     <span class='ocr_line' id='line_1_5' title="bbox 96 648 1946 729; baseline 0.002 -19"><span class='ocrx_word' id='word_1_31' title='bbox 96 656 312 711; x_wconf 86' lang='lat' dir='ltr'><strong>famam</strong></span> <span class='ocrx_word' id='word_1_32' title='bbox 357 652 696 709; x_wconf 88' lang='lat' dir='ltr'><strong>clementiae</strong></span> <span class='ocrx_word' id='word_1_33' title='bbox 746 651 1053 708; x_wconf 75' lang='lat' dir='ltr'>adfectare.</span> <span class='ocrx_word' id='word_1_34' title='bbox 1164 648 1420 708; x_wconf 89' lang='lat' dir='ltr'><strong>Sabinus</strong></span> <span class='ocrx_word' id='word_1_35' title='bbox 1458 665 1663 728; x_wconf 87' lang='lat' dir='ltr'><strong>suopte</strong></span> <span class='ocrx_word' id='word_1_36' title='bbox 1710 655 1946 729; x_wconf 87' lang='lat' dir='ltr'><strong>ingenio</strong></span> 
     </span>
     <span class='ocr_line' id='line_1_6' title="bbox 95 730 1947 807; baseline 0.002 -13"><span class='ocrx_word' id='word_1_37' title='bbox 95 730 274 807; x_wconf 63' lang='lat' dir='ltr'><strong>initis,</strong></span> <span class='ocrx_word' id='word_1_38' title='bbox 315 738 421 794; x_wconf 88' lang='lat' dir='ltr'><strong>ubi</strong></span> <span class='ocrx_word' id='word_1_39' title='bbox 447 737 704 793; x_wconf 88' lang='lat' dir='ltr'><strong>formido</strong></span> <span class='ocrx_word' id='word_1_40' title='bbox 733 735 1075 803; x_wconf 84' lang='lat' dir='ltr'><strong>incessisset,</strong></span> <span class='ocrx_word' id='word_1_41' title='bbox 1116 734 1304 790; x_wconf 83' lang='lat' dir='ltr'><strong>facilis</strong></span> <span class='ocrx_word' id='word_1_42' title='bbox 1326 747 1558 794; x_wconf 88' lang='lat' dir='ltr'><strong>mutatu</strong></span> <span class='ocrx_word' id='word_1_43' title='bbox 1581 750 1637 795; x_wconf 87' lang='lat' dir='ltr'><strong>et</strong></span> <span class='ocrx_word' id='word_1_44' title='bbox 1663 739 1725 794; x_wconf 88' lang='lat' dir='ltr'><strong>in</strong></span> <span class='ocrx_word' id='word_1_45' title='bbox 1754 741 1947 798; x_wconf 89' lang='lat' dir='ltr'><strong>alieno</strong></span> 
     </span>
     <span class='ocr_line' id='line_1_7' title="bbox 97 819 1950 899; baseline 0.002 -20"><span class='ocrx_word' id='word_1_46' title='bbox 97 823 434 879; x_wconf 82' lang='lat' dir='ltr'><strong>discrimine</strong></span> <span class='ocrx_word' id='word_1_47' title='bbox 465 821 580 878; x_wconf 91' lang='lat' dir='ltr'><strong>sibi</strong></span> <span class='ocrx_word' id='word_1_48' title='bbox 609 840 857 897; x_wconf 55' lang='lat' dir='ltr'><strong>patrem,</strong></span> <span class='ocrx_word' id='word_1_49' title='bbox 901 840 975 876; x_wconf 90' lang='lat' dir='ltr'><strong>ne</strong></span> <span class='ocrx_word' id='word_1_50' title='bbox 1011 819 1307 876; x_wconf 76' lang='lat' dir='ltr'><strong>adlevasse</strong></span> <span class='ocrx_word' id='word_1_51' title='bbox 1343 821 1671 894; x_wconf 84' lang='lat' dir='ltr'><strong>videretur,</strong></span> <span class='ocrx_word' id='word_1_52' title='bbox 1714 824 1950 899; x_wconf 82' lang='lat' dir='ltr'><strong>impulit</strong></span> 
     </span>
    </p>
   </div>
   <div class='ocr_carea' id='block_1_3' title="bbox 99 919 385 967">
    <p class='ocr_par' dir='ltr' id='par_1_3' title="bbox 99 919 385 967">
     <span class='ocr_line' id='line_1_8' title="bbox 99 919 385 967; baseline 0.01 -3"><span class='ocrx_word' id='word_1_53' title='bbox 99 919 385 967; x_wconf 85' lang='lat' dir='ltr'><strong>ruentem.</strong></span> 
     </span>
    </p>
   </div>
   <div class='ocr_carea' id='block_1_4' title="bbox 93 1040 1950 1291">
    <p class='ocr_par' dir='ltr' id='par_1_4' title="bbox 93 1040 1950 1291">
     <span class='ocr_line' id='line_1_9' title="bbox 264 1040 1950 1123; baseline 0.002 -21"><span class='ocrx_word' id='word_1_54' title='bbox 264 1042 481 1105; x_wconf 87' lang='lat' dir='ltr'><strong>LXIV.</strong></span> <span class='ocrx_word' id='word_1_55' title='bbox 567 1041 754 1117; x_wconf 82' lang='lat' dir='ltr'><strong>Igitur</strong></span> <span class='ocrx_word' id='word_1_56' title='bbox 786 1040 1062 1100; x_wconf 83' lang='lat' dir='ltr'><strong>Vitellius</strong></span> <span class='ocrx_word' id='word_1_57' title='bbox 1111 1054 1273 1100; x_wconf 89' lang='lat' dir='ltr'><strong>metu</strong></span> <span class='ocrx_word' id='word_1_58' title='bbox 1314 1054 1371 1100; x_wconf 91' lang='lat' dir='ltr'><strong>et</strong></span> <span class='ocrx_word' id='word_1_59' title='bbox 1408 1044 1578 1116; x_wconf 90' lang='lat' dir='ltr'><strong>odio,</strong></span> <span class='ocrx_word' id='word_1_60' title='bbox 1637 1048 1798 1123; x_wconf 89' lang='lat' dir='ltr'><strong>quod</strong></span> <span class='ocrx_word' id='word_1_61' title='bbox 1834 1046 1950 1104; x_wconf 82' lang='lat' dir='ltr'><strong>Pe-</strong></span> 
     </span>
     <span class='ocr_line' id='line_1_10' title="bbox 98 1126 1947 1189; baseline 0.001 -3"><span class='ocrx_word' id='word_1_62' title='bbox 98 1130 354 1187; x_wconf 85' lang='lat' dir='ltr'><strong>troniam</strong></span> <span class='ocrx_word' id='word_1_63' title='bbox 398 1136 640 1186; x_wconf 86' lang='lat' dir='ltr'><strong>uxorem</strong></span> <span class='ocrx_word' id='word_1_64' title='bbox 693 1129 817 1185; x_wconf 89' lang='lat' dir='ltr'><strong>eius</strong></span> <span class='ocrx_word' id='word_1_65' title='bbox 853 1149 989 1185; x_wconf 88' lang='lat' dir='ltr'><strong>mox</strong></span> <span class='ocrx_word' id='word_1_66' title='bbox 1027 1126 1336 1185; x_wconf 80' lang='lat' dir='ltr'><strong>Dolabella</strong></span> <span class='ocrx_word' id='word_1_67' title='bbox 1392 1129 1456 1184; x_wconf 89' lang='lat' dir='ltr'><strong>in</strong></span> <span class='ocrx_word' id='word_1_68' title='bbox 1502 1131 1947 1189; x_wconf 79' lang='lat' dir='ltr'><strong>matrimonium</strong></span> 
     </span>
     <span class='ocr_line' id='line_1_11' title="bbox 93 1213 1946 1291; baseline 0.001 -19"><span class='ocrx_word' id='word_1_69' title='bbox 93 1216 430 1291; x_wconf 87' lang='lat' dir='ltr'><strong>accepisset,</strong></span> <span class='ocrx_word' id='word_1_70' title='bbox 484 1225 751 1271; x_wconf 86' lang='lat' dir='ltr'><strong>vocatum</strong></span> <span class='ocrx_word' id='word_1_71' title='bbox 795 1233 898 1288; x_wconf 89' lang='lat' dir='ltr'><strong>per</strong></span> <span class='ocrx_word' id='word_1_72' title='bbox 937 1213 1210 1288; x_wconf 86' lang='lat' dir='ltr'><strong>epistolas</strong></span> <span class='ocrx_word' id='word_1_73' title='bbox 1248 1213 1427 1271; x_wconf 84' lang='lat' dir='ltr'><strong>vitata</strong></span> <span class='ocrx_word' id='word_1_74' title='bbox 1453 1213 1779 1274; x_wconf 86' lang='lat' dir='ltr'><strong>Flaminiae</strong></span> <span class='ocrx_word' id='word_1_75' title='bbox 1818 1218 1946 1274; x_wconf 83' lang='lat' dir='ltr'><strong>viae</strong></span> 
     </span>
    </p>
   </div>
   <div class='ocr_carea' id='block_1_5' title="bbox 180 263 398 347">
    <p class='ocr_par' dir='ltr' id='par_1_5' title="bbox 180 263 398 347">
     <span class='ocr_line' id='line_1_12' title="bbox 180 263 398 300; baseline -0.009 0"><span class='ocrx_word' id='word_1_76' title='bbox 180 266 226 300; x_wconf 79' lang='lat' dir='ltr'><strong>A.</strong></span> <span class='ocrx_word' id='word_1_77' title='bbox 245 263 398 299; x_wconf 60' lang='lat'><strong>11823.</strong></span> 
     </span>
     <span class='ocr_line' id='line_1_13' title="bbox 181 306 397 347; baseline -0.005 -4"><span class='ocrx_word' id='word_1_78' title='bbox 181 310 231 343; x_wconf 79' lang='lat' dir='ltr'><strong>A.</strong></span> <span class='ocrx_word' id='word_1_79' title='bbox 251 306 297 343; x_wconf 84' lang='lat' dir='ltr'><strong>C.</strong></span> <span class='ocrx_word' id='word_1_80' title='bbox 326 308 397 347; x_wconf 58' lang='lat'><strong>71⁰.</strong></span> 
     </span>
    </p>
   </div>
   <div class='ocr_carea' id='block_1_6' title="bbox 58 1472 983 2791">
    <p class='ocr_par' dir='ltr' id='par_1_6' title="bbox 58 1472 983 2791">
     <span class='ocr_line' id='line_1_14' title="bbox 94 1472 981 1530; baseline -0.005 -11"><span class='ocrx_word' id='word_1_81' title='bbox 94 1479 242 1519; x_wconf 79' lang='lat' dir='ltr'><strong>rebat.</strong></span> <span class='ocrx_word' id='word_1_82' title='bbox 326 1474 402 1519; x_wconf 89' lang='lat' dir='ltr'><strong>Sic</strong></span> <span class='ocrx_word' id='word_1_83' title='bbox 436 1474 562 1518; x_wconf 87' lang='lat' dir='ltr'><strong>locus</strong></span> <span class='ocrx_word' id='word_1_84' title='bbox 600 1472 761 1530; x_wconf 82' lang='lat' dir='ltr'><strong>legitur</strong></span> <span class='ocrx_word' id='word_1_85' title='bbox 802 1473 846 1515; x_wconf 86' lang='lat' dir='ltr'><strong>in</strong></span> <span class='ocrx_word' id='word_1_86' title='bbox 878 1473 981 1516; x_wconf 87' lang='lat' dir='ltr'><strong>edd.</strong></span> 
     </span>
     <span class='ocr_line' id='line_1_15' title="bbox 94 1530 981 1585; baseline -0.006 -8"><span class='ocrx_word' id='word_1_87' title='bbox 94 1535 125 1577; x_wconf 92' lang='lat' dir='ltr'>S</span> <span class='ocrx_word' id='word_1_88' title='bbox 159 1533 211 1576; x_wconf 88' lang='lat' dir='ltr'><strong>ir.</strong></span> <span class='ocrx_word' id='word_1_89' title='bbox 237 1532 336 1575; x_wconf 81' lang='lat' dir='ltr'><strong>Put.</strong></span> <span class='ocrx_word' id='word_1_90' title='bbox 365 1532 499 1574; x_wconf 86' lang='lat' dir='ltr'><strong>M.·et</strong></span> <span class='ocrx_word' id='word_1_91' title='bbox 522 1532 576 1573; x_wconf 85' lang='lat' dir='ltr'><strong>V.</strong></span> <span class='ocrx_word' id='word_1_92' title='bbox 612 1530 821 1574; x_wconf 80' lang='lat' dir='ltr'><strong>Beroald.</strong></span> <span class='ocrx_word' id='word_1_93' title='bbox 859 1531 981 1585; x_wconf 85' lang='lat' dir='ltr'><strong>(cum</strong></span> 
     </span>
     <span class='ocr_line' id='line_1_16' title="bbox 92 1551 983 1646; baseline -0.007 -11"><span class='ocrx_word' id='word_1_94' title='bbox 92 1551 162 1635; x_wconf 61' lang='lat' dir='ltr'><strong>sil.</strong></span> <span class='ocrx_word' id='word_1_95' title='bbox 183 1590 319 1646; x_wconf 82' lang='lat' dir='ltr'><strong>vict.)</strong></span> <span class='ocrx_word' id='word_1_96' title='bbox 339 1589 440 1632; x_wconf 87' lang='lat' dir='ltr'><strong>Ale.</strong></span> <span class='ocrx_word' id='word_1_97' title='bbox 466 1586 640 1646; x_wconf 86' lang='lat' dir='ltr'><strong>Micyll.</strong></span> <span class='ocrx_word' id='word_1_98' title='bbox 666 1588 790 1630; x_wconf 88' lang='lat'><strong>1557.</strong></span> <span class='ocrx_word' id='word_1_99' title='bbox 863 1587 983 1630; x_wconf 90' lang='lat' dir='ltr'><strong>Con-</strong></span> 
     </span>
     <span class='ocr_line' id='line_1_17' title="bbox 92 1644 980 1699; baseline -0.003 -9"><span class='ocrx_word' id='word_1_100' title='bbox 92 1648 290 1691; x_wconf 84' lang='lat' dir='ltr'><strong>sentiunt</strong></span> <span class='ocrx_word' id='word_1_101' title='bbox 333 1646 469 1689; x_wconf 86' lang='lat' dir='ltr'><strong>MSS.</strong></span> <span class='ocrx_word' id='word_1_102' title='bbox 507 1645 632 1688; x_wconf 87' lang='lat' dir='ltr'><strong>Flor.</strong></span> <span class='ocrx_word' id='word_1_103' title='bbox 670 1647 793 1699; x_wconf 78' lang='lat' dir='ltr'><strong>(test.</strong></span> <span class='ocrx_word' id='word_1_104' title='bbox 827 1644 980 1696; x_wconf 80' lang='lat' dir='ltr'><strong>Pieh.)</strong></span> 
     </span>
     <span class='ocr_line' id='line_1_18' title="bbox 92 1702 981 1763; baseline -0.003 -16"><span class='ocrx_word' id='word_1_105' title='bbox 92 1704 198 1763; x_wconf 83' lang='lat' dir='ltr'><strong>Reg.</strong></span> <span class='ocrx_word' id='word_1_106' title='bbox 213 1705 350 1749; x_wconf 77' lang='lat' dir='ltr'><strong>corb.</strong></span> <span class='ocrx_word' id='word_1_107' title='bbox 371 1726 428 1736; x_wconf 90' lang='lat'>-</span> <span class='ocrx_word' id='word_1_108' title='bbox 459 1702 698 1745; x_wconf 80' lang='lat' dir='ltr'><strong>Rhenanus</strong></span> <span class='ocrx_word' id='word_1_109' title='bbox 720 1718 801 1759; x_wconf 82' lang='lat' dir='ltr'><strong>pro</strong></span> <span class='ocrx_word' id='word_1_110' title='bbox 822 1718 981 1745; x_wconf 80' lang='lat' dir='ltr'><strong>seram</strong></span> 
     </span>
     <span class='ocr_line' id='line_1_19' title="bbox 125 1761 977 1816; baseline -0.002 -12"><span class='ocrx_word' id='word_1_111' title='bbox 125 1761 242 1804; x_wconf 83' lang='lat' dir='ltr'><strong>osuit</strong></span> <span class='ocrx_word' id='word_1_112' title='bbox 269 1764 549 1815; x_wconf 71' lang='lat' dir='ltr'><strong>secundam,</strong></span> <span class='ocrx_word' id='word_1_113' title='bbox 603 1761 725 1816; x_wconf 91' lang='lat' dir='ltr'><strong>quod</strong></span> <span class='ocrx_word' id='word_1_114' title='bbox 759 1769 894 1802; x_wconf 74' lang='lat' dir='ltr'><strong>exstat</strong></span> <span class='ocrx_word' id='word_1_115' title='bbox 930 1761 977 1802; x_wconf 89' lang='lat' dir='ltr'><strong>in</strong></span> 
     </span>
     <span class='ocr_line' id='line_1_20' title="bbox 122 1816 976 1862; baseline -0.002 -2"><span class='ocrx_word' id='word_1_116' title='bbox 122 1819 224 1862; x_wconf 79' lang='lat' dir='ltr'><strong>ISS.</strong></span> <span class='ocrx_word' id='word_1_117' title='bbox 258 1818 372 1861; x_wconf 75' lang='lat' dir='ltr'><strong>Bud.</strong></span> <span class='ocrx_word' id='word_1_118' title='bbox 406 1817 559 1860; x_wconf 85' lang='lat' dir='ltr'><strong>Guelf.</strong></span> <span class='ocrx_word' id='word_1_119' title='bbox 594 1817 715 1860; x_wconf 84' lang='lat' dir='ltr'><strong>Harl.</strong></span> <span class='ocrx_word' id='word_1_120' title='bbox 739 1816 976 1862; x_wconf 77' lang='lat' dir='ltr'><strong>Bodl.1es.</strong></span> 
     </span>
     <span class='ocr_line' id='line_1_21' title="bbox 90 1874 977 1932; baseline -0.003 -14"><span class='ocrx_word' id='word_1_121' title='bbox 90 1900 149 1910; x_wconf 94' lang='lat'>—</span> <span class='ocrx_word' id='word_1_122' title='bbox 180 1876 302 1918; x_wconf 88' lang='lat' dir='ltr'><strong>ldem</strong></span> <span class='ocrx_word' id='word_1_123' title='bbox 326 1884 426 1932; x_wconf 86' lang='lat' dir='ltr'><strong>post</strong></span> <span class='ocrx_word' id='word_1_124' title='bbox 455 1889 613 1917; x_wconf 81' lang='lat' dir='ltr'><strong>versus</strong></span> <span class='ocrx_word' id='word_1_125' title='bbox 637 1890 815 1918; x_wconf 86' lang='lat' dir='ltr'><strong>comma</strong></span> <span class='ocrx_word' id='word_1_126' title='bbox 847 1874 977 1917; x_wconf 84' lang='lat' dir='ltr'><strong>addi-</strong></span> 
     </span>
     <span class='ocr_line' id='line_1_22' title="bbox 92 1931 979 1990; baseline -0.002 -14"><span class='ocrx_word' id='word_1_127' title='bbox 92 1934 182 1981; x_wconf 76' lang='lat' dir='ltr'><strong>dit,</strong></span> <span class='ocrx_word' id='word_1_128' title='bbox 240 1948 428 1990; x_wconf 86' lang='lat' dir='ltr'><strong>eamque</strong></span> <span class='ocrx_word' id='word_1_129' title='bbox 481 1932 699 1974; x_wconf 82' lang='lat' dir='ltr'><strong>rationem</strong></span> <span class='ocrx_word' id='word_1_130' title='bbox 751 1931 979 1974; x_wconf 80' lang='lat' dir='ltr'><strong>retinuere</strong></span> 
     </span>
     <span class='ocr_line' id='line_1_23' title="bbox 91 1987 978 2048; baseline -0.005 -13"><span class='ocrx_word' id='word_1_131' title='bbox 91 1990 196 2035; x_wconf 86' lang='lat' dir='ltr'><strong>Ald.</strong></span> <span class='ocrx_word' id='word_1_132' title='bbox 222 1988 400 2047; x_wconf 80' lang='lat' dir='ltr'><strong>Mieyn.</strong></span> <span class='ocrx_word' id='word_1_133' title='bbox 422 1988 542 2046; x_wconf 86' lang='lat' dir='ltr'><strong>Lips.</strong></span> <span class='ocrx_word' id='word_1_134' title='bbox 564 2005 659 2048; x_wconf 85' lang='lat' dir='ltr'><strong>sqq.</strong></span> <span class='ocrx_word' id='word_1_135' title='bbox 693 2011 749 2022; x_wconf 91' lang='lat'>-</span> <span class='ocrx_word' id='word_1_136' title='bbox 805 1987 978 2046; x_wconf 84' lang='lat' dir='ltr'><strong>Lipsius</strong></span> 
     </span>
     <span class='ocr_line' id='line_1_24' title="bbox 90 2046 978 2106; baseline -0.002 -16"><span class='ocrx_word' id='word_1_137' title='bbox 90 2048 136 2090; x_wconf 89' lang='lat' dir='ltr'><strong>in</strong></span> <span class='ocrx_word' id='word_1_138' title='bbox 161 2055 384 2106; x_wconf 83' lang='lat' dir='ltr'><strong>postrema</strong></span> <span class='ocrx_word' id='word_1_139' title='bbox 419 2054 461 2089; x_wconf 85' lang='lat' dir='ltr'><strong>et</strong></span> <span class='ocrx_word' id='word_1_140' title='bbox 487 2046 611 2089; x_wconf 82' lang='lat' dir='ltr'><strong>Pich.</strong></span> <span class='ocrx_word' id='word_1_141' title='bbox 631 2047 851 2104; x_wconf 78' lang='lat' dir='ltr'><strong>Bernegg.</strong></span> <span class='ocrx_word' id='word_1_142' title='bbox 876 2061 978 2103; x_wconf 91' lang='lat' dir='ltr'><strong>sqq.</strong></span> 
     </span>
     <span class='ocr_line' id='line_1_25' title="bbox 89 2101 978 2162; baseline -0.003 -15"><span class='ocrx_word' id='word_1_143' title='bbox 89 2105 324 2148; x_wconf 79' lang='lat' dir='ltr'><strong>restituere</strong></span> <span class='ocrx_word' id='word_1_144' title='bbox 347 2118 520 2146; x_wconf 79' lang='lat' dir='ltr'><strong>seram.</strong></span> <span class='ocrx_word' id='word_1_145' title='bbox 563 2103 808 2162; x_wconf 83' lang='lat' dir='ltr'><strong>Bipontini,</strong></span> <span class='ocrx_word' id='word_1_146' title='bbox 832 2101 978 2145; x_wconf 78' lang='lat' dir='ltr'><strong>Ober-</strong></span> 
     </span>
     <span class='ocr_line' id='line_1_26' title="bbox 90 2160 975 2219; baseline -0.003 -15"><span class='ocrx_word' id='word_1_147' title='bbox 90 2162 206 2205; x_wconf 86' lang='lat' dir='ltr'><strong>linus</strong></span> <span class='ocrx_word' id='word_1_148' title='bbox 227 2177 323 2219; x_wconf 85' lang='lat' dir='ltr'><strong>sqq.</strong></span> <span class='ocrx_word' id='word_1_149' title='bbox 356 2161 653 2216; x_wconf 82' lang='lat' dir='ltr'><strong>distinguunt:</strong></span> <span class='ocrx_word' id='word_1_150' title='bbox 693 2175 775 2202; x_wconf 84' lang='lat' dir='ltr'><strong>nec</strong></span> <span class='ocrx_word' id='word_1_151' title='bbox 807 2160 914 2202; x_wconf 82' lang='lat' dir='ltr'><strong>ullis</strong></span> <span class='ocrx_word' id='word_1_152' title='bbox 941 2166 975 2201; x_wconf 79' lang='lat' dir='ltr'><strong>c.</strong></span> 
     </span>
     <span class='ocr_line' id='line_1_27' title="bbox 89 2218 975 2273; baseline -0.002 -12"><span class='ocrx_word' id='word_1_153' title='bbox 89 2235 124 2263; x_wconf 82' lang='lat'><strong>0.</strong></span> <span class='ocrx_word' id='word_1_154' title='bbox 145 2218 523 2273; x_wconf 77' lang='lat' dir='ltr'><strong>probationibus:</strong></span> <span class='ocrx_word' id='word_1_155' title='bbox 561 2219 607 2259; x_wconf 84' lang='lat' dir='ltr'><strong>in</strong></span> <span class='ocrx_word' id='word_1_156' title='bbox 630 2218 975 2272; x_wconf 78' lang='lat' dir='ltr'><strong>poenitentiam</strong></span> 
     </span>
     <span class='ocr_line' id='line_1_28' title="bbox 90 2277 976 2328; baseline -0.002 -10"><span class='ocrx_word' id='word_1_157' title='bbox 90 2290 249 2319; x_wconf 82' lang='lat' dir='ltr'><strong>versus</strong></span> <span class='ocrx_word' id='word_1_158' title='bbox 274 2290 458 2324; x_wconf 80' lang='lat' dir='ltr'><strong>seram,</strong></span> <span class='ocrx_word' id='word_1_159' title='bbox 490 2277 670 2317; x_wconf 79' lang='lat' dir='ltr'><strong>ueniam</strong></span> <span class='ocrx_word' id='word_1_160' title='bbox 689 2284 798 2328; x_wconf 82' lang='lat' dir='ltr'><strong>post</strong></span> <span class='ocrx_word' id='word_1_161' title='bbox 829 2277 976 2318; x_wconf 79' lang='lat' dir='ltr'><strong>scelus</strong></span> 
     </span>
     <span class='ocr_line' id='line_1_29' title="bbox 90 2331 974 2389; baseline -0.001 -14"><span class='ocrx_word' id='word_1_162' title='bbox 90 2335 357 2389; x_wconf 77' lang='lat' dir='ltr'><strong>quaerebat.</strong></span> <span class='ocrx_word' id='word_1_163' title='bbox 447 2333 618 2375; x_wconf 75' lang='lat' dir='ltr'><strong>Verum</strong></span> <span class='ocrx_word' id='word_1_164' title='bbox 669 2331 806 2375; x_wconf 87' lang='lat' dir='ltr'><strong>colon</strong></span> <span class='ocrx_word' id='word_1_165' title='bbox 862 2332 974 2374; x_wconf 83' lang='lat' dir='ltr'><strong>illud</strong></span> 
     </span>
     <span class='ocr_line' id='line_1_30' title="bbox 58 2388 973 2449; baseline 0 -17"><span class='ocrx_word' id='word_1_166' title='bbox 58 2390 187 2449; x_wconf 68' lang='lat' dir='ltr'><strong>‘post</strong></span> <span class='ocrx_word' id='word_1_167' title='bbox 214 2391 562 2444; x_wconf 79' lang='lat' dir='ltr'><strong>probationibus</strong></span> <span class='ocrx_word' id='word_1_168' title='bbox 596 2388 720 2432; x_wconf 88' lang='lat' dir='ltr'><strong>nihili</strong></span> <span class='ocrx_word' id='word_1_169' title='bbox 755 2398 841 2443; x_wconf 64' lang='grc' dir='ltr'><strong>θείς</strong></span> <span class='ocrx_word' id='word_1_170' title='bbox 871 2406 973 2432; x_wconf 78' lang='lat' dir='ltr'><strong>sen-</strong></span> 
     </span>
     <span class='ocr_line' id='line_1_31' title="bbox 89 2446 976 2504; baseline -0.001 -14"><span class='ocrx_word' id='word_1_171' title='bbox 89 2448 227 2490; x_wconf 84' lang='lat' dir='ltr'><strong>tentia</strong></span> <span class='ocrx_word' id='word_1_172' title='bbox 257 2446 346 2490; x_wconf 87' lang='lat' dir='ltr'><strong>loci</strong></span> <span class='ocrx_word' id='word_1_173' title='bbox 377 2447 524 2504; x_wconf 79' lang='lat' dir='ltr'><strong>potius</strong></span> <span class='ocrx_word' id='word_1_174' title='bbox 559 2447 763 2490; x_wconf 84' lang='lat' dir='ltr'><strong>cohaeret</strong></span> <span class='ocrx_word' id='word_1_175' title='bbox 801 2446 886 2490; x_wconf 85' lang='lat' dir='ltr'><strong>ita:</strong></span> <span class='ocrx_word' id='word_1_176' title='bbox 932 2455 976 2489; x_wconf 85' lang='lat' dir='ltr'><strong>et</strong></span> 
     </span>
     <span class='ocr_line' id='line_1_32' title="bbox 72 2503 974 2563; baseline -0.001 -16"><span class='ocrx_word' id='word_1_177' title='bbox 72 2521 227 2563; x_wconf 72' lang='lat' dir='ltr'><strong>quum</strong></span> <span class='ocrx_word' id='word_1_178' title='bbox 239 2503 452 2548; x_wconf 85' lang='lat' dir='ltr'><strong>Plancius</strong></span> <span class='ocrx_word' id='word_1_179' title='bbox 477 2505 618 2547; x_wconf 85' lang='lat' dir='ltr'><strong>nullas</strong></span> <span class='ocrx_word' id='word_1_180' title='bbox 640 2511 870 2546; x_wconf 83' lang='lat' dir='ltr'><strong>tantorum</strong></span> <span class='ocrx_word' id='word_1_181' title='bbox 890 2505 974 2546; x_wconf 81' lang='lat' dir='ltr'><strong>cri·</strong></span> 
     </span>
     <span class='ocr_line' id='line_1_33' title="bbox 87 2561 971 2618; baseline -0.005 -12"><span class='ocrx_word' id='word_1_182' title='bbox 87 2563 285 2612; x_wconf 86' lang='lat' dir='ltr'><strong>minum,</strong></span> <span class='ocrx_word' id='word_1_183' title='bbox 318 2577 430 2618; x_wconf 90' lang='lat' dir='ltr'><strong>quae</strong></span> <span class='ocrx_word' id='word_1_184' title='bbox 464 2561 707 2612; x_wconf 83' lang='lat' dir='ltr'><strong>obiecerat,</strong></span> <span class='ocrx_word' id='word_1_185' title='bbox 745 2561 971 2618; x_wconf 82' lang='lat' dir='ltr'><strong>probatio·</strong></span> 
     </span>
     <span class='ocr_line' id='line_1_34' title="bbox 89 2617 971 2675; baseline -0.003 -12"><span class='ocrx_word' id='word_1_186' title='bbox 89 2635 167 2663; x_wconf 89' lang='lat' dir='ltr'><strong>nes</strong></span> <span class='ocrx_word' id='word_1_187' title='bbox 200 2619 331 2662; x_wconf 85' lang='lat' dir='ltr'><strong>edere</strong></span> <span class='ocrx_word' id='word_1_188' title='bbox 362 2626 531 2675; x_wconf 87' lang='lat' dir='ltr'><strong>posset,</strong></span> <span class='ocrx_word' id='word_1_189' title='bbox 571 2618 716 2675; x_wconf 87' lang='lat' dir='ltr'><strong>ipsum</strong></span> <span class='ocrx_word' id='word_1_190' title='bbox 753 2617 971 2674; x_wconf 80' lang='lat' dir='ltr'><strong>poenituit</strong></span> 
     </span>
     <span class='ocr_line' id='line_1_35' title="bbox 88 2675 974 2733; baseline -0.001 -14"><span class='ocrx_word' id='word_1_191' title='bbox 88 2675 437 2727; x_wconf 79' lang='lat' dir='ltr'><strong>criminationis,</strong></span> <span class='ocrx_word' id='word_1_192' title='bbox 481 2684 529 2718; x_wconf 85' lang='lat' dir='ltr'><strong>ut</strong></span> <span class='ocrx_word' id='word_1_193' title='bbox 560 2683 660 2733; x_wconf 87' lang='lat' dir='ltr'><strong>post</strong></span> <span class='ocrx_word' id='word_1_194' title='bbox 685 2676 828 2718; x_wconf 85' lang='lat' dir='ltr'><strong>scelus</strong></span> <span class='ocrx_word' id='word_1_195' title='bbox 853 2691 974 2719; x_wconf 88' lang='lat' dir='ltr'><strong>com·</strong></span> 
     </span>
     <span class='ocr_line' id='line_1_36' title="bbox 85 2732 974 2791; baseline -0.002 -15"><span class='ocrx_word' id='word_1_196' title='bbox 85 2735 269 2776; x_wconf 85' lang='lat' dir='ltr'><strong>missum</strong></span> <span class='ocrx_word' id='word_1_197' title='bbox 285 2733 455 2776; x_wconf 79' lang='lat' dir='ltr'><strong>veniam</strong></span> <span class='ocrx_word' id='word_1_198' title='bbox 480 2741 726 2791; x_wconf 84' lang='lat' dir='ltr'><strong>quaereret,</strong></span> <span class='ocrx_word' id='word_1_199' title='bbox 752 2732 828 2775; x_wconf 85' lang='lat' dir='ltr'><strong>sed</strong></span> <span class='ocrx_word' id='word_1_200' title='bbox 849 2748 974 2775; x_wconf 85' lang='lat' dir='ltr'><strong>sero:</strong></span> 
     </span>
    </p>
   </div>
   <div class='ocr_carea' id='block_1_7' title="bbox 0 2789 971 2848">
    <p class='ocr_par' dir='ltr' id='par_1_7' title="bbox 0 2789 971 2848">
     <span class='ocr_line' id='line_1_37' title="bbox 0 2789 971 2848; baseline -0.002 -14"><span class='ocrx_word' id='word_1_201' title='bbox 0 2822 19 2826; x_wconf 84' lang='lat'><strong>--</strong></span> <span class='ocrx_word' id='word_1_202' title='bbox 87 2807 181 2834; x_wconf 89' lang='lat' dir='ltr'><strong>non</strong></span> <span class='ocrx_word' id='word_1_203' title='bbox 218 2789 335 2833; x_wconf 86' lang='lat' dir='ltr'><strong>enim</strong></span> <span class='ocrx_word' id='word_1_204' title='bbox 374 2798 545 2847; x_wconf 85' lang='lat' dir='ltr'><strong>poterat</strong></span> <span class='ocrx_word' id='word_1_205' title='bbox 588 2790 828 2848; x_wconf 86' lang='lat' dir='ltr'><strong>impedire,</strong></span> <span class='ocrx_word' id='word_1_206' title='bbox 881 2806 971 2847; x_wconf 89' lang='lat' dir='ltr'><strong>quo</strong></span> 
     </span>
    </p>
   </div>
   <div class='ocr_carea' id='block_1_8' title="bbox 87 2847 970 2949">
    <p class='ocr_par' dir='ltr' id='par_1_8' title="bbox 87 2847 970 2949">
     <span class='ocr_line' id='line_1_38' title="bbox 87 2847 970 2893; baseline 0.001 -3"><span class='ocrx_word' id='word_1_207' title='bbox 87 2848 237 2891; x_wconf 81' lang='lat' dir='ltr'><strong>minus</strong></span> <span class='ocrx_word' id='word_1_208' title='bbox 270 2847 457 2890; x_wconf 87' lang='lat' dir='ltr'><strong>erimina</strong></span> <span class='ocrx_word' id='word_1_209' title='bbox 490 2847 755 2891; x_wconf 83' lang='lat' dir='ltr'><strong>Dolabellae</strong></span> <span class='ocrx_word' id='word_1_210' title='bbox 797 2848 970 2893; x_wconf 82' lang='lat' dir='ltr'><strong>obieeta</strong></span> 
     </span>
     <span class='ocr_line' id='line_1_39' title="bbox 87 2904 641 2949; baseline -0.004 -1"><span class='ocrx_word' id='word_1_211' title='bbox 87 2905 192 2949; x_wconf 83' lang='lat' dir='ltr'><strong>huic.</strong></span> <span class='ocrx_word' id='word_1_212' title='bbox 211 2913 355 2948; x_wconf 84' lang='lat' dir='ltr'><strong>essent</strong></span> <span class='ocrx_word' id='word_1_213' title='bbox 374 2905 420 2947; x_wconf 89' lang='lat' dir='ltr'><strong>in</strong></span> <span class='ocrx_word' id='word_1_214' title='bbox 443 2904 641 2948; x_wconf 86' lang='lat' dir='ltr'><strong>exitium.</strong></span> 
     </span>
    </p>
   </div>
   <div class='ocr_carea' id='block_1_9' title="bbox 624 3043 970 3103">
    <p class='ocr_par' dir='ltr' id='par_1_9' title="bbox 624 3043 970 3103">
     <span class='ocr_line' id='line_1_40' title="bbox 624 3043 970 3103; baseline 0 -17"><span class='ocrx_word' id='word_1_215' title='bbox 624 3043 708 3088; x_wconf 88' lang='lat' dir='ltr'><strong>Ed.</strong></span> <span class='ocrx_word' id='word_1_216' title='bbox 738 3044 854 3103; x_wconf 86' lang='lat' dir='ltr'><strong>Spir.</strong></span> <span class='ocrx_word' id='word_1_217' title='bbox 888 3058 970 3087; x_wconf 81' lang='lat' dir='ltr'><strong>su-</strong></span> 
     </span>
    </p>
   </div>
   <div class='ocr_carea' id='block_1_10' title="bbox 83 3046 548 3160">
    <p class='ocr_par' dir='ltr' id='par_1_10' title="bbox 83 3046 548 3160">
     <span class='ocr_line' id='line_1_41' title="bbox 144 3046 548 3098; baseline -0.005 -10"><span class='ocrx_word' id='word_1_218' title='bbox 144 3058 283 3098; x_wconf 81' lang='lat' dir='ltr'><strong>super</strong></span> <span class='ocrx_word' id='word_1_219' title='bbox 313 3046 452 3087; x_wconf 71' lang='lat' dir='ltr'><strong>tonza</strong></span> <span class='ocrx_word' id='word_1_220' title='bbox 484 3058 548 3086; x_wconf 83' lang='lat' dir='ltr'><strong>re.</strong></span> 
     </span>
     <span class='ocr_line' id='line_1_42' title="bbox 83 3111 336 3160; baseline -0.008 -13"><span class='ocrx_word' id='word_1_221' title='bbox 83 3111 336 3160; x_wconf 62' lang='lat' dir='ltr'><strong>pertfftare.</strong></span> 
     </span>
    </p>
   </div>
   <div class='ocr_carea' id='block_1_11' title="bbox 88 3217 972 3400">
    <p class='ocr_par' dir='ltr' id='par_1_11' title="bbox 88 3217 972 3400">
     <span class='ocr_line' id='line_1_43' title="bbox 145 3217 972 3282; baseline -0.001 -11"><span class='ocrx_word' id='word_1_222' title='bbox 145 3217 345 3271; x_wconf 54' lang='lat' dir='ltr'><strong>Triaria.</strong></span> <span class='ocrx_word' id='word_1_223' title='bbox 422 3226 498 3270; x_wconf 61' lang='lat' dir='ltr'><strong>ste</strong></span> <span class='ocrx_word' id='word_1_224' title='bbox 527 3225 663 3270; x_wconf 81' lang='lat' dir='ltr'><strong>Mss,</strong></span> <span class='ocrx_word' id='word_1_225' title='bbox 700 3225 821 3269; x_wconf 71' lang='lat' dir='ltr'><strong>Flor.</strong></span> <span class='ocrx_word' id='word_1_226' title='bbox 852 3234 972 3282; x_wconf 69' lang='lat' dir='ltr'><strong>(tesi.</strong></span> 
     </span>
     <span class='ocr_line' id='line_1_44' title="bbox 89 3283 971 3340; baseline 0.003 -15"><span class='ocrx_word' id='word_1_227' title='bbox 89 3285 227 3340; x_wconf 73' lang='lat' dir='ltr'><strong>Vici.)</strong></span> <span class='ocrx_word' id='word_1_228' title='bbox 249 3283 403 3327; x_wconf 83' lang='lat' dir='ltr'><strong>Guelf.</strong></span> <span class='ocrx_word' id='word_1_229' title='bbox 435 3283 530 3325; x_wconf 80' lang='lat' dir='ltr'><strong>edd.</strong></span> <span class='ocrx_word' id='word_1_230' title='bbox 557 3283 676 3340; x_wconf 85' lang='lat' dir='ltr'><strong>Spir.</strong></span> <span class='ocrx_word' id='word_1_231' title='bbox 702 3284 844 3328; x_wconf 80' lang='lat' dir='ltr'><strong>Rhen.</strong></span> <span class='ocrx_word' id='word_1_232' title='bbox 869 3284 971 3328; x_wconf 72' lang='lat' dir='ltr'><strong>Ald.</strong></span> 
     </span>
     <span class='ocr_line' id='line_1_45' title="bbox 88 3340 971 3400; baseline 0.001 -15"><span class='ocrx_word' id='word_1_233' title='bbox 88 3359 187 3400; x_wconf 87' lang='lat' dir='ltr'><strong>sqq.</strong></span> <span class='ocrx_word' id='word_1_234' title='bbox 212 3369 270 3379; x_wconf 92' lang='lat'>—</span> <span class='ocrx_word' id='word_1_235' title='bbox 319 3341 490 3385; x_wconf 73' lang='lat' dir='ltr'><strong>Trium</strong></span> <span class='ocrx_word' id='word_1_236' title='bbox 514 3340 614 3383; x_wconf 80' lang='lat' dir='ltr'><strong>edd.</strong></span> <span class='ocrx_word' id='word_1_237' title='bbox 635 3340 738 3383; x_wconf 79' lang='lat' dir='ltr'><strong>Put.</strong></span> <span class='ocrx_word' id='word_1_238' title='bbox 764 3341 971 3386; x_wconf 79' lang='lat' dir='ltr'><strong>Beroald-</strong></span> 
     </span>
    </p>
   </div>
   <div class='ocr_carea' id='block_1_12' title="bbox 89 3397 585 3457">
    <p class='ocr_par' dir='ltr' id='par_1_12' title="bbox 89 3397 585 3457">
     <span class='ocr_line' id='line_1_46' title="bbox 89 3397 585 3457; baseline -0.01 -13"><span class='ocrx_word' id='word_1_239' title='bbox 89 3402 195 3444; x_wconf 82' lang='lat' dir='ltr'><strong>Alc.</strong></span> <span class='ocrx_word' id='word_1_240' title='bbox 250 3397 339 3457; x_wconf 65' lang='lat' dir='ltr'><strong>Sed</strong></span> <span class='ocrx_word' id='word_1_241' title='bbox 366 3397 427 3441; x_wconf 86' lang='lat' dir='ltr'><strong>cf.</strong></span> <span class='ocrx_word' id='word_1_242' title='bbox 454 3413 493 3440; x_wconf 88' lang='lat' dir='ltr'><strong>c.</strong></span> <span class='ocrx_word' id='word_1_243' title='bbox 514 3397 585 3440; x_wconf 82' lang='lat'><strong>64.</strong></span> 
     </span>
    </p>
   </div>
   <div class='ocr_carea' id='block_1_13' title="bbox 89 3525 973 3639">
    <p class='ocr_par' dir='ltr' id='par_1_13' title="bbox 89 3525 973 3639">
     <span class='ocr_line' id='line_1_47' title="bbox 143 3525 973 3583; baseline 0.002 -16"><span class='ocrx_word' id='word_1_244' title='bbox 143 3527 309 3568; x_wconf 77' lang='lat' dir='ltr'><strong>terruit</strong></span> <span class='ocrx_word' id='word_1_245' title='bbox 341 3539 368 3568; x_wconf 81' lang='lat' dir='ltr'><strong>e</strong></span> <span class='ocrx_word' id='word_1_246' title='bbox 393 3527 595 3580; x_wconf 81' lang='lat' dir='ltr'><strong>periculo</strong></span> <span class='ocrx_word' id='word_1_247' title='bbox 629 3525 853 3579; x_wconf 68' lang='lat' dir='ltr'><strong>princzpts</strong></span> <span class='ocrx_word' id='word_1_248' title='bbox 882 3527 973 3583; x_wconf 84' lang='lat' dir='ltr'><strong>sa·</strong></span> 
     </span>
     <span class='ocr_line' id='line_1_48' title="bbox 89 3583 973 3639; baseline 0.006 -14"><span class='ocrx_word' id='word_1_249' title='bbox 89 3598 218 3625; x_wconf 83' lang='lat' dir='ltr'><strong>mam</strong></span> <span class='ocrx_word' id='word_1_250' title='bbox 262 3584 532 3625; x_wconf 70' lang='lat' dir='ltr'><strong>clementiae</strong></span> <span class='ocrx_word' id='word_1_251' title='bbox 566 3583 813 3639; x_wconf 78' lang='lat' dir='ltr'><strong>adfectare.</strong></span> <span class='ocrx_word' id='word_1_252' title='bbox 893 3584 973 3630; x_wconf 80' lang='lat' dir='ltr'><strong>Sic</strong></span> 
     </span>
    </p>
   </div>
   <div class='ocr_carea' id='block_1_14' title="bbox 1035 1473 1954 2852">
    <p class='ocr_par' dir='ltr' id='par_1_14' title="bbox 1035 1473 1954 2852">
     <span class='ocr_line' id='line_1_49' title="bbox 1056 1473 1943 1533; baseline 0.008 -20"><span class='ocrx_word' id='word_1_253' title='bbox 1056 1473 1191 1517; x_wconf 86' lang='lat' dir='ltr'><strong>MSS.</strong></span> <span class='ocrx_word' id='word_1_254' title='bbox 1219 1473 1342 1517; x_wconf 80' lang='lat' dir='ltr'><strong>Flor.</strong></span> <span class='ocrx_word' id='word_1_255' title='bbox 1366 1476 1482 1529; x_wconf 84' lang='lat' dir='ltr'><strong>(test.</strong></span> <span class='ocrx_word' id='word_1_256' title='bbox 1508 1474 1792 1533; x_wconf 74' lang='lat' dir='ltr'><strong>Vici.)·tlarl.</strong></span> <span class='ocrx_word' id='word_1_257' title='bbox 1815 1477 1943 1520; x_wconf 74' lang='lat' dir='ltr'><strong>Bodl-</strong></span> 
     </span>
     <span class='ocr_line' id='line_1_50' title="bbox 1057 1530 1942 1580; baseline 0.006 -7"><span class='ocrx_word' id='word_1_258' title='bbox 1057 1530 1208 1574; x_wconf 84' lang='lat' dir='ltr'><strong>Guels.</strong></span> <span class='ocrx_word' id='word_1_259' title='bbox 1243 1531 1343 1576; x_wconf 85' lang='lat' dir='ltr'><strong>edd.</strong></span> <span class='ocrx_word' id='word_1_260' title='bbox 1373 1532 1476 1577; x_wconf 72' lang='lat' dir='ltr'><strong>Pur.</strong></span> <span class='ocrx_word' id='word_1_261' title='bbox 1500 1534 1568 1577; x_wconf 87' lang='lat' dir='ltr'><strong>M.</strong></span> <span class='ocrx_word' id='word_1_262' title='bbox 1597 1543 1638 1578; x_wconf 86' lang='lat' dir='ltr'><strong>et</strong></span> <span class='ocrx_word' id='word_1_263' title='bbox 1661 1534 1714 1580; x_wconf 89' lang='lat' dir='ltr'><strong>V.</strong></span> <span class='ocrx_word' id='word_1_264' title='bbox 1735 1534 1942 1578; x_wconf 76' lang='lat' dir='ltr'><strong>BerOald.</strong></span> 
     </span>
     <span class='ocr_line' id='line_1_51' title="bbox 1054 1588 1941 1648; baseline 0.003 -16"><span class='ocrx_word' id='word_1_265' title='bbox 1054 1588 1156 1632; x_wconf 81' lang='lat' dir='ltr'><strong>Alc.</strong></span> <span class='ocrx_word' id='word_1_266' title='bbox 1184 1588 1329 1631; x_wconf 85' lang='lat' dir='ltr'><strong>Rhen.</strong></span> <span class='ocrx_word' id='word_1_267' title='bbox 1354 1606 1450 1648; x_wconf 82' lang='lat' dir='ltr'><strong>sqq.</strong></span> <span class='ocrx_word' id='word_1_268' title='bbox 1486 1598 1527 1633; x_wconf 86' lang='lat' dir='ltr'><strong>et</strong></span> <span class='ocrx_word' id='word_1_269' title='bbox 1542 1590 1610 1636; x_wconf 74' lang='lat' dir='ltr'><strong>&#39;ita</strong></span> <span class='ocrx_word' id='word_1_270' title='bbox 1634 1592 1763 1636; x_wconf 83' lang='lat' dir='ltr'><strong>tacite</strong></span> <span class='ocrx_word' id='word_1_271' title='bbox 1788 1592 1941 1635; x_wconf 84' lang='lat' dir='ltr'><strong>edide-</strong></span> 
     </span>
     <span class='ocr_line' id='line_1_52' title="bbox 1053 1645 1940 1693; baseline 0.007 -6"><span class='ocrx_word' id='word_1_272' title='bbox 1053 1653 1160 1688; x_wconf 84' lang='lat' dir='ltr'><strong>runt</strong></span> <span class='ocrx_word' id='word_1_273' title='bbox 1203 1645 1395 1689; x_wconf 83' lang='lat' dir='ltr'><strong>Pichena</strong></span> <span class='ocrx_word' id='word_1_274' title='bbox 1440 1657 1484 1691; x_wconf 85' lang='lat' dir='ltr'><strong>et</strong></span> <span class='ocrx_word' id='word_1_275' title='bbox 1530 1648 1616 1693; x_wconf 89' lang='lat' dir='ltr'><strong>lac.</strong></span> <span class='ocrx_word' id='word_1_276' title='bbox 1659 1648 1940 1693; x_wconf 72' lang='lat' dir='ltr'><strong>Gronovius.</strong></span> 
     </span>
     <span class='ocr_line' id='line_1_53' title="bbox 1052 1702 1940 1765; baseline 0.003 -19"><span class='ocrx_word' id='word_1_277' title='bbox 1052 1703 1207 1746; x_wconf 76' lang='lat' dir='ltr'><strong>Falsus</strong></span> <span class='ocrx_word' id='word_1_278' title='bbox 1240 1702 1374 1760; x_wconf 79' lang='lat' dir='ltr'><strong>igitur</strong></span> <span class='ocrx_word' id='word_1_279' title='bbox 1407 1705 1579 1749; x_wconf 84' lang='lat' dir='ltr'><strong>videtur</strong></span> <span class='ocrx_word' id='word_1_280' title='bbox 1609 1723 1702 1750; x_wconf 85' lang='lat' dir='ltr'><strong>esse</strong></span> <span class='ocrx_word' id='word_1_281' title='bbox 1725 1705 1940 1765; x_wconf 81' lang='lat' dir='ltr'><strong>Ryckius,</strong></span> 
     </span>
     <span class='ocr_line' id='line_1_54' title="bbox 1052 1760 1942 1820; baseline 0.009 -18"><span class='ocrx_word' id='word_1_282' title='bbox 1052 1760 1128 1819; x_wconf 90' lang='lat' dir='ltr'><strong>qui</strong></span> <span class='ocrx_word' id='word_1_283' title='bbox 1155 1760 1355 1818; x_wconf 84' lang='lat' dir='ltr'><strong>prodidit</strong></span> <span class='ocrx_word' id='word_1_284' title='bbox 1386 1762 1431 1804; x_wconf 89' lang='lat' dir='ltr'><strong>in</strong></span> <span class='ocrx_word' id='word_1_285' title='bbox 1458 1762 1559 1806; x_wconf 85' lang='lat' dir='ltr'><strong>MS.</strong></span> <span class='ocrx_word' id='word_1_286' title='bbox 1584 1765 1705 1808; x_wconf 85' lang='lat' dir='ltr'><strong>Flor.</strong></span> <span class='ocrx_word' id='word_1_287' title='bbox 1738 1779 1832 1807; x_wconf 88' lang='lat' dir='ltr'><strong>esse</strong></span> <span class='ocrx_word' id='word_1_288' title='bbox 1863 1765 1942 1820; x_wconf 71' lang='lat' dir='ltr'><strong>qs·-</strong></span> 
     </span>
     <span class='ocr_line' id='line_1_55' title="bbox 1041 1818 1942 1879; baseline 0.007 -20"><span class='ocrx_word' id='word_1_289' title='bbox 1041 1818 1263 1873; x_wconf 74' lang='lat' dir='ltr'><strong>sectaret.</strong></span> <span class='ocrx_word' id='word_1_290' title='bbox 1335 1818 1523 1877; x_wconf 80' lang='lat' dir='ltr'><strong>Decepit</strong></span> <span class='ocrx_word' id='word_1_291' title='bbox 1553 1820 1680 1864; x_wconf 86' lang='lat' dir='ltr'><strong>illum</strong></span> <span class='ocrx_word' id='word_1_292' title='bbox 1715 1832 1942 1879; x_wconf 81' lang='lat' dir='ltr'><strong>compen-</strong></span> 
     </span>
     <span class='ocr_line' id='line_1_56' title="bbox 1052 1874 1940 1935; baseline 0.006 -18"><span class='ocrx_word' id='word_1_293' title='bbox 1052 1874 1174 1917; x_wconf 88' lang='lat' dir='ltr'><strong>dium</strong></span> <span class='ocrx_word' id='word_1_294' title='bbox 1210 1874 1450 1934; x_wconf 55' lang='lat' dir='ltr'><strong>adfectui,</strong></span> <span class='ocrx_word' id='word_1_295' title='bbox 1492 1879 1612 1935; x_wconf 92' lang='lat' dir='ltr'><strong>quod</strong></span> <span class='ocrx_word' id='word_1_296' title='bbox 1645 1877 1776 1921; x_wconf 84' lang='lat' dir='ltr'><strong>etiam</strong></span> <span class='ocrx_word' id='word_1_297' title='bbox 1805 1886 1940 1922; x_wconf 81' lang='lat' dir='ltr'><strong>exstat</strong></span> 
     </span>
     <span class='ocr_line' id='line_1_57' title="bbox 1049 1931 1937 1985; baseline 0.006 -11"><span class='ocrx_word' id='word_1_298' title='bbox 1049 1931 1097 1974; x_wconf 86' lang='lat' dir='ltr'><strong>in</strong></span> <span class='ocrx_word' id='word_1_299' title='bbox 1130 1931 1229 1973; x_wconf 86' lang='lat' dir='ltr'><strong>edd.</strong></span> <span class='ocrx_word' id='word_1_300' title='bbox 1258 1932 1515 1985; x_wconf 81' lang='lat' dir='ltr'><strong>Puteolani,</strong></span> <span class='ocrx_word' id='word_1_301' title='bbox 1555 1937 1674 1979; x_wconf 88' lang='lat' dir='ltr'><strong>unde</strong></span> <span class='ocrx_word' id='word_1_302' title='bbox 1705 1935 1937 1979; x_wconf 75' lang='lat' dir='ltr'><strong>Ernestius</strong></span> 
     </span>
     <span class='ocr_line' id='line_1_58' title="bbox 1050 1989 1936 2047; baseline 0.007 -17"><span class='ocrx_word' id='word_1_303' title='bbox 1050 2003 1283 2046; x_wconf 77' lang='lat' dir='ltr'><strong>perperam</strong></span> <span class='ocrx_word' id='word_1_304' title='bbox 1306 1989 1495 2047; x_wconf 82' lang='lat' dir='ltr'><strong>protulit</strong></span> <span class='ocrx_word' id='word_1_305' title='bbox 1516 1993 1770 2046; x_wconf 77' lang='lat' dir='ltr'><strong>affectaret.</strong></span> <span class='ocrx_word' id='word_1_306' title='bbox 1809 1992 1936 2036; x_wconf 74' lang='lat' dir='ltr'><strong>Stru-</strong></span> 
     </span>
     <span class='ocr_line' id='line_1_59' title="bbox 1051 2047 1938 2098; baseline 0.005 -10"><span class='ocrx_word' id='word_1_307' title='bbox 1051 2053 1177 2088; x_wconf 76' lang='lat' dir='ltr'><strong>ctura</strong></span> <span class='ocrx_word' id='word_1_308' title='bbox 1207 2047 1473 2091; x_wconf 82' lang='lat' dir='ltr'><strong>verborum:</strong></span> <span class='ocrx_word' id='word_1_309' title='bbox 1526 2051 1691 2098; x_wconf 68' lang='lat' dir='ltr'><strong>terruit</strong></span> <span class='ocrx_word' id='word_1_310' title='bbox 1715 2081 1729 2094; x_wconf 85' lang='grc'><strong>.</strong></span> <span class='ocrx_word' id='word_1_311' title='bbox 1749 2081 1760 2093; x_wconf 91' lang='grc'><strong>.</strong></span> <span class='ocrx_word' id='word_1_312' title='bbox 1776 2084 1787 2095; x_wconf 93' lang='grc'><strong>.</strong></span> <span class='ocrx_word' id='word_1_313' title='bbox 1807 2081 1819 2094; x_wconf 93' lang='grc'><strong>.</strong></span> <span class='ocrx_word' id='word_1_314' title='bbox 1846 2055 1938 2092; x_wconf 79' lang='lat' dir='ltr'><strong>ad-</strong></span> 
     </span>
     <span class='ocr_line' id='line_1_60' title="bbox 1035 2102 1937 2170; baseline 0.01 -28"><span class='ocrx_word' id='word_1_315' title='bbox 1035 2102 1220 2170; x_wconf 61' lang='lat' dir='ltr'><strong>[ectore</strong></span> <span class='ocrx_word' id='word_1_316' title='bbox 1249 2119 1387 2159; x_wconf 87' lang='lat' dir='ltr'><strong>aeque</strong></span> <span class='ocrx_word' id='word_1_317' title='bbox 1414 2105 1553 2163; x_wconf 87' lang='lat' dir='ltr'><strong>proba</strong></span> <span class='ocrx_word' id='word_1_318' title='bbox 1583 2117 1647 2151; x_wconf 86' lang='lat' dir='ltr'><strong>est</strong></span> <span class='ocrx_word' id='word_1_319' title='bbox 1667 2115 1710 2150; x_wconf 82' lang='lat' dir='ltr'><strong>at</strong></span> <span class='ocrx_word' id='word_1_320' title='bbox 1746 2124 1799 2150; x_wconf 89' lang='lat' dir='ltr'><strong>ue</strong></span> <span class='ocrx_word' id='word_1_321' title='bbox 1826 2107 1937 2151; x_wconf 86' lang='lat' dir='ltr'><strong>illud</strong></span> 
     </span>
     <span class='ocr_line' id='line_1_61' title="bbox 1048 2162 1937 2216; baseline 0.009 -15"><span class='ocrx_word' id='word_1_322' title='bbox 1048 2162 1244 2202; x_wconf 66' lang='lat' dir='ltr'><strong>inlectus</strong></span> <span class='ocrx_word' id='word_1_323' title='bbox 1265 2191 1277 2205; x_wconf 89' lang='lat'><strong>.</strong></span> <span class='ocrx_word' id='word_1_324' title='bbox 1298 2192 1309 2204; x_wconf 87' lang='lat'><strong>.</strong></span> <span class='ocrx_word' id='word_1_325' title='bbox 1329 2193 1339 2203; x_wconf 88' lang='lat'><strong>.</strong></span> <span class='ocrx_word' id='word_1_326' title='bbox 1366 2164 1537 2205; x_wconf 81' lang='lat' dir='ltr'><strong>ducere</strong></span> <span class='ocrx_word' id='word_1_327' title='bbox 1557 2166 1645 2207; x_wconf 87' lang='lat' dir='ltr'><strong>An.</strong></span> <span class='ocrx_word' id='word_1_328' title='bbox 1664 2163 1705 2216; x_wconf 73' lang='grc' dir='ltr'><strong>Ξ,</strong></span> <span class='ocrx_word' id='word_1_329' title='bbox 1748 2166 1788 2207; x_wconf 92' lang='grc'><strong>7.</strong></span> <span class='ocrx_word' id='word_1_330' title='bbox 1831 2164 1937 2209; x_wconf 86' lang='lat' dir='ltr'><strong>Vid.</strong></span> 
     </span>
     <span class='ocr_line' id='line_1_62' title="bbox 1047 2217 1934 2282; baseline 0.007 -24"><span class='ocrx_word' id='word_1_331' title='bbox 1047 2217 1229 2282; x_wconf 54' lang='lat' dir='ltr'><strong>ibiyiot.</strong></span> <span class='ocrx_word' id='word_1_332' title='bbox 1297 2218 1384 2261; x_wconf 90' lang='lat' dir='ltr'><strong>Sed</strong></span> <span class='ocrx_word' id='word_1_333' title='bbox 1415 2221 1520 2277; x_wconf 88' lang='lat' dir='ltr'><strong>quia</strong></span> <span class='ocrx_word' id='word_1_334' title='bbox 1551 2221 1658 2265; x_wconf 87' lang='lat' dir='ltr'><strong>haec</strong></span> <span class='ocrx_word' id='word_1_335' title='bbox 1690 2222 1934 2266; x_wconf 79' lang='lat' dir='ltr'><strong>verborum</strong></span> 
     </span>
     <span class='ocr_line' id='line_1_63' title="bbox 1047 2276 1938 2336; baseline 0.008 -20"><span class='ocrx_word' id='word_1_336' title='bbox 1047 2282 1160 2316; x_wconf 81' lang='lat' dir='ltr'><strong>ratio</strong></span> <span class='ocrx_word' id='word_1_337' title='bbox 1186 2289 1278 2317; x_wconf 86' lang='lat' dir='ltr'><strong>non</strong></span> <span class='ocrx_word' id='word_1_338' title='bbox 1309 2276 1411 2320; x_wconf 76' lang='lat' dir='ltr'><strong>satis</strong></span> <span class='ocrx_word' id='word_1_339' title='bbox 1443 2285 1540 2336; x_wconf 85' lang='lat' dir='ltr'><strong>apta</strong></span> <span class='ocrx_word' id='word_1_340' title='bbox 1563 2279 1655 2323; x_wconf 83' lang='lat' dir='ltr'><strong>visa</strong></span> <span class='ocrx_word' id='word_1_341' title='bbox 1683 2287 1772 2335; x_wconf 77' lang='lat' dir='ltr'><strong>est,</strong></span> <span class='ocrx_word' id='word_1_342' title='bbox 1813 2279 1938 2323; x_wconf 84' lang='lat' dir='ltr'><strong>fuere</strong></span> 
     </span>
     <span class='ocr_line' id='line_1_64' title="bbox 1048 2332 1936 2391; baseline 0.008 -18"><span class='ocrx_word' id='word_1_343' title='bbox 1048 2332 1123 2388; x_wconf 87' lang='lat' dir='ltr'><strong>qui</strong></span> <span class='ocrx_word' id='word_1_344' title='bbox 1146 2332 1460 2377; x_wconf 81' lang='lat' dir='ltr'><strong>emendarent:</strong></span> <span class='ocrx_word' id='word_1_345' title='bbox 1504 2338 1694 2387; x_wconf 76' lang='lat' dir='ltr'><strong>terruit,</strong></span> <span class='ocrx_word' id='word_1_346' title='bbox 1722 2351 1786 2379; x_wconf 81' lang='lat' dir='ltr'><strong>ne</strong></span> <span class='ocrx_word' id='word_1_347' title='bbox 1805 2340 1936 2391; x_wconf 81' lang='lat' dir='ltr'><strong>peri-</strong></span> 
     </span>
     <span class='ocr_line' id='line_1_65' title="bbox 1048 2389 1934 2447; baseline 0.007 -17"><span class='ocrx_word' id='word_1_348' title='bbox 1048 2391 1147 2430; x_wconf 85' lang='lat' dir='ltr'><strong>culo</strong></span> <span class='ocrx_word' id='word_1_349' title='bbox 1166 2404 1239 2441; x_wconf 79' lang='lat' dir='ltr'><strong>pr.</strong></span> <span class='ocrx_word' id='word_1_350' title='bbox 1254 2389 1289 2439; x_wconf 86' lang='lat' dir='ltr'><strong>f.</strong></span> <span class='ocrx_word' id='word_1_351' title='bbox 1313 2405 1349 2432; x_wconf 85' lang='lat' dir='ltr'><strong>c.</strong></span> <span class='ocrx_word' id='word_1_352' title='bbox 1373 2393 1656 2447; x_wconf 79' lang='lat' dir='ltr'><strong>adsectarec.</strong></span> <span class='ocrx_word' id='word_1_353' title='bbox 1694 2395 1756 2436; x_wconf 85' lang='lat' dir='ltr'><strong>uti</strong></span> <span class='ocrx_word' id='word_1_354' title='bbox 1782 2393 1934 2438; x_wconf 83' lang='lat' dir='ltr'><strong>locum</strong></span> 
     </span>
     <span class='ocr_line' id='line_1_66' title="bbox 1045 2445 1932 2508; baseline 0.008 -21"><span class='ocrx_word' id='word_1_355' title='bbox 1045 2445 1197 2488; x_wconf 77' lang='lat' dir='ltr'><strong>ferunt</strong></span> <span class='ocrx_word' id='word_1_356' title='bbox 1228 2445 1330 2489; x_wconf 87' lang='lat' dir='ltr'><strong>MS.</strong></span> <span class='ocrx_word' id='word_1_357' title='bbox 1357 2447 1465 2507; x_wconf 84' lang='lat' dir='ltr'><strong>Reg.</strong></span> <span class='ocrx_word' id='word_1_358' title='bbox 1503 2458 1546 2493; x_wconf 79' lang='lat' dir='ltr'><strong>et</strong></span> <span class='ocrx_word' id='word_1_359' title='bbox 1576 2451 1676 2495; x_wconf 87' lang='lat' dir='ltr'><strong>edd.</strong></span> <span class='ocrx_word' id='word_1_360' title='bbox 1699 2451 1819 2508; x_wconf 87' lang='lat' dir='ltr'><strong>Spir.</strong></span> <span class='ocrx_word' id='word_1_361' title='bbox 1844 2451 1932 2494; x_wconf 88' lang='lat' dir='ltr'><strong>Er-</strong></span> 
     </span>
     <span class='ocr_line' id='line_1_67' title="bbox 1045 2501 1934 2563; baseline 0.01 -20"><span class='ocrx_word' id='word_1_362' title='bbox 1045 2511 1156 2545; x_wconf 88' lang='lat' dir='ltr'><strong>nest.</strong></span> <span class='ocrx_word' id='word_1_363' title='bbox 1189 2501 1315 2547; x_wconf 77' lang='lat' dir='ltr'><strong>Brot.</strong></span> <span class='ocrx_word' id='word_1_364' title='bbox 1341 2520 1440 2563; x_wconf 88' lang='lat' dir='ltr'><strong>sqq.</strong></span> <span class='ocrx_word' id='word_1_365' title='bbox 1464 2535 1521 2542; x_wconf 96' lang='lat'><strong>—</strong></span> <span class='ocrx_word' id='word_1_366' title='bbox 1578 2507 1678 2551; x_wconf 91' lang='lat' dir='ltr'><strong>MS.</strong></span> <span class='ocrx_word' id='word_1_367' title='bbox 1708 2507 1820 2551; x_wconf 85' lang='lat' dir='ltr'><strong>ssud.</strong></span> <span class='ocrx_word' id='word_1_368' title='bbox 1854 2525 1934 2551; x_wconf 89' lang='lat' dir='ltr'><strong>nu·</strong></span> 
     </span>
     <span class='ocr_line' id='line_1_68' title="bbox 1045 2565 1932 2621; baseline 0.01 -21"><span class='ocrx_word' id='word_1_369' title='bbox 1045 2569 1194 2616; x_wconf 82' lang='lat' dir='ltr'><strong>gatur:</strong></span> <span class='ocrx_word' id='word_1_370' title='bbox 1241 2565 1405 2604; x_wconf 81' lang='lat' dir='ltr'><strong>terruit</strong></span> <span class='ocrx_word' id='word_1_371' title='bbox 1438 2580 1462 2606; x_wconf 89' lang='lat' dir='ltr'><strong>e</strong></span> <span class='ocrx_word' id='word_1_372' title='bbox 1488 2566 1696 2618; x_wconf 76' lang='lat' dir='ltr'><strong>periculo</strong></span> <span class='ocrx_word' id='word_1_373' title='bbox 1717 2598 1730 2610; x_wconf 86' lang='lat'><strong>.</strong></span> <span class='ocrx_word' id='word_1_374' title='bbox 1748 2596 1761 2609; x_wconf 87' lang='lat'><strong>.</strong></span> <span class='ocrx_word' id='word_1_375' title='bbox 1780 2598 1792 2609; x_wconf 91' lang='lat'><strong>.</strong></span> <span class='ocrx_word' id='word_1_376' title='bbox 1815 2567 1932 2621; x_wconf 78' lang='lat' dir='ltr'><strong>offe-</strong></span> 
     </span>
     <span class='ocr_line' id='line_1_69' title="bbox 1043 2617 1954 2679; baseline 0.01 -22"><span class='ocrx_word' id='word_1_377' title='bbox 1043 2623 1204 2660; x_wconf 81' lang='lat' dir='ltr'><strong>ctoret.</strong></span> <span class='ocrx_word' id='word_1_378' title='bbox 1283 2617 1382 2662; x_wconf 89' lang='lat' dir='ltr'><strong>MS.</strong></span> <span class='ocrx_word' id='word_1_379' title='bbox 1427 2622 1536 2679; x_wconf 81' lang='lat' dir='ltr'><strong>Agr.</strong></span> <span class='ocrx_word' id='word_1_380' title='bbox 1576 2624 1772 2665; x_wconf 81' lang='lat' dir='ltr'><strong>terruit:</strong></span> <span class='ocrx_word' id='word_1_381' title='bbox 1822 2632 1954 2676; x_wconf 53' lang='lat' dir='ltr'><strong>ton--s</strong></span> 
     </span>
     <span class='ocr_line' id='line_1_70' title="bbox 1047 2677 1935 2733; baseline 0.011 -19"><span class='ocrx_word' id='word_1_382' title='bbox 1047 2688 1191 2728; x_wconf 78' lang='lat' dir='ltr'><strong>qumn</strong></span> <span class='ocrx_word' id='word_1_383' title='bbox 1217 2689 1241 2716; x_wconf 85' lang='lat' dir='ltr'><strong>e</strong></span> <span class='ocrx_word' id='word_1_384' title='bbox 1259 2677 1468 2728; x_wconf 79' lang='lat' dir='ltr'><strong>periculo</strong></span> <span class='ocrx_word' id='word_1_385' title='bbox 1494 2709 1505 2722; x_wconf 88' lang='lat'><strong>.</strong></span> <span class='ocrx_word' id='word_1_386' title='bbox 1522 2709 1532 2720; x_wconf 94' lang='lat'><strong>.</strong></span> <span class='ocrx_word' id='word_1_387' title='bbox 1548 2710 1560 2722; x_wconf 94' lang='lat'><strong>.</strong></span> <span class='ocrx_word' id='word_1_388' title='bbox 1585 2680 1836 2733; x_wconf 77' lang='lat' dir='ltr'><strong>affectaret.</strong></span> <span class='ocrx_word' id='word_1_389' title='bbox 1883 2681 1935 2725; x_wconf 87' lang='lat' dir='ltr'><strong>ln</strong></span> 
     </span>
     <span class='ocr_line' id='line_1_71' title="bbox 1045 2728 1937 2794; baseline 0.011 -22"><span class='ocrx_word' id='word_1_390' title='bbox 1045 2730 1144 2775; x_wconf 79' lang='lat' dir='ltr'><strong>MS.</strong></span> <span class='ocrx_word' id='word_1_391' title='bbox 1160 2728 1311 2775; x_wconf 81' lang='lat' dir='ltr'><strong>Guelf.</strong></span> <span class='ocrx_word' id='word_1_392' title='bbox 1325 2743 1557 2778; x_wconf 84' lang='lat' dir='ltr'><strong>contextus</strong></span> <span class='ocrx_word' id='word_1_393' title='bbox 1574 2752 1657 2794; x_wconf 88' lang='lat' dir='ltr'><strong>pro</strong></span> <span class='ocrx_word' id='word_1_394' title='bbox 1671 2739 1835 2780; x_wconf 73' lang='lat' dir='ltr'><strong>terruit</strong></span> <span class='ocrx_word' id='word_1_395' title='bbox 1846 2736 1937 2783; x_wconf 72' lang='lat' dir='ltr'><strong>fert</strong></span> 
     </span>
     <span class='ocr_line' id='line_1_72' title="bbox 1045 2789 1935 2852; baseline 0.011 -23"><span class='ocrx_word' id='word_1_396' title='bbox 1045 2792 1247 2830; x_wconf 74' lang='lat' dir='ltr'><strong>tremuit.</strong></span> <span class='ocrx_word' id='word_1_397' title='bbox 1329 2789 1416 2833; x_wconf 86' lang='lat' dir='ltr'><strong>Sed</strong></span> <span class='ocrx_word' id='word_1_398' title='bbox 1459 2792 1505 2835; x_wconf 91' lang='lat' dir='ltr'><strong>in</strong></span> <span class='ocrx_word' id='word_1_399' title='bbox 1543 2793 1743 2852; x_wconf 83' lang='lat' dir='ltr'><strong>margine</strong></span> <span class='ocrx_word' id='word_1_400' title='bbox 1778 2796 1832 2838; x_wconf 90' lang='lat' dir='ltr'><strong>ab</strong></span> <span class='ocrx_word' id='word_1_401' title='bbox 1865 2811 1935 2838; x_wconf 84' lang='lat' dir='ltr'><strong>ea·</strong></span> 
     </span>
    </p>
   </div>
   <div class='ocr_carea' id='block_1_15' title="bbox 1042 2845 1931 2946">
    <p class='ocr_par' dir='ltr' id='par_1_15' title="bbox 1042 2845 1931 2946">
     <span class='ocr_line' id='line_1_73' title="bbox 1043 2845 1931 2945; baseline 0.009 -58"><span class='ocrx_word' id='word_1_402' title='bbox 1043 2845 1146 2945; x_wconf 43' lang='lat' dir='ltr'><strong>der-iti</strong></span> <span class='ocrx_word' id='word_1_403' title='bbox 1181 2845 1318 2891; x_wconf 76' lang='lat' dir='ltr'><strong>veteri</strong></span> <span class='ocrx_word' id='word_1_404' title='bbox 1354 2863 1490 2892; x_wconf 87' lang='lat' dir='ltr'><strong>mauu</strong></span> <span class='ocrx_word' id='word_1_405' title='bbox 1526 2850 1688 2908; x_wconf 83' lang='lat' dir='ltr'><strong>legitur</strong></span> <span class='ocrx_word' id='word_1_406' title='bbox 1719 2855 1792 2896; x_wconf 78' lang='lat' dir='ltr'><strong>vel</strong></span> <span class='ocrx_word' id='word_1_407' title='bbox 1829 2860 1931 2895; x_wconf 80' lang='lat' dir='ltr'><strong>ter-</strong></span> 
     </span>
     <span class='ocr_line' id='line_1_74' title="bbox 1042 2917 1154 2946; baseline 0.018 -2"><span class='ocrx_word' id='word_1_408' title='bbox 1042 2917 1116 2944; x_wconf 70' lang='grc' dir='ltr'><strong>ται</strong></span> <span class='ocrx_word' id='word_1_409' title='bbox 1142 2935 1154 2946; x_wconf 89' lang='grc'><strong><em>.</em></strong></span> 
     </span>
    </p>
   </div>
   <div class='ocr_carea' id='block_1_16' title="bbox 1045 3019 1932 3195">
    <p class='ocr_par' dir='ltr' id='par_1_16' title="bbox 1045 3019 1932 3195">
     <span class='ocr_line' id='line_1_75' title="bbox 1102 3019 1932 3066; baseline 0.01 -9"><span class='ocrx_word' id='word_1_410' title='bbox 1102 3020 1356 3060; x_wconf 75' lang='lat' dir='ltr'><strong>adlevasse.</strong></span> <span class='ocrx_word' id='word_1_411' title='bbox 1427 3019 1503 3063; x_wconf 84' lang='lat' dir='ltr'><strong>Sic</strong></span> <span class='ocrx_word' id='word_1_412' title='bbox 1536 3021 1635 3066; x_wconf 90' lang='lat' dir='ltr'><strong>MS.</strong></span> <span class='ocrx_word' id='word_1_413' title='bbox 1661 3021 1782 3065; x_wconf 82' lang='lat' dir='ltr'><strong>Flor.</strong></span> <span class='ocrx_word' id='word_1_414' title='bbox 1821 3030 1932 3065; x_wconf 86' lang='lat' dir='ltr'><strong>teste</strong></span> 
     </span>
     <span class='ocr_line' id='line_1_76' title="bbox 1048 3074 1930 3125; baseline 0.011 -13"><span class='ocrx_word' id='word_1_415' title='bbox 1048 3074 1265 3117; x_wconf 67' lang='lat' dir='ltr'><strong>Victor-io.</strong></span> <span class='ocrx_word' id='word_1_416' title='bbox 1290 3103 1348 3125; x_wconf 62' lang='lat'><strong>7-</strong></span> <span class='ocrx_word' id='word_1_417' title='bbox 1388 3079 1618 3122; x_wconf 78' lang='lat' dir='ltr'><strong>allevasse</strong></span> <span class='ocrx_word' id='word_1_418' title='bbox 1647 3078 1749 3122; x_wconf 80' lang='lat' dir='ltr'><strong>MS.</strong></span> <span class='ocrx_word' id='word_1_419' title='bbox 1781 3079 1930 3123; x_wconf 78' lang='lat' dir='ltr'><strong>Guels.</strong></span> 
     </span>
     <span class='ocr_line' id='line_1_77' title="bbox 1045 3130 1931 3195; baseline 0.009 -24"><span class='ocrx_word' id='word_1_420' title='bbox 1045 3130 1148 3176; x_wconf 82' lang='lat' dir='ltr'><strong>edd.</strong></span> <span class='ocrx_word' id='word_1_421' title='bbox 1165 3139 1265 3174; x_wconf 82' lang='lat' dir='ltr'><strong>vett.</strong></span> <span class='ocrx_word' id='word_1_422' title='bbox 1292 3155 1347 3163; x_wconf 91' lang='lat'><em>·-—-</em></span> <span class='ocrx_word' id='word_1_423' title='bbox 1394 3133 1557 3177; x_wconf 87' lang='lat' dir='ltr'><strong>Eadem</strong></span> <span class='ocrx_word' id='word_1_424' title='bbox 1583 3136 1784 3180; x_wconf 82' lang='lat' dir='ltr'><strong>varietate</strong></span> <span class='ocrx_word' id='word_1_425' title='bbox 1808 3137 1931 3195; x_wconf 83' lang='lat' dir='ltr'><strong>prius</strong></span> 
     </span>
    </p>
   </div>
   <div class='ocr_carea' id='block_1_17' title="bbox 1033 3188 1929 3300">
    <p class='ocr_par' dir='ltr' id='par_1_17' title="bbox 1033 3188 1929 3300">
     <span class='ocr_line' id='line_1_78' title="bbox 1043 3188 1929 3250; baseline 0.009 -21"><span class='ocrx_word' id='word_1_426' title='bbox 1043 3188 1281 3243; x_wconf 78' lang='lat' dir='ltr'><strong>adfectare</strong></span> <span class='ocrx_word' id='word_1_427' title='bbox 1302 3188 1400 3232; x_wconf 85' lang='lat' dir='ltr'><strong>MS.</strong></span> <span class='ocrx_word' id='word_1_428' title='bbox 1417 3190 1452 3234; x_wconf 95' lang='lat' dir='ltr'><strong>F</strong></span> <span class='ocrx_word' id='word_1_429' title='bbox 1453 3191 1537 3235; x_wconf 86' lang='lat' dir='ltr'><strong>lor.</strong></span> <span class='ocrx_word' id='word_1_430' title='bbox 1562 3201 1657 3237; x_wconf 79' lang='lat' dir='ltr'><strong>test.</strong></span> <span class='ocrx_word' id='word_1_431' title='bbox 1674 3194 1815 3246; x_wconf 84' lang='lat' dir='ltr'><strong>Vict.;</strong></span> <span class='ocrx_word' id='word_1_432' title='bbox 1848 3194 1929 3250; x_wconf 79' lang='lat' dir='ltr'><strong>of-</strong></span> 
     </span>
     <span class='ocr_line' id='line_1_79' title="bbox 1033 3245 1773 3300; baseline 0.011 -15"><span class='ocrx_word' id='word_1_433' title='bbox 1033 3247 1219 3300; x_wconf 81' lang='lat' dir='ltr'><strong>seclare</strong></span> <span class='ocrx_word' id='word_1_434' title='bbox 1242 3245 1340 3290; x_wconf 88' lang='lat' dir='ltr'><strong>MS.</strong></span> <span class='ocrx_word' id='word_1_435' title='bbox 1367 3246 1519 3293; x_wconf 81' lang='lat' dir='ltr'><strong>Guelf.</strong></span> <span class='ocrx_word' id='word_1_436' title='bbox 1543 3251 1644 3294; x_wconf 70' lang='lat' dir='ltr'><strong>edd.</strong></span> <span class='ocrx_word' id='word_1_437' title='bbox 1669 3259 1773 3294; x_wconf 76' lang='lat' dir='ltr'><strong>vett.</strong></span> 
     </span>
    </p>
   </div>
   <div class='ocr_carea' id='block_1_18' title="bbox 1041 3361 1930 3633">
    <p class='ocr_par' dir='ltr' id='par_1_18' title="bbox 1041 3361 1930 3633">
     <span class='ocr_line' id='line_1_80' title="bbox 1102 3361 1930 3410; baseline 0.006 -5"><span class='ocrx_word' id='word_1_438' title='bbox 1102 3361 1213 3405; x_wconf 75' lang='lat' dir='ltr'><strong>CAP.</strong></span> <span class='ocrx_word' id='word_1_439' title='bbox 1248 3363 1321 3406; x_wconf 79' lang='lat'><strong>64.</strong></span> <span class='ocrx_word' id='word_1_440' title='bbox 1411 3364 1682 3409; x_wconf 52' lang='lat' dir='ltr'><strong>Petroniam</strong></span> <span class='ocrx_word' id='word_1_441' title='bbox 1729 3381 1930 3410; x_wconf 77' lang='lat' dir='ltr'><strong>uxorem</strong></span> 
     </span>
     <span class='ocr_line' id='line_1_81' title="bbox 1043 3419 1730 3469; baseline 0.013 -10"><span class='ocrx_word' id='word_1_442' title='bbox 1043 3420 1153 3460; x_wconf 73' lang='lat' dir='ltr'><strong>eius.¹</strong></span> <span class='ocrx_word' id='word_1_443' title='bbox 1215 3419 1272 3463; x_wconf 86' lang='lat' dir='ltr'><strong>cf.</strong></span> <span class='ocrx_word' id='word_1_444' title='bbox 1300 3421 1486 3467; x_wconf 71' lang='lat' dir='ltr'><strong>Sueton.</strong></span> <span class='ocrx_word' id='word_1_445' title='bbox 1513 3422 1602 3467; x_wconf 75' lang='lat' dir='ltr'><strong>Vit.</strong></span> <span class='ocrx_word' id='word_1_446' title='bbox 1627 3439 1664 3469; x_wconf 83' lang='lat' dir='ltr'><strong>c.</strong></span> <span class='ocrx_word' id='word_1_447' title='bbox 1688 3424 1730 3468; x_wconf 83' lang='grc'><strong>6.</strong></span> 
     </span>
     <span class='ocr_line' id='line_1_82' title="bbox 1102 3531 1928 3598; baseline 0.008 -26"><span class='ocrx_word' id='word_1_448' title='bbox 1102 3531 1382 3598; x_wconf 65' lang='lat' dir='ltr'><strong>Flamajniae.</strong></span> <span class='ocrx_word' id='word_1_449' title='bbox 1470 3534 1720 3594; x_wconf 63' lang='lat' dir='ltr'><strong>Ed.1spi1·.</strong></span> <span class='ocrx_word' id='word_1_450' title='bbox 1757 3535 1928 3591; x_wconf 77' lang='lat' dir='ltr'><strong>stami-</strong></span> 
     </span>
     <span class='ocr_line' id='line_1_83' title="bbox 1041 3602 1173 3633; baseline 0.03 -4"><span class='ocrx_word' id='word_1_451' title='bbox 1041 3602 1173 3633; x_wconf 83' lang='lat' dir='ltr'><strong>neae.</strong></span> 
     </span>
    </p>
   </div>
  </div>
 </body>
</html>
