2138 4030
1742 222 1861 260 A.U.
1881 223 1967 261 824.

1740 267 1791 300 Δ.
1811 265 1862 301 C.
1883 268 1963 304 '71-

194 233 327 298 494,
758 222 1473 317 His'roRmRuM

194 384 304 425 res,
390 371 447 419 et
470 342 609 437 quia
635 361 794 434 apud
826 359 985 434 ipsos
1009 356 1154 411 fides
1181 351 1504 426 obstinata,
1547 355 1951 429 misericordia
1983 359 2052 417 in

194 459 505 528 promptu:
550 446 654 502 sed
686 446 964 501 adversus
991 458 1196 497 omnes
1221 440 1369 496 alios
1398 428 1614 498 hostile
1649 440 1874 500 odium.
1958 463 2053 500 se·
2095 473 2098 475 ·

2092 424 2130 434 ῃ,

193 534 385 613 parati
424 530 642 607 epuliS‚
680 528 917 586 discreti
958 525 1752 605 cubilibuS‚*proiectissima
1792 530 1869 584 ad
1909 525 2062 586 libi-'-
2118 535 2131 544 “

120 615 122 618 ’
194 622 411 678 dinem
433 636 605 691 gem,
671 615 1000 671 alienarum
1040 610 1360 667 concubitu
1394 611 1720 683 abstinent3
1788 613 1945 670 inter
1992 632 2054 669 se

195 702 352 762 nihil
377 702 702 772 inlicitiim3
749 695 1168 755 circumcidere
1194 691 1469 767 genitalia
1490 697 1842 776 instituere,¹
1860 709 1930 761 ut
1959 698 2054 754 di-
2118 727 2129 735 κ

194 791 468 849 versitate
492 796 829 843 noscantur.

196 975 460 1021 temnere
496 960 668 1024 de08‚
716 973 925 1026 exuere
960 953 1248 1028 patriam,
1294 963 1596 1025 parenteS‚
1639 953 1890 1023 liberm,
1932 955 2056 1010 fra-

199 1060 318 1106 tres
341 1046 481 1103 vilia
508 1038 746 1100 habere.
833 1036 1159 1112 Augendae
1200 1047 1397 1092 tamen
1431 1037 1804 1094 multitudini
1843 1058 2057 1095 consu-

194 1135 356 1192 litur,
441 1126 595 1185 Nam
622 1137 678 1183 et
702 1145 912 1181 necare
937 1142 1294 1201 quemquam
1322 1142 1389 1177 ex
1421 1123 1646 1195 agnatis
1683 1125 1873 1179 nefas:
1921 1123 2056 1179 ani-

196 1234 438 1293 masque
490 1211 716 1288 proelio
777 1221 880 1267 aut
935 1208 1240 1285 suppliciis
1293 1218 1736 1283 peremptorum
1791 1220 2058 1266 aeternas

196 1292 425 1380 putant.
509 1296 670 1354 Hinc
693 1295 1015 1370 generandi
1041 1314 1209 1351 amor
1246 1304 1303 1349 et
1340 1293 1638 1350 moriendi
1670 1305 2058 1369 contempta&

197 1388 483 1463 Corpora·
510 1383 793 1451 condere,
865 1401 1043 1458 quam
1089 1398 1375 1447 cremare,
1446 1398 1476 1433 e
1515 1398 1685 1436 more
1728 1375 2053 1456 Aegyptio:

198 1475 519 1548 eademque
568 1488 707 1526 cura
755 1478 811 1523 et
856 1468 929 1523 de
968 1465 1216 1522 infernis
1261 1463 1578 1540 persuasio.
1697 1461 2055 1522 Coelestium

1165 1744 1250 1788 pro
1293 1742 1482 1771 exuere.
1569 1727 1746 1771 Deinde
1787 1730 2059 1771 consulatur

1165 1803 1249 1845 pro
1277 1786 1549 1829 consulitur.

1224 1858 1508 1900 quemquam
1534 1858 1596 1886 ex
1616 1844 1823 1897 agnatis.
1880 1845 2064 1898 *Agnati

1167 1901 1241 1946 hic
1267 1900 1492 1944 etyGerm.
1525 1917 1568 1945 c.
1593 1900 1675 1954 19„
1694 1908 1797 1943 sunt
1822 1909 1923 1958 post
1942 1900 2064 1969 prio-

1169 1976 1240 2003 res
1279 1966 1323 2002 et
1367 1975 1503 2017 super
1541 1972 1787 2001 numerum
1829 1958 2064 2002 defimtum

1169 2016 1285 2065 nati,
1315 2016 1532 2075 superflui
1556 2017 1946 2071 (Naehgeborne).
2002 2015 2063 2060 ef.

1167 2074 1287 2118 Plin.
1325 2076 1389 2126 11,
1420 2074 1488 2116 52.
1520 2073 1734 2116 Membra
1778 2073 2067 2118 animalibus

1169 2138 1348 2187 agnata
1379 2133 1551 2175 mutila
1577 2138 1710 2182 sunt,
1747 2131 1869 2174 sicut
1897 2138 2066 2174 sextus

1169 2190 1346 2231 homini
1389 2203 1578 2241 semper
1636 2189 1826 2241 digitus.
1934 2189 2064 2231 Adde

1172 2249 1366 2288 Varron.
1379 2245 1433 2288 de
1446 2261 1495 2288 re
1512 2252 1624 2288 rust.
1638 2244 1679 2294 3,
1694 2245 1759 2297 16,
1771 2245 1843 2289 29.
1881 2245 2064 2288 Frustra

196 1742 312 1799 Agr.
356 1737 457 1781 edd.
498 1733 618 1792 Spir.
649 1731 862 1776 Oberlin.
894 1746 996 1789 sqq.
1035 1753 1090 1763 —-

174 1801 310 1849 (illuc
342 1794 650 1849 congerebant
689 1789 791 1841 edd.
819 1788 924 1832 Put.
952 1788 1019 1831 M.
1049 1798 1093 1831 et

198 1854 257 1902 V.
279 1851 489 1899 Beroald.
510 1865 610 1908 sqq.
644 1873 699 1880 —
755 1849 863 1891 illue
896 1861 1090 1901 congre-

198 1917 313 1957 bant
341 1910 444 1955 MS.
466 1909 558 1951 les:
587 1929 645 1940 --
700 1906 807 1948 illuc
837 1918 1095 1959 congrega-

198 1974 313 2014 bant
337 1967 475 2012 MSS.
502 1964 650 2008 Guelf.
675 1971 718 2007 et
740 1962 865 2006 Harl.

250 2061 304 2097 et
336 2053 445 2108 quia
479 2052 607 2103 apud
637 2049 762 2103 ipsos
785 2053 870 2090 etc.
960 2046 1098 2091 Varia

199 2114 274 2159 hic,
299 2110 427 2154 locus
450 2108 506 2150 ‘in
542 2105 668 2149 libris
696 2106 837 2148 utitur
859 2104 1094 2162 interpun-

201 2170 371 2217 ctione.
458 2164 646 2207 Priores
686 2161 906 2207 editiones
939 2177 1098 2204 omnes

200 2234 420 2286 punctum
483 2228 663 2280 ponunt
714 2227 817 2262 ante
870 2221 1097 2274 separati,

200 2283 325 2345 quod
366 2286 592 2326 commate
628 2283 860 2321 mutarunt
891 2274 1095 2319 hodierni

202 2344 417 2390 editores,
449 2337 521 2389 ‘At
544 2334 659 2392 quia
678 2337 812 2389 apud
836 2333 1099 2389 ipsosfides

205 2400 468 2446 obstinata,
500 2408 783 2451 consequens
815 2389 935 2434 haud
965 2390 1099 2433 dubie

203 2467 268 2504 est
291 2452 613 2499 misericordia
635 2452 686 2493 in
702 2456 945 2505 promptu.
989 2447 1099 2503 Quo

201 2517 356 2563 animo
391 2510 482 2555 sint
516 2509 637 2553 iuter
667 2525 715 2552 se
745 2506 942 2564 scriptor
994 2521 1098 2548 rae-

202 2573 365 2621 mittit,
394 2577 444 2612 ut
468 2569 573 2612 dein
603 2568 788 2617 doceat,
818 2579 909 2622 quo
934 2579 956 2606 a
993 2579 1098 2609 ver-

203 2649 278 2678 sus
302 2629 428 2674 alios.

261 2704 312 2746 in
351 2703 594 2758 promptu.
675 2694 778 2739 MS.
818 2692 970 2737 Guelf.
1006 2695 1101 2736 im-

201 2765 444 2819 promptu.
505 2754 593 2802 Ed.
616 2753 732 2812 Spir.
758 2753 1068 2807 impromptu.

260 2834 531 2876 alienarum
595 2824 852 2868 concubitu.
949 2822 1004 2868 H.
1061 2839 1099 2866 e.

1170 2376 1313 2416 quam
1337 2375 1401 2402 ex
1425 2361 1581 2411 natis,·
1609 2358 1775 2403 frustra
1798 2360 1929 2404 etiam
1944 2359 2064 2405 Sam.

1170 2418 1343 2462 Petitus
1369 2416 1598 2463 Observv.
1622 2416 1664 2468 2,
1680 2415 1725 2458 4.
1748 2430 1812 2460 ex
1831 2433 1878 2461 a.
1902 2421 1949 2460 d.
1972 2432 2067 2460 na·

1173 2478 1232 2520 tis
1259 2475 1302 2518 h.
1326 2491 1365 2518 e.
1390 2490 1440 2517 ex
1465 2483 1567 2518 ante
1591 2473 1711 2517 diem
1738 2475 1871 2517 natis.
2015 2519 2017 2521 ,

1230 2534 1421 2576 animas
1454 2548 1511 2575 ue
1537 2563 1576 2576 ..
1595 2562 1607 2575 .
1623 2562 1634 2575 .
1660 2538 1901 2576 aeternas.
1963 2533 2068 2579 MS.

1175 2593 1284 2649 Agr.
1322 2597 1365 2633 et
1396 2606 1418 2633 e
1454 2622 1465 2634 .
1501 2589 1621 2648 Spir.
1657 2590 1936 2646 animosque
1967 2622 2007 2636 ..
2027 2626 2037 2636 .
2057 2626 2069 2637 .

1174 2657 1406 2691 aeternos.
1479 2646 1583 2691 MS.
1603 2646 1715 2703 Reg.
1746 2648 1942 2690 animos
1966 2681 1978 2694 .
1995 2682 2005 2692 .
2025 2683 2035 2694 .
2054 2684 2065 2694 .

1174 2706 1390 2749 aeternis.
1462 2704 1563 2748 MS.
1600 2703 1740 2748 Corb.
1771 2706 1958 2749 animos
1978 2739 1990 2751 .
2007 2740 2016 2750 .
2031 2740 2042 2751 .
2057 2742 2066 2751 .

1173 2821 1220 2864 in
1243 2820 1347 2863 MS.
1370 2818 1521 2864 Guelf.
1553 2835 1578 2862 a
1605 2819 1802 2863 secunda
1833 2822 2070 2866 manute-

205 2890 571 2946 alienigenarum.
630 2881 790 2939 Neque
814 2889 963 2925 tamen
991 2896 1104 2939 opus

207 2957 298 3000 est,
348 2952 398 2988 ut
436 2958 542 2988 cum
583 2940 768 2984 Heinsio
814 2939 873 2982 ita
915 2939 1102 2983 scribas.

207 3005 312 3053 MS.
340 3002 457 3046 Bud.
479 3001 756 3043 alienorum
776 2998 948 3042 cubitu.

263 3075 512 3122 inlicitum.
589 3067 667 3113 Sic,
696 3067 798 3112 MS.
836 3068 962 3111 Flor.
994 3075 1105 3111 teste

208 3124 432 3181 victorio.
449 3154 499 3163 -
533 3128 746 3170 illicitum
766 3125 868 3170 MS.
885 3124 1036 3168 Guelf.
1063 3132 1107 3166 et

212 3190 432 3239 editiones
455 3194 642 3229 veteres.
666 3207 723 3216 —
759 3183 870 3227 Mox
880 3182 1106 3240 MS.Agr.

209 3244 599 3304 transgressique.

204 3320 208 3339 ‘
270 3329 536 3392 quidquam.
597 3327 673 3371 Sic
706 3325 807 3371 MS.
832 3325 956 3368 Flor.
982 3332 1106 3392 ⁴teste

212 3389 436 3438 Victorio.
475 3410 533 3419 —
599 3385 849 3441 quicquam
891 3383 1107 3427 ediuones

217 3461 401 3500 veteres.

270 3509 557 3565 imbuuntur.
618 3513 699 3558 Ed.
717 3514 836 3568 Spir.
864 3512 1105 3554 imbuitur.

215 3605 274 3616 -—
311 3576 477 3623 Eadem
534 3589 639 3618 cum
681 3570 784 3617 MS.
825 3569 935 3626 Reg.
977 3569 1106 3613 exire

1175 2879 1295 2938 gitur
1320 2884 1364 2920 et
1382 2878 1628 2934 suppliciis.

1230 2937 1664 2990 corporaKcondere.
1720 2923 1940 2980 Trillerus
1961 2953 2069 2982 con·

1177 2993 1282 3036 iecit
1305 2993 1504 3036 condire.
1554 2991 1791 3036 Refellitur
1811 2993 2070 3040 abElsnero

1176 3051 1224 3094 in
1260 3049 1522 3094 schediasm.
1555 3065 1618 3093 cr.
1649 3066 1694 3110 p.
1718 3048 1793 3095 31.
1864 3051 1978 3096 Nam
2016 3070 2071 3098 eo

1177 3115 1380 3167 spectant
1420 3107 1571 3166 potius
1614 3107 1770 3151 verba:
1819 3112 2071 3167 eademque

1179 3181 1307 3209 cura.

1213 3239 1260 3266 ·e
1295 3236 1430 3265 more
1456 3223 1694 3278 Aegyptio.
1756 3221 1892 3266 MSS.
1915 3222 2069 3268 Guelf.

1177 3280 1300 3324 Harl.
1326 3280 1413 3323 les.
1438 3279 1651 3323 omittunt
1675 3281 2071 3337 praepositionem..

1179 3336 1282 3382 MS.
1309 3337 1428 3385 Bud,
1458 3351 1623 3380 amore
1641 3338 1882 3393 Aegyptio.

1234 3399 1489 3452 eademque
1526 3408 1644 3438 cura
1684 3401 1730 3437 et
1773 3397 1832 3437 de
1868 3395 2071 3452 infernis

1170 3455 1434 3508 persuaszb.
1498 3451 1768 3494 coelestium
1788 3460 1954 3495 contra
1975 3454 2068 3496 Ae—

1175 3512 1317 3568 gyptii
1340 3512 1570 3565 pleraque
1592 3516 1674 3551 etc.
1751 3508 1934 3552 Veteres
1966 3510 2068 3554 libri

1176 3576 1394 3625 punctum
1433 3575 1608 3624 ponunt
1652 3574 1752 3622 post
1789 3568 2067 3611 coelestium.

917 781 1295 854 Transgressi
1318 780 1384 835 in
1406 801 1632 838 morem
1661 773 1871 840 eorum
1893 783 2055 839 idem
2130 783 2131 786 ’

194 885 508 951 usurpant:
553 891 661 927 nec
700 869 1025 945 quidquam
1063 866 1230 941 prius
1271 866 1651 938 imbuuntur,
1693 889 1871 945 quam
1910 888 2055 925 con-
2099 891 2102 900 ¹

1169 2303 1309 2362 igitur
1348 2302 1523 2361 Lipsius
1570 2301 1849 2358 corrigebam
1901 2317 2065 2359 quem-
2122 2349 2123 2352 Ἴ

1176 2771 1418 2806 aeternos.
1457 2786 1515 2795 —
1573 2761 1665 2805 Pro
1709 2768 1795 2804 aut
1834 2764 2071 2820 suppliciis
2115 2766 2121 2817 J

2085 3719 2110 3731 A
