2138 4030
1774 260 1827 297 A.
1835 261 1894 298 11.
1902 260 1992 297 82³.

219 257 346 331 376
795 260 1501 326 HISTORIARUM
1775 300 1893 343 30,-
1931 305 1989 342 π,

222 420 284 458 se
318 399 443 475 ipse
479 393 774 455 interfecit
810 395 1037 471 pudore
1073 385 1480 472 magis‘quam
1516 394 1871 461 necessitate.-
1940 391 2078 454 'Al-
2113 403 2123 419 “

221 481 453 562 phenus
462 480 658 540 Varus
678 482 947 557 ignaviae
969 479 1363 557 infamiaeque
1385 498 1523 536 suae
1544 480 1850 556 superfuit.
1900 477 2078 542 Asia-

224 567 374 627 tiens
406 568 568 650 enim
600 564 679 645 (is
707 562 982 644 libertus)
1011 565 1230 622 malam
1258 565 1584 641 potentiam
1612 564 1815 623 servili
1847 567 2077 645 suppli-
2096 566 2113 576 Χ

226 655 316 713 cio
352 653 628 730 expiavit.

392 760 531 823 XII.
575 760 795 820 Iisdem
824 751 1033 816 diebus
1055 756 1525 834 'crebrescentem
1551 761 1733 819 cladis
1757 756 2079 821 Germani-

227 869 326 908 cae
350 850 567 907 famam
591 864 966 922 nequaqnam
993 856 1212 902 maesta
1238 845 1441 902 civitas
1469 846 1808 924 excipiebat.
1882 868 2080 907 caesos

227 934 541 1004 exercitUS‚
610 942 775 1006 capta
816 930 1121 1004 legionum
1162 925 1444 1002 hiberna,
1500 931 1809 990 descivisse
1851 931 2080 994 Gallias

225 1041 351 1078 non
382 1029 451 1078 ut
484 1017 638 1074 mala
675 1017 1089 1092 loquebantur.
1175 1012 1247 1072 Id
1272 1016 1495 1072 bellum
1527 1016 1743 1098 quibus
1768 1019 1956 1076 causis
1979 1041 2080 1078 or-

225 1118 354 1163 tum
370 1151 387 1175 ,
451 1113 671 1180 quanto
721 1113 1095 1159 externarum
1139 1100 1547 1178 sociarumque
1598 1103 1863 1176 gentium
1911 1106 2082 1164 motu

222 1188 557 1264 flagraverit
600 1186 776 1244 altius
818 1187 1141 1262 expediam.
1229 1184 1470 1258 Batavi,
1513 1188 1701 1244 donec
1726 1199 1890 1246 trans
1913 1187 2083 1250 Rhe-
2126 1203 2138 1217 “

225 1295 372 1333 num
404 1271 681 1348 agebant3
720 1291 855 1347 pars
880 1270 1216 1329 Cattorum:
1264 1273 1551 1330 seditione
1579 1268 1897 1333 domestica
1922 1268 2083 1355 pulsi

226 1354 765 1420 extremaGassicae
789 1377 927 1415 orae
949 1377 1134 1416 vacua
1159 1357 1484 1417 cultoribus
1510 1349 1803 1436 simulq'ue
1825 1348 2082 1420 insulani

225 1594 332 1681 122⁶
342 1594 509 1694 (ἶῖἒιῗῖ)
541 1575 1122 1680 ἑζῖ].ὒῖ38ι)8(ιι.ᾙ’ῐίἕζ’ἶ(;(ιιιῖῗῖ

224 1695 267 1750 (a
302 1695 444 1754 prima
476 1697 631 1751 manu)
666 1691 806 1737 Corb.
839 1691 943 1734 edd.
973 1691 1119 1749 Ryek.

225 1751 318 1796 Iac.
342 1751 492 1796 Gron.
513 1767 612 1810 sqq.
640 1775 699 1785 --
737 1764 789 1792 se
813 1751 968 1805 zpsum
981 1750 1118 1793 MSS.

226 1807 378 1854 Guelf.
410 1809 451 1863 (a
478 1807 676 1853 secunda
702 1809 854 1863 manu)
881 1805 992 1864 Reg.
1019 1807 1119 1850 edd.

224 1866 345 1924 Spir.
387 1867 489 1911 Put.
526 1865 736 1909 Beroald.
778 1864 900 1919 (eum
941 1864 1122 1907 silentio

226 1925 362 1981 vict.)
393 1940 492 1983 sqq.
517 1924 572 1968 ad
592 1921 835 1980 Ryckium.
880 1921 940 1965 cf.
967 1922 1122 1967 Rams·

225 1980 359 2026 horn.
383 1981 466 2027 Gr.
491 1981 543 2036 §.⁴
560 1979 656 2025 158.
691 1995 737 2038 p.
758 1978 858 2024 335.
885 1978 951 2036 d.)

283 2071 529 2152 interfecit.
584 2094 687 2138 MS.
706 2093 814 2152 Reg.
836 2094 1064 2151 ihterficzl.

285 2208 522 2253 Asiaticus
545 2213 667 2251 enim
702 2209 760 2264 (is
790 2207 1001 2261 libertus)
1037 2213 1122 2251 etc.

227 2266 294 2313 lta
325 2266 480 2310 locum
513 2266 792 2324 distinguunt
828 2264 1123 2323 scribuntque

228 2323 332 2368 edd.
369 2322 471 2367 Put.
502 2322 571 2366 M.
607 2331 651 2366 et
679 2322 733 2367 V.
756 2321 967 2366 Beroald.
998 2324 1122 2378 (cum

227 2380 376 2426 silent.
408 2379 549 2437 Viet.)
585 2378 687 2430 Ale..
710 2378 857 2424 Rhen.
880 2378 991 2426 Ald.
1026 2379 1123 2421 Mi-

229 2439 336 2496 cyll.
401 2447 443 2482 et
502 2453 649 2496 nuper
712 2435 897 2495 Bipont.
934 2433 1126 2494 (Oberl.

228 2512 327 2553 sqq.
361 2519 415 2529 —
472 2496 708 2539 Asiaticus
741 2494 891 2548 (enim
917 2493 959 2537 is
981 2495 1126 2537 liber·-

229 2557 320 2610 tus)
362 2553 464 2597 edd.
501 2551 639 2610 Lipsii
677 2552 822 2608 (1574.
849 2553 962 2610 sqq.)
996 2549 1124 2601 Pieh.

228 2609 360 2654 Grut.
373 2609 801 2678 Bernegg.G1-onov.
813 2608 972 2666 (1672.)
985 2605 1129 2667 Ryek.

227 2667 582 2713 1a0.Gronovi1.
621 2694 681 2703 --
737 2667 974 2711 Asiaticus
1004 2667 1128 2709 enim

228 2726 423 2769 libertus
437 2725 576 2769 MSS.
592 2724 699 2783 Reg.
716 2724 855 2768 Corb.
884 2723 986 2768 edd.
1005 2722 1124 2781 Spir.

228 2781 406 2828 Ernest.
446 2783 572 2827 Brot.
591 2815 604 2834 ,
1080 2781 1089 2791 '

229 2854 364 2897 quam
403 2839 601 2895 retinent
637 2840 773 2883 MSS.
816 2836 968 2883 Guelf.
1003 2836 1127 2882 Harl.

227 2898 361 2942 Bodl.
377 2897 581 2943 les-Bud.
606 2905 649 2940 et
666 2897 787 2940 Flor.
804 2919 857 2930 -
884 2895 977 2939 Pro
1003 2895 1126 2939 enim

228 2954 458 3012 MS.Agr.
474 2970 524 2999 ex
546 2954 812 2998 emendandi
837 2954 985 2997 studio
1011 2952 1127 2996 exhi·

229 3013 304 3056 bet
341 3015 508 3064 etiam,
561 3012 729 3055 omisso
762 3012 1039 3070 pronomine
1071 3011 1130 3054 is.

230 3067 464 3113 Broterius
515 3085 600 3127 pro
645 3069 768 3111 enim
808 3067 908 3112 vult
952 3075 1127 3112 autem.

230 3125 463 3185 Bipontini
488 3126 727 3169 adfirmant
748 3126 872 3168 enim
907 3126 1015 3184 poni
1042 3140 1128 3184 pro

230 3191 413 3234 autem,
459 3191 501 3225 et
532 3184 590 3225 ita
626 3191 844 3229 nostrates
879 3181 1035 3229 locum
1062 3183 1131 3226 in-

230 3241 549 3300 terpretantur.
588 3238 830 3300 'Exempla
863 3240 1071 3284 adserunt
1106 3255 1131 3284 e

230 3297 358 3346 Caes.
389 3294 442 3341 B.
474 3294 532 3340 G.
565 3297 607 3351 5,
642 3298 686 3342 7.
726 3307 770 3341 et
798 3295 851 3340 Β.
889 3297 943 3343 C.
977 3298 1018 3349 2,
1057 3296 1131 3341 32.

230 3353 382 3398 Plaut.
402 3350 607 3396 Mostell.
637 3354 678 3404 5,
698 3354 739 3405 2,
764 3354 832 3397 12.
893 3354 955 3398 At
981 3364 1027 3398 tu
1056 3370 1134 3398 ac-

230 3418 1133 3536 ἓξῐὲἷτιξὲἷῗετῑξέιῗίἓξᾟειιῃίἔυεῗζιιζζ

232 3542 341 3571 nem
368 3524 529 3571 reddit
546 3523 858 3585 praecedentis
887 3526 1134 3571 sententiae

234 3585 330 3633 sive
370 3582 534 3628 diserte
569 3594 798 3640 expressae
836 3582 929 3629 sive
965 3582 1130 3630 intelli-

668 2782 813 2826 deleta
853 2781 1021 2827 vocula
1069 2794 1126 2829 ts,

1193 1579 1389 1640 gendaez
1429 1588 1472 1624 et
1500 1578 1575 1625 hic
1595 1595 1678 1639 per
1695 1579 1822 1623 enim
1845 1579 1959 1626 ratio
1982 1582 2084 1626 red·

1194 1640 1314 1683 ditur
1335 1637 1463 1683 verbi
1486 1636 1714 1694 superfuit
1725 1669 1738 1690 ,
1778 1637 1824 1680 in
1858 1653 1948 1696 quo
1979 1641 2084 1684 latet

1192 1695 1409 1740 sententia
1442 1693 1703 1751 Alphenum
1738 1692 1911 1739 Varum
1927 1692 1972 1741 'e‘
2033 1701 2082 1741 ὸ-

1190 1753 1389 1797 tentibus
1441 1752 1568 1796 aulae
1623 1751 1889 1796 Vitellianae
1937 1712 2086 1805 sollum

1193 1813 1279 1855 vita
1313 1826 1543 1868 superasse
1565 1809 1845 1869 principatus
1868 1813 2087 1857 mutatio-

1193 1874 1297 1913 nem
1313 1900 1325 1918 ‚
1367 1876 1415 1911 ut
1437 1868 1663 1912 frueretur
1684 1867 1868 1912 infamia
1890 1868 2088 1925 ignaviae

1194 1941 1298 1970 suae
1321 1927 1395 1981 (er
1416 1925 1636 1981 bliebfit'r
1657 1927 1732 1969 die
1752 1925 1969 1977 Schande
1984 1929 2081 1972 ‘sen'-

1193 1991 1285 2027 ner
1305 1984 1514 2038 Fez'gheit
1538 1984 1693 2039 iibrig,
1733 1997 1829 2028 non
1862 1998 1913 2026 er
1945 1987 2089 2030 iiber—

1195 2044 1336 2094 lebte‚
1398 2040 1479 2084 uti·
1507 2041 1646 2100 vulgo
1695 2041 2088 2099 interpretantur).

1195 2099 1310 2142 Nam
1346 2099 1564 2154 ignaviae
1598 2097 1914 2156 infamiaeque
1945 2109 2009 2145 est
2040 2100 2091 2150 ἓν

1196 2155 1274 2200 διὰ
1304 2156 1454 2200 δυοῖν.
1527 2155 1682 2210 Quare
1713 2156 1934 2216 aptissime
1964 2157 2089 2203 addis

1193 2222 1271 2281 tur
1293 2214 1418 2256 enim
1440 2219 1543 2270 post
1562 2214 1816 2261 Asiaticus.
1870 2212 1944 2259 De
1962 2216 2089 2262 Asia.

1194 2281 1285 2315 nco
1310 2269 1372 2315 cf.
1393 2283 1518 2327 supr.
1542 2270 1584 2322 2,
1607 2269 1680 2314 57.
1705 2270 1778 2317 95.

1252 2383 1368 2429 CAP.
1404 2382 1474 2427 12.
1534 2383 1722 2428 itis-dem.
1763 2347 1896 2431 ¹MS.
1932 2385 2090 2434 Guelf.

1196 2443 1363 2486 isdem.
1421 2440 1506 2485 Ed.
1533 2440 1657 2501 Spir.
1684 2441 1890 2489 Iu‘sdem.

1257 2548 1639 2601 crebrescentem.
1694 2519 1833 2600 MSS.
1862 2554 1975 2618 Reg.
2004 2558 2093 2607 Ies.

1200 2613 1303 2658 edd.
1333 2613 1364 2657 S
1398 2613 1453 2658 ir.
1484 2611 1593 2656 Ald.
1624 2614 1967 2660 crebescentem.
2029 2620 2091 2665 cs.

1199 2679 1298 2716 not.
1322 2686 1347 2715 a
1397 2669 1488 2715 An.
1510 2670 1553 2723 2,
1576 2667 1648 2714 89.
1679 2668 1793 2714 Hist.
1810 2672 1854 2721 2,
1874 2672 1947 2719 67.

1255 2783 1470 2829 hiberna.
1526 2762 1627 2828 MS.
1652 2781 1771 2828 Bud.
1808 2784 1914 2832 edd.
1944 2784 2090 2835 Rhen.

1198 2839 1303 2885 Ald.
1324 2856 1421 2899 sqq.
1449 2847 1610 2885 castra
1629 2841 1852 2897 hyberna.
1879 2842 2094 2899 '‘Pichena

1199 2906 1387 2944 auctore
1410 2898 1512 2942 eod.
1531 2898 1658 2943 Flor.
1681 2901 1888 2958 expunxit
1917 2910 2091 2971 casttq,

1199 2954 1326 3057 guod
1365 2972 1390 3000 a
1429 2955 1589 3001 ceteris
1626 2955 1753 3002 libris
1792 2957 1918 3004 abest
1947 2974 2093 3004 omm-

1232 3029 1300 3057 uso

1261 3135 1312 3172 ut
1353 3129 1502 3173 mala.
1574 3125 1664 3173 Ed.
1699 3124 1819 3186 spir.
1865 3136 1919 3172 ut
1951 3133 2097 3176 male.

1200 3186 1311 3231 Mox
1376 3184 1480 3230 MS.
1514 3183 1655 3229 -Bud.
1719 3193 1951 3243 quantum
2008 3203 2096 3248 pro

1203 3251 1410 3301 quanto,·
1453 3240 1555 3286 MS.
1587 3242 1702 3300 Agr.
1732 3244 1979 3298 agitabant
2009 3261 2095 3305 pro

1203 3303 1421 3357 agebant.

1264 3416 1525 3459 cattorum.
1611 3412 1689 3458 Sic
1737 3411 1842 3458 edd.
1885 3414 2095 3463 Beroald.

1203 3474 1329 3526 (cum
1352 3471 1499 3515 silent.
1513 3470 1649 3528 Vict.)
1661 3469 1912 3516 Alc.Rb‘en.
1926 3487 1977 3532 sq
2011 3505 2024 3517 .
2038 3498 2098 3508 —

1207 3528 1467 3572 Gothorum
1508 3528 1612 3573 MS.
1644 3526 1796 3572 Guelf.
1841 3528 1943 3574 edd.
2042 3531 2097 3577 ir.
2131 3556 2138 3560 -

1203 3584 1310 3631 Put.
1334 3586 1406 3631 M.
1431 3593 1475 3628 et
1486 3584 1545 3628 V.
1580 3584 1640 3631 ef.
1664 3591 1762 3630 not.
1787 3585 1843 3631 ad
1866 3586 2094 3641 An.1‚66.
