2138 4030
218 273 298 332 64

740 264 1511 338 ‚HI‘STORIARUM

1781 265 1833 306 A,
1845 265 1898 304 U.
1911 267 1996 308 823.

1781 309 1834 344 Λ.
1849 304 1901 354 G.¹
1935 310 1996 352 m.

216 405 290 461 ab
318 400 472 458 Iulio
497 397 652 473 Caro
678 394 1006 472 legionario
1035 396 1226 453 milite
1257 396 1322 452 in
1333 407 1666 475 'utrumque
1695 399 1848 462 latus
1880 411 2076 466 transe

218 489 576 561 verberatus.
643 504 645 508 ⁴

381 621 604 683 XLIII.
649 621 958 700 Insignem
985 620 1093 676 illa·
1115 620 1210 676 die
1235 619 1433 676 virum
1461 618 1883 696 Sempronium
1905 618 2072 681 Den-

214 713 345 770 sum
377 704 533 767 aetas
563 721 763 765 nostra
788 705 957 764 vidit.
1044 705 1310 762 centurio
1346 705 1396 760 is
1428 700 1765 781 praetoriae
1788 704 2072 784 cohortiS‚

209 820 243 854 a
279 796 475 856 Galba
515 792 824 851 custodiae
844 784 1083 847 Pisonis
1123 790 1389 860 a'ddituS,
1443 791 1643 848 stricto
1680 793 1937 868 pugione
1972 786 2071 853 oc-,

209 892 450 941 currens
502 877 740 936 armatis
788 886 846 932 et
893 875 1078 932 scelus
1126 875 1486 950 exprobrans
1533 897 1599 932 ac
1642 879 1823 948 modo
1870 888 2071 950 mann,

209 965 385 1025 inodo
420 985 563 1022 voce
596 952 881 1018 vertendo
907 960 973 1015 in
1003 979 1061 1016 se
1089 979 1460 1035 percussores
1488 972 1831 1038 quanquam
1855 963 2070 1021 vulne-

208 1065 334 1110 rato
362 1049 569 1109 Pisoni
597 1046 878 1120 effugium
906 1045 1087 1104 dedit.

1173 1043 1312 1101 Piso
1342 1046 1417 1100 'in
1451 1046 1654 1103 aedem
1685 1044 1900 1104 Vestae
1931 1047 2069 1123 per-

162 1134 355 1195 'svasit
383 1145 766 1210 exceptusque
794 1130 1198 1187 misericordia
1227 1129 1455 1206 publici
1479 1130 1633 1188 servi
1664 1143 1721 1189 et
1755 1135 2071 1190 contuber-

205 1211 307 1280 nio
359 1223 482 1278 eius
529 1217 765 1274 abditus
815 1236 941 1272 non
987 1216 1274 1290 religione
1323 1225 1431 1272 nec
1484 1215 1895 1287 caerimoniis3
1964 1221 2065 1276 sed

208 1310 430 1367 latebra
488 1303 805 1360 imminens
863 1301 1106 1382 exitium
1157 1301 1498 1370 differebat,
1585 1321 1720 1359 cum
1781 1302 2070 1361 advenere

201 1544 360 1592 tionis.·
408 1542 618 1587 Ceterum
654 1539 700 1583 in
722 1539 824 1584 MS.
847 1539 952 1596 Agr.
979 1538 1101 1580 deest

201 1612 268 1649 est
289 1610 391 1662 post
410 1598 664 1656 confessus.
860 1643 863 1646 Α

255 1674 383 1717 Iulio
398 1672 535 1715 Caro.
593 1668 670 1712 Sic
684 1666 821 1710 MSS.
833 1666 957 1710 Flor.
979 1667 1100 1720 (test.

199 1733 376 1776 Ernest.
418 1737 464 1771 et
502 1724 658 1777 Brot..
704 1741 792 1782 qua
833 1724 1100 1767 auctoritate

198 1806 294 1834 non
317 1785 517 1841 invenio)
545 1785 647 1827 edd.
672 1783 775 1826 Ber.
803 1781 927 1836 (cum
947 1779 1099 1823 silent.

200 1849 334 1902 Vici.)
386 1843 531 1886 Rhen.
587 1857 689 1899 sqq.
778 1840 905 1882 Iulio
958 1837 1099 1879 Cario

197 1903 333 1949 MSS.
367 1901 491 1945 Harl.
524 1899 657 1942 Bodl.
691 1898 774 1940 Ies.
813 1897 924 1952 Reg.
958 1894 1097 1939 Corb.

198 1962 312 2006 Bud.
334 1958 489 2004 Guelf.
524 1958 601 2013 (de
633 1972 722 2014 quo
747 1953 980 1997 Ernestius
1008 1952 1096 1994 fal-

197 2037 271 2064 sus
295 2021 376 2074 est)
403 2015 503 2059 edd.
518 2015 635 2073 Spir.
651 2014 755 2056 Put.
771 2012 838 2054 M.
863 2019 906 2052 et
918 2010 975 2052 V.
990 2009 1093 2053 Alc.

195 2077 364 2122 Proab
386 2073 488 2117 edd.
510 2072 630 2131 Spir.
655 2080 698 2114 et
720 2085 864 2127 nuper
876 2066 1094 2110 VVeisius

140 2188 144 2189 ⁷
195 2134 358 2180 habeut
380 2148 426 2175 a.
1008 2185 1010 2192 γ

253 2204 314 2248 ἰή
347 2209 593 2257 utrumque
637 2201 781 2241 latus.
870 2195 947 2239 Sic
990 2192 1093 2238 libri

195 2271 304 2307 vett.
329 2276 500 2304 omnes.
545 2257 583 2299 E
603 2254 821 2300 sententia
838 2253 963 2297 LFr.
979 2251 1095 2295 Gro-

194 2318 321 2366 novii
366 2317 470 2360 edd.
511 2314 721 2358 oberlin.
760 2327 856 2370 sqq.
900 2309 1095 2353 omisere

194 2373 573 2437 praepositionem
608 2373 679 2421 in,
719 2385 852 2427 quam
883 2366 1095 2410 Heinsius

193 2444 388 2492 utroque
435 2431 539 2474 loeo
583 2428 821 2472 delendam
868 2425 1093 2470 censebat.

192 2493 248 2535 Et
275 2506 378 2534 sane
400 2498 500 2532 ante
519 2488 743 2544 poplitem
766 2483 880 2526 illud
907 2484 959 2524 in
994 2491 1093 2539 apte

192 2559 306 2593 stare
331 2546 510 2605 nequit,
535 2546 568 2588 si
593 2543 769 2587 deletur
791 2551 893 2584 ante
912 2548 1091 2587 utrum-

194 2622 280 2664 que
308 2608 450 2648 latus.
512 2603 678 2646 Melius
708 2609 860 2644 tamen
892 2606 1089 2653 utroque

193 2667 292 2708 loeo
354 2661 636 2705 retinebitur.
735 2657 848 2700 Nam
898 2648 1089 2698 Tacitus

190 2728 412 2773 monstrat
443 2717 567 2776 quasi
597 2715 808 2765 vulnera,
846 2713 922 2756 ubi
958 2712 1091 2755 sede-

191 2780 309 2826 rint,
348 2791 432 2819 nee
466 2775 621 2818 dubito
646 2773 845 2816 Graecos
875 2771 1009 2813 etiam
1042 2770 1089 2811 in

188 2836 264 2881 tali
286 2836 388 2878 loco
412 2833 642 2877 addituros
665 2830 800 2873 fuisse
825 2832 902 2877 εἰς.

248 2907 361 2952 CAP.
399 2903 469 2947 43.
544 2904 696 2946 virum
739 2899 1084 2954 Sempronium.

190 2967 239 3009 In
283 2963 385 3007 edd.
423 2962 540 3019 Spir.
579 2959 788 3003 Beroald.
823 2957 924 3000 Ale.
966 2954 1086 2997 inter

190 3017 434 3078 utrumque
505 3018 780 3063 vocabulum
856 3012 1084 3056 adduntur

186 3081 319 3125 haec:
361 3085 407 3121 et
435 3090 598 3118 senem
630 3077 866 3116 trucidare
883 3075 1101 3131 pergunt·

186 3139 379 3182 disiecta
406 3134 562 3190 plebe,
598 3148 621 3174 e
648 3148 744 3189 cap.
768 3133 839 3173 40.
863 3127 979 3171 male
1007 3142 1084 3169 re-

184 3195 336 3255 petita.
398 3188 848 3234 DelevitRheuanus.
909 3186 1086 3228 Absunt

186 3253 318 3297 etiam
345 3267 367 3294 a
390 3249 494 3292 MS.
514 3247 637 3289 Flor.
665 3247 786 3300 (test.
818 3244 954 3299 vict.)
980 3241 1081 3285 edd.

185 3311 288 3354 Put.
323 3309 390 3355 M.
418 3315 460 3350 et
479 3304 538 3348 V.
599 3303 791 3346 Eaedem
825 3301 927 3344 edd.
961 3299 1083 3358 Spir-

185 3369 290 3411 Ber.
314 3365 419 3411 Ale.
443 3371 544 3407 ante
570 3368 705 3402 netas
729 3360 899 3403 addunt
926 3372 1080 3414 quem.

185 3423 366 3469 Delevit
395 3430 438 3466 et
463 3422 556 3477 ipse
578 3417 835 3460 Rhenanus.
1004 3427 1005 3430 ¹

240 3512 272 3538 a
298 3495 451 3538 Galba
483 3490 714 3534 custodiae
735 3487 921 3530 Pisonis
950 3480 1081 3530 addi-

187 3565 274 3598 tus.
337 3551 398 3594 Ex
421 3545 733 3593 emendatione
758 3545 915 3603 Ligu—ii,
945 3559 1076 3601 quam

187 3615 231 3656 in
302 3617 559 3655 contextum
630 3602 798 3660 recepit
867 3600 1077 3644 Pichena.

1173 1534 1307 1579 mss.
1337 1535 1452 1579 ssud.
1483 1533 1636 1579 Gueif.
1667 1522 1792 1580 nai-1.
1821 1535 1954 1580 nodi.
1986 1538 2068 1584 tes.

1172 1593 1273 1637 edd.
1307 1592 1412 1637 Put.
1447 1592 1549 1636 Ber.
1590 1594 1714 1647 (cum
1744 1591 1896 1638 silent.
1919 1593 2071 1649 Uict.)

1142 1663 1145 1666 ’
1172 1651 1274 1698 Alc.
1290 1650 1435 1694 Rhen.
1458 1666 1552 1709 sqq.
1578 1649 1771 1694 habeam
1799 1653 1867 1694 ad
1890 1649 2071 1695 Galbae

1171 1709 1433 1751 custodiam
1468 1725 1500 1751 a
1531 1707 1703 1750 Pisone
1737 1708 1941 1752 additus.
2008 1709 2071 1753 At

1170 1766 1272 1809 MS..
1294 1765 1423 1809 Flor.
1446 1766 1564 1821 (test.
1587 1765 1732 1822 Pich.)
1756 1782 1787 1808 a
1812 1765 1965 1808 Galba
1990 1781 2067 1807 cu-

1159 1824 1302 1865 stodi
1333 1831 1377 1864 et
1409 1840 1442 1864 a
1477 1823 1660 1865 Pisonis
1691 1825 1908 1879 additus,
1952 1838 2067 1881 quae

1171 1880 1396 1938 scriptura
1459 1880 1565 1923 satis
1628 1879 1869 1924 confirmat
1927 1880 2067 1938 Lipsii

1171 1938 1457 1980 emendation
1466 1954 1550 1980 em.
1607 1935 1743 1980 MSS.
1761 1936 1942 1981 Fames.
1955 1937 2066 1995 Reg.

1169 1994 1306 2039 Corb.
1346 1994 1417 2038 ed.
1450 1994 1566 2052 Spir.
1609 2010 1664 2036 ac
1700 1994 1879 2038 Galbae
1912 2003 2070 2038 custo-

1167 2055 1272 2094 diae
1297 2069 1326 2093 a
1349 2052 1517 2094 Pisone
1550 2053 1755 2094 additus.
1814 2051 2066 2111 ProLipsii

1168 2109 1484 2152 emendatione
1534 2117 1619 2152 stat
1674 2115 1907 2164 contextus
1961 2109 2065 2154 loci.

1169 2166 1220 2210 In
1248 2166 1473 2212 diversam
1501 2175 1670 2224 partem
1693 2165 1859 2209 abeunt
1880 2165 2063 2211 Plutar—

1168 2223 1277 2267 chus
1316 2232 1359 2266 et
1396 2221 1680 2281 Xiphilinus‚
1716 2221 1807 2281 ‘qui
1841 2220 2098 2283 Sempro-.

1167 2281 1293 2323 nium
1325 2279 1561 2338 perhibent
1586 2279 1872 2324 defensorem
1892 2280 2063 2326 Galbae

1167 2346 1209 2380 et
1231 2339 1276 2382 in
1302 2354 1350 2381 ea
1375 2337 1638 2381 defensione
1669 2337 1886 2382 occisum.
1946 2338 2061 2382 Nam

1165 2394 1334 2453 Xiphil.
1381 2396 1454 2447 64,
1491 2396 1536 2439 6.
1579 2397 1656 2438 καὶ
1691 2394 1818 2451 αὐτῷ
1854 2390 2061 2462 (Galbae)

1165 2449 1469 2524 Σεμπρώνιος
1509 2454 1690 2508 Δῆνσος
1730 2452 2064 2511 ἕκατονταρχος

1164 2512 1408 2569 ἑπαμινας
1429 2511 1474 2559 ἐς
1498 2507 1613 2555 ὅσον
1643 2508 1878 2567 ἠδυνήθη,
1918 2513 2060 2568 τέλος,

1163 2565 1225 2617 ὠς
1247 2568 1387 2613 οὐδὲν
1407 2565 1600 2625 ἤνυσεν,
1633 2563 1900 2626 ἐπεσφάγη,

1219 2628 1437 2670 armatis.
1499 2627 1578 2671 Sic
1613 2625 1750 2678 MSS.
1782 2625 1908 2670 Flor-
1941 2628 2058 2680 (test.

1163 2684 1305 2741 Vict.)
1331 2684 1444 2728 Bud.
1470 2683 1622 2727 Guelf.
1643 2682 1751 2741 Reg.
1779 2682 1914 2729 Corb.
1936 2682 2060 2730 Harl.

1161 2741 1293 2784 Bodl.
1330 2743 1414 2784 les.
1446 2741 1531 2785 edd
1572 2741 1719 2784 Rhen.
1755 2754 1776 2784 s
1842 2772 1855 2786 .
1911 2746 2062 2785 armis

1162 2799 1234 2842 ed.
1250 2799 1368 2856 Spir.
1426 2807 1646 2842 armatus
1665 2756 1897 2842 edd.‹I;Iut.
1922 2799 1990 2843 M.
2015 2808 2059 2845 et

1162 2854 1220 2899 V.
1246 2856 1350 2899 Ber.
1379 2855 1481 2900 Ale.

1215 2922 1542 2971 exceptusque.
1578 2911 1661 2956 Ed.
1678 2911 1797 2972 Spir.
1822 2917 2056 2968 deceptus-

1159 2985 1437 3070 qugddituss
1479 3027 1556 3070 Sic
1591 3026 1694 3072 edd.
1720 3016 1962 3087 SpirCBer.
1989 3035 2054 3084 (c.

1156 3085 1301 3128 silent.
1323 3084 1462 3141 Vici.)
1487 3100 1583 3143 sqq.
1614 3113 1674 3121 —-
1733 3087 1924 3131 additus
1953 3087 2053 3131 edd.

1160 3140 1263 3186 Put.
1285 3142 1352 3185 M.
1381 3153 1424 3185 et
1451 3141 1500 3187 V.
1948 3175 1949 3178 =

1217 3214 1302 3241 nec
1323 3200 1638 3244 caerimoniis.
1700 3201 1745 3242 M
1753 3201 1802 3245 S.
1827 3202 1936 3257 Agr.
1958 3215 2054 3246 non

1160 3272 1440 3300 cerzmonus.

1216 3331 1320 3358 cum
1355 3319 1601 3360 advenere.
1658 3315 1736 3359 Sic
1767 3316 1902 3359 MSS.
1926 3315 2051 3359 Flor.

1161 3374 1281 3425 (test.
1306 3373 1443 3429 Vici.)
1468 3372 1588 3416 Bud.
1621 3373 1722 3415 edd.
1746 3372 1889 3416 Rhen.
1926 3388 2052 3431 sqq.;
2125 3383 2127 3387 ’

1156 3445 1260 3472 cum
1282 3432 1562 3473 advenirent
1576 3430 1672 3473 MS.
1685 3429 1795 3486 Reg.
1819 3431 1888 3474 ed.
1904 3431 2050 3488 Spir.;
2137 3484 2138 3491 ἵ

1153 3494 1252 3528 tum
1296 3490 1534 3530 advenere
1578 3486 1712 3530 MSS.
1749 3487 1883 3533 Harl.
1915 3485 2048 3532 Bodl.

1151 3543 1403 3646 iijss,G„i¹1{¹.L
1430 3544 1569 3590 Corb.
1593 3545 1693 3590 edd.
1719 3542 1818 3587 Pnt.
1834 3544 1913 3599 VM.
1936 3554 1979 3603 et
1992 3543 2046 3605 V.
