2138 4030
201 266 325 328 254
775 262 1484 326 ulsTofflARuM
1745 262 1967 363 1:¹32.ssss

200 402 301 458 sed
350 399 553 458 addito
605 398 791 474 spatio
836 391 1166 453 rediturum
1206 405 1262 452 et
1302 391 1397 450 his
1444 395 1630 452 robur
1669 395 2053 458 meditatione

198 484 362 546 belli.
449 505 556 541 nec
583 484 790 560 procul
816 480 1229 549 Germaniam,
1267 481 1429 538 unde
1454 480 1636 538 vires:
1679 478 2051 541 Britanniam

198 575 349 641 freto
392 569 619 627 dirimi:
663 569 823 625 iuxta
857 565 1085 623 Gallias
1122 563 1580 642 Hispaniasque:
1623 566 1933 643 utrimque
1959 567 2051 624 vi-

195 677 325 727 τοε,
370 675 580 733 equos,
619 654 867 711 tributa:
912 652 1214 727 ipsamque
1241 649 1472 712 Italiam
1504 661 1560 708 et
1583 669 1723 726 opes
1747 651 1937 709 urbis:
1984 672 2050 715 ae

197 744 249 800 si
275 743 493 798 inferre
519 759 681 799 arma
705 739 871 797 ultro.
899 736 1115 806 velint,
1159 735 1304 792 duas
1337 737 1550 792 classes.
1578 756 1944 816 yacuumque
1969 736 2051 795 Il.—

196 827 447 906 lyricum
477 845 657 884 mare.
743 822 907 896 Quid
932 833 1058 880 tum
1087 819 1338 878 claustra
1371 820 1666 882 montium
1701 822 2053 896 profutura?

194 914 342 991 quid
374 922 628 970 tractum
660 909 726 964 in
760 918 1031 965 aestatem
1070 905 1250 962 aliam
1282 905 1545 966 bellum?
1610 907 1772 965 unde
1810 907 2049 966 interim

195 998 506 1075 pecuniam
532 1006 588 1052 et
611 992 1010 1050 commeatus?
1066 990 1214 1068 quin
1243 990 1442 1065 potius
1466 1011 1534 1047 eo
1570 991 1696 1067 ipso
1724 1003 2051 1062 uterentur,

196 1085 358 1161 quod
393 1079 773 1139 Pannonicae
809 1078 1070 1152 legiones
1110 1077 1383 1151 deceptae
1415 1076 1600 1149 magis
1642 1096 1819 1152 quam
1861 1079 2049 1136 victae

194 1187 494 1241 resurgere
534 1165 598 1221 in
637 1164 926 1221 ultionem
966 1172 1311 1238 properent,
1353 1159 1601 1219 Moesici
1636 1163 1920 1221 exercitus
1953 1164 2049 1225 in-

191 1267 382 1329 tegras
399 1252 553 1308 vires
575 1249 896 1308 attulerint,
968 1247 1034 1305 Si
1059 1267 1343 1305 numerus
1364 1246 1624 1303 militum
1646 1247 1845 1321 potius
1870 1268 2047 1325 quam

190 1340 491 1414 legionum
526 1344 793 1411 putetur,
847 1335 980 1409 plus
1016 1329 1156 1389 hinc
1193 1331 1456 1400 roboriS,
1505 1329 1660 1388 nihil
1696 1332 2046 1397 libidinum:

193 1437 251 1483 et
293 1421 581 1499 profuisse
615 1419 960 1494 disciplinae
994 1419 1187 1493 ipsum
1223 1419 1532 1492 pudorem.
1624 1412 1873 1493 Equites
1906 1439 2046 1477 vero

193 1531 270 1567 ne
314 1521 444 1566 tum
485 1506 723 1584 quidem
763 1504 974 1572 victOS,
1041 1505 1141 1559 sed
1188 1523 1525 1579 quanquam
1573 1503 1754 1563 rebus
1782 1505 2047 1561 >adversis

191 1596 494 1653 disiectam
533 1590 766 1648 Vitellii
824 1590 1026 1648 aciem.
1129 1586 1343 1657 „Duae
1384 1598 1526 1644 tunc
1559 1585 1936 1646 Pannonicae
1981 1610 2046 1646 ac

191 1678 533 1752 „Moesicae
559 1677 684 1733 alae
706 1695 1022 1751 perrupere
1047 1669 1302 1734 hostem:
1346 1692 1507 1734 nunc
1531 1673 1786 1729 sedecim
1816 1674 2045 1751 alarum

192 1813 225 1838 ‚‚
241 1765 555 1823 coniuncta
580 1762 744 1835 signa
760 1760 937 1836 pulsu
960 1759 1274 1835 sonituque
1299 1769 1354 1814 et
1372 1759 1530 1814 nube
1555 1757 1677 1833 ipsa
1699 1759 1964 1834 operient
1979 1780 2045 1816 ac

190 1848 663 1926 „superfundent
682 1847 897 1919 oblitos
918 1845 1280 1921 proeliorum
1302 1843 1523 1920 equites
1548 1863 1861 1928 equosque.
1912 1843 2046 1901 Nisi

111 1942 114 1945 ⁴
188 1937 368 2014 „quis
388 1933 632 2002 retinet,
673 1932 832 1988 idem
858 1950 1062 1987 suasor
1087 1941 1406 2006 auctorque
1432 1929 1664 1985 consilii
1691 1949 1810 1989 ero,
1865 1928 1867 1930 ’
1900 1929 2046 2002 Vos,
2102 1931 2107 1934 ’

188 2022 450 2100 „quibus
477 2019 713 2077 fortuna
741 2017 804 2073 in
829 2017 1056 2089 integro
1087 2026 1201 2085 est,
1245 2015 1504 2087 legiones
1528 2013 1848 2071 continete:
1891 2011 2043 2072 mihi

189 2106 540 2184 „expeditae
574 2099 842 2161 cohortes
879 2101 1184 2159 sufficient.
1283 2099 1407 2157 Iam
1447 2110 1761 2156 reseratam
1795 2097 2044 2172 Italiam,

596 2349 697 2395 MS.
730 2347 883 2393 Guelf.
915 2349 1078 2392 reddi·
1207 2361 1480 2404 perrupere.
1543 2347 1642 2389 MS.
1672 2345 1781 2404 Reg.
1817 2347 1886 2391 ed.
1922 2347 2042 2407 Spir.

1143 2420 1425 2462 prorupere.
1485 2405 1587 2448 MS.
1617 2404 1696 2448 les.
1715 2419 2040 2461 perrumpere.

244 2355 522 2400 rediturum.

186 2423 346 2459 turum
354 2446 366 2458 .

243 2497 546 2539 vacuumque.
604 2480 646 2523 A
667 2479 771 2523 MS.
790 2477 927 2523 Corb.
952 2477 1077 2520 abest

185 2559 286 2603 que·
306 2555 307 2558 Ἴ

238 2614 483 2670 Illyricum
506 2623 653 2655 mare.
701 2607 778 2652 Sic
795 2605 1076 2651 coddMSS.

183 2673 298 2717 Bud.
327 2669 481 2715 Guelf.
508 2672 552 2726 (a
588 2683 676 2710 sec.
710 2667 866 2720 mauu)
897 2663 1076 2720 aliique,

183 2730 285 2775 edd.
310 2743 468 2771 omnes
491 2728 611 2782 (cum
640 2725 708 2768 sil.
728 2724 884 2777 Vict.).
907 2745 964 2754 —·
1015 2721 1074 2761 II-

181 2787 314 2844 lyrici
343 2800 477 2828 mare
502 2781 639 2827 MSS.
709 2782 796 2823 lor.
835 2781 963 2833 (teste
985 2777 1075 2835 Ry-

185 2845 304 2901 ekio)
327 2843 448 2886 Harl.
473 2841 555 2885 les.
575 2839 675 2883 Gue
696 2839 727 2881 f.
758 2841 798 2886 (a
819 2837 963 2895 prima
983 2852 1074 2878 ma-

182 2904 282 2958 nu).
321 2895 913 2957 Utrumquerectedicitur.
958 2892 1072 2936 Nam

183 2961 348 3004 Noster
393 2956 503 2999 Hist.
541 2956 584 3003 2,
618 2954 688 2997 53.
729 2951 918 3007 Illyrica
961 2965 1076 3000 ora,-

185 3035 225 3062 c.
245 3016 314 3058 85.
330 3014 508 3070 Ilfyrici,
528 3013 774 3055 exercitus.
835 3012 920 3052 An.
951 3011 987 3058 1,
1005 3008 1074 3049 52.

181 3075 250 3119 Ill
277 3073 363 3116 rici
381 3079 547 3114 motus.
608 3068 798 3111 Ponitur
818 3082 922 3108 vero
942 3066 1074 3107 etiam

183 3091 457 3177 sulistantive
491 3128 726 3183 Illyricum
762 3125 853 3168 Au.
886 3126 922 3174 1,
957 3123 997 3164 5.
1034 3130 1076 3164 et

182 3188 255 3241 46.
302 3188 343 3238 Q,
371 3185 443 3230 44.
489 3185 553 3235 15,
581 3184 653 3225 26.
693 3198 779 3225 nec
810 3179 1074 3224 incredibile

182 3255 251 3293 est
270 3245 516 3299 Illyricum
548 3257 598 3283 ex
628 3238 896 3283 emendandi
926 3236 1074 3279 studio

185 3301 404 3361 originem
430 3297 624 3342 traxisse.
645 3322 699 3331 —
739 3295 849 3338 Mox
873 3294 1075 3351 ed.Spir.

183 3378 279 3407 nou
303 3358 435 3402 habet
455 3356 644 3399 interim
656 3371 671 3405 ;
698 3353 873 3408 fertque
894 3367 1073 3393 camea-

185 3429 262 3463 tus
294 3431 382 3474 pro
416 3418 715 3456 commeatus.
794 3410 968 3452 Deinde
998 3423 1074 3451 ea-

186 3479 288 3520 dem
313 3471 480 3516 omittit
502 3484 662 3514 vocem
687 3468 819 3509 vires.

244 3546 358 3603 quin
399 3541 577 3597 polius.
669 3535 769 3580 MS.
806 3535 957 3580 Guelf.
998 3536 1078 3591 qui

185 3604 362 3662 potius.

1207 2478 1370 2532 quibus
1391 2475 1591 2532 fortuna
1637 2477 1686 2518 in
1731 2477 1916 2529 integro
1958 2483 2041 2520 est.

1146 2533 1404 2578 Ernestius:
1439 2535 1553 2592 „qui
1577 2549 1699 2592 spem
1723 2533 1804 2576 sibi
1826 2535 1944 2576 inter
1968 2535 2042 2577 ad·

1147 2608 1277 2638 versa
1322 2591 1653 2648 reliquerunt.”
1744 2589 1926 2634 Rectius
1966 2589 2041 2634 Bi·

1147 2648 1352 2706 pontini:
1388 2665 1527 2700 „cum
1549 2655 1703 2691 contra
1718 2648 1921 2691 Antonio
1946 2649 2040 2699 sor-

1147 2717 1255 2751 tuna
1291 2715 1403 2749 esset
1432 2706 1606 2750 adflicta
1640 2705 1715 2760 (cf.
1747 2706 1834 2749 An.
1873 2706 1940 2757 14,
1967 2706 2039 2753 40.

1147 2764 1260 2807 Hist.
1292 2765 1334 2815 2,
1363 2765 1454 2819 86.)
1487 2779 1625 2819 exque
1661 2762 1868 2820 periculis
1897 2763 2041 2821 maior

1146 2821 1373 2866 audacia.''
1399 2822 1476 2865 Sic
1491 2821 1577 2863 iam
1593 2820 1765 2877 pridem
1778 2819 2038 2867 Bahrdtius:

1145 2879 1256 2927 Ihr,
1309 2883 1452 2922 deren
1495 2875 1641 2920 Glit‘clc
1683 2879 1805 2920 noch
1844 2879 1918 2921 nie
1959 2892 2040 2921 er-

1145 2939 1371 2979 schiIttert
1397 2940 1552 2978 ward.
1867 2954 1871 2956 ’
1892 2934 1904 2939 ’

1201 3009 1410 3060 legiones
1457 3007 1699 3049 continete.

1145 3067 1355 3108 rationes
1380 3066 1628 3107 continere.

1202 3141 1472 3176 reseratam
1505 3133 1718 3176 Italiam.
1778 3132 1841 3176 Ex
1875 3149 2034 3178 ernen-

1146 3191 1323 3234 datione
1355 3190 1598 3241 Pichenae,
1638 3205 1771 3247 quam
1801 3190 1850 3233 in
1885 3190 2036 3234 locum

1148 3248 1316 3306 recepit
1341 3248 1375 3292 l.
1401 3248 1476 3290 Fr.
1496 3246 1774 3292 Gronovius.
1832 3247 1945 3292 Nam
1964 3247 2038 3290 Pi·

1146 3306 1289 3350 chena
1319 3306 1366 3347 in
1400 3304 1502 3348 cod.
1531 3305 1657 3348 Flor.
1687 3304 1801 3349 vidit
1825 3314 2037 3349 reserata

1146 3363 1383 3407 militiam.
1459 3361 1685 3405 Victorius
1714 3363 1926 3405 intactam
1959 3378 2033 3405 re-

1148 3419 1277 3477 liquit
1312 3418 1606 3476 scripturam:
1650 3426 1870 3462 reserata
1903 3420 2032 3462 mili-

1148 3480 1236 3525 tia,
1282 3491 1395 3534 quae
1430 3484 1563 3518 exstat
1597 3476 1641 3517 in
1672 3475 1774 3519 edd.
1801 3474 1902 3519 Put.
1926 3475 2032 3519 Ber.

1146 3550 1243 3592 sqq.
1272 3542 1314 3575 et
1347 3533 1393 3575 in
1418 3532 1550 3576 MSS.
1575 3532 1728 3576 Guelf.
1753 3531 1874 3577 Harl.
1897 3533 2032 3578 Bodl.

1150 3592 1229 3634 les.
1258 3591 1368 3635 Bud.
1429 3593 1486 3633 At
1519 3597 1780 3632 reseratam
1813 3591 2033 3634 militiam

1785 3003 1870 3048 Ed.
1914 3005 2036 3066 sp÷r.

2104 3656 2127 3667 ‚A
