2138 4030
1754 262 1806 298 Α.
1821 258 1975 306 σῆῧπ.
2059 240 2063 246 «

213 263 330 321 168
776 252 1482 322 HISTORIARUM
1754 300 1979 346 ms„

324 462 326 466 X
374 388 661 451 XXVIII.
748 388 935 464 Igitur
960 390 1172 446 nuntio
1198 391 1392 457 adlato
1416 391 1648 466 pulsam
1665 391 2067 457 Treveromm

210 478 362 534 alam
388 475 784 555 Tungrosque
812 498 843 532 a
870 477 1048 532 classe
1074 471 1339 532 Othonis
1365 486 1429 532 et·
1446 465 1898 537 Narbonensem
1919 479 2068 539 Gala

210 563 351 618 liam
383 560 710 630 circumiri,
753 561 929 618 simul
954 562 1092 616 cura
1116 561 1307 617 >socios
1336 562 1546 618 tuendi
1571 574 1627 620 et
1657 563 1904 621 militari
1939 579 2069 625 astu

211 643 480 704 cohortes
504 646 769 704 turbidas
797 666 862 702 ac
889 645 937 700 si
959 662 1079 701 una
1107 647 1303 702 forent
1329 647 1697 720 praevalidas
1734 649 2074 726 dispergen-

212 732 278 789 di
337 743 563 808 partem
599 730 960 787 Batavorum
1010 730 1096 785 ire
1149 730 1215 786 in
1255 731 1605 811 subsidium¹
1630 732 1811 796 iubet.
1889 739 2073 813 vquod

213 816 323 874 ubi
365 818 635 874 auditum
682 815 1130 891 vulgatumque,
1184 836 1442 872 maerere
1477 817 1652 887 socii,
1703 817 1951 877 fremere
1973 822 2075 879 'le-
2136 832 2138 834 ’

215 902 442 976 giones:
508 901 708 958 orbari
760 919 819 956 se
858 901 1314 956 fortissimorum
1351 901 1617 958 virorum
1655 903 1906 962 auxilio:
1953 927 2076 963 ·ve—
2131 934 2133 942 2

215 999 366 1045 teres
409 987 543 1043 illos
589 993 645 1042 et
686 996 773 1043 tot
816 986 1111 1042 bellorum
1151 985 1430 1055 victoreS‚
1473 999 1781 1064 postquam
1825 990 1889 1045 in
1934 1008 2078 1048 con·-

218 1082 417 1148 spectu
442 1072 515 1127 sit
538 1068 754 1138 hostiS,
795 1071 956 1127 velut
985 1092 1053 1126 ex
1081 1070 1202 1135 acie
1229 1071 1461 1130 abduci.
1526 1073 1574 1128 si
1601 1074 1905 1147 provincia
1931 1078 2077 1133 urbe

219 1168 277 1214 et
299 1158 485 1213 salute
510 1156 743 1230 imperii
767 1155 964 1231 potior
986 1156 1089 1224 sit,
1126 1151 1339 1231 'omnes
1366 1156 1505 1211 illuc
1529 1171 1939 1234 sequerentur:
1983 1162 2077 1217 sin

218 1242 498 1298 victoriae
524 1241 770 1310 sanita5‚
802 1240 1308 1310 sustentaculum,
1351 1241 1622 1297 columen
1655 1243 1718 1298 in
1755 1241 1924 1301 Italia
1946 1263 2079 1302 ver·
2135 1272 2138 1273 ⁷

215 1338 469 1396 teretur,
532 1320 671 1383 *non
746 1326 1183 1402 abrumpendos
1251 1337 1318 1382 ut
1387 1327 1621 1401 corpori
1688 1328 2081 1389 validissimos

224 1423 404 1471 artus,
1114 1422 1126 1427 ”

389 1505 616 1567 ΧΧΙΧ.
703 1505 863 1565 Haec
909 1508 1183 1565 ferociter
1228 1505 1532 1576 iactand0‚
1607 1519 1917 1587 postquam
1969 1514 2084 1569 im-

222 1592 416 1648 missis
446 1593 756 1651 lictoribus
797 1591 1014 1649 Valens
1050 1608 1315 1649 coercere
1360 1593 1709 1650 seditionem
1762 1598 2084 1672 coeptabat,

225 1677 420 1753 ipsum
474 1679 794 1748 invadunt,
857 1698 991 1734 saxa
1037 1678 1292 1748 iaciunt,
1354 1679 1677 1752 fugientem
1722 1695 2082 1757 sequuntur:

225 1763 413 1838 spolia
439 1761 774 1822 Galliarum
810 1775 866 1821 et
889 1762 1324 1821 Viennensium
1358 1784 1569 1820 aurum
1605 1775 1661 1820 et
1693 1767 1882 1840 pretia
1917 1769 2087 1825 labo—

227 1868 364 1905 rum
396 1868 641 1906 suorum
678 1849 970 1908 occultare
1016 1849 1380 1905 clamitantes
1424 1849 1668 1924 direptis
1712 1852 1958 1909 sarcinis
1997 1862 2089 1910 ta-

225 1934 545 1991 bernacula
584 1937 749 1992 ducis
785 1936 1085 2011 ipsamque
1123 1931 1371 1990 humum
1408 1935 1547 2009 pilis
1576 1946 1631 1992 et
1665 1934 1883 1993 lanceis
1909 1936 2089 1995 rima-

228 2019 466 2078 bantur.
576 2041 715 2076 nam
755 2019 976 2076 Valens
1029 2019 1229 2076 servili
1281 2031 1440 2076 veste
1495 2022 1654 2094 apud
1710 2021 2090 2080 decurionem

233 2104 501 2181 equitum
545 2107 863 2178 tegebatur.
975 2103 1135 2161 Tum
1182 2100 1491 2179 Alphenus
1525 2104 1720 2162 Varus
1767 2110 2090 2182 praefectus

234 2200 556 2251 castrorum
605 2191 962 2263 deflagrante
1018 2190 1302 2266 paulatim
1351 2189 1638 2247 seditione
1687 2192 1854 2250 addit
1895 2194 2090 2251 eonsi-

295 2436 408 2481 CAP.
442 2437 514 2480 28.
587 2438 919 2482 Treverorum.
989 2437 1128 2489 Libri,

236 2505 286 2541 ut
318 2510 469 2555 supra.
529 2493 607 2540 Sic
640 2498 770 2543 etiam
805 2497 851 2541 in
883 2495 1125 2550 Tungros-

238 2570 339 2610 que.

296 2640 408 2668 cura
428 2625 592 2673 socios.
650 2624 733 2669 Ed.
755 2625 873 2683 Spir.
903 2627 1028 2666 circa
1051 2639 1127 2666 so-

1257 2438 1636 2480 sustentaculum.
1698 2436 1823 2480 Nove
1853 2437 2024 2482 dictum
2049 2447 2092 2483 et

1201 2493 1505 2551 vituperatum
1533 2493 1674 2537 Hillo:
1705 2493 2093 2548 defenditABuhle,

1203 2567 1306 2594 nam
1339 2551 1404 2594 sic
1430 2555 1772 2605 receptaculum
1794 2568 1816 2594 a
1838 2561 2089 2608 receptore.

1204 2608 1307 2651 MS.
1342 2608 1497 2652 Guelf.
1537 2611 1904 2661 substans-ulum.
1997 2610 2089 2654 Re-

1203 2681 1307 2708 cens
1326 2682 1484 2708 manus
1507 2665 1623 2709 inter
1643 2674 1688 2708 st
1707 2675 1750 2710 et
1771 2682 1804 2708 a
1823 2666 2012 2712 inseruit
2033 2677 2092 2711 el.

239 2684 347 2727 cios.
431 2682 597 2725 Eadem
628 2684 771 2725 hasta
801 2698 884 2741 pro
915 2689 1048 2733 astu,·
1087 2689 1128 2724 et

240 2756 343 2783 mox
366 2743 609 2794 vulgatam
629 2740 725 2783 sine
748 2756 850 2796 que.

297 2811 607 2909 daspergendi.
655 2804 924 2855 MS.G1ie1f.
948 2812 1132 2866 dispar·

240 2882 331 2921 gen
368 2885 396 2912 ι.

300 2953 529 2981 maerere.
606 2937 721 2981 Edd.
762 2940 866 2983 Put.
899 2938 967 2981 M.
1001 2946 1044 2981 et
1074 2939 1131 2980 V.

244 3009 451 3044 merere,
488 2995 550 3037 uti
574 2996 667 3051 fere
693 2997 869 3048 solent3
923 3011 1134 3038 moerere

245 3052 345 3096 edd.
375 3051 492 3109 Spir.
527 3053 626 3096 Ale.
662 3053 866 3098 Rhenan.
902 3070 1006 3098 eum
1031 3053 1133 3096 MS.
1159 3082 1161 3084 ·

246 3108 401 3153 Guelf.

301 3180 373 3222 sin
399 3179 619 3221 victoriae
645 3185 839 3226 sanitas.
903 3180 977 3226 Sic
999 3180 1133 3230 MSS.

245 3237 372 3282 Flor.
394 3237 700 3289 (test.Ernest.
725 3248 767 3281 et
780 3240 927 3291 Brot„
950 3254 1043 3281 non
1069 3240 1135 3281 in·

247 3294 382 3338 venio
425 3309 511 3350 qua
544 3296 825 3352 auctoritate)
870 3296 980 3340 ssud.
1025 3295 1134 3352 Reg.

246 3352 388 3397 Corb.
416 3351 518 3394 edd.
540 3352 658 3408 Spir.
684 3352 822 3397 lilien.
850 3371 944 3412 sqq.
966 3382 1023 3389 -
1066 3355 1137 3395 sin

248 3410 469 3453 victoria:
498 3412 681 3450 sanitas
706 3411 837 3454 MSS.
862 3411 982 3454 Harl.
1008 3410 1137 3453 Bodl.

250 3469 332 3510 les.
357 3464 510 3508 Guelf.
547 3466 649 3508 edd.
675 3465 776 3509 Put.
799 3469 866 3510 M.
895 3478 935 3510 et
955 3467 1011 3511 V.
1035 3468 1135 3510 Ber.

253 3527 373 3578 (oum
398 3522 468 3566 sil.
497 3521 633 3578 Vici.)
670 3523 760 3565 Alc.
842 3526 929 3566 Sed
963 3526 1026 3567 vix
1055 3524 1136 3566 (lu-

248 3579 408 3626 bitabis
433 3595 583 3622 verum
611 3579 831 3625 delectum
850 3581 1079 3626 Rhenano.

1257 2750 1350 2778 non
1372 2738 1745 2790 abrumpendos,
1792 2736 1874 2782 Ed.
1889 2738 2094 2798 spir-'716

1203 2796 1268 2836 ad
1290 2797 1592 2851 rumpendo&

1264 2863 1374 2908 CAP.
1395 2863 1467 2906 29.
1522 2872 1796 2920 sequuntur.

1206 2921 1274 2964 Μ.
1304 2929 1347 2963 et
1371 2919 1412 2959 V
1414 2951 1426 2964 .
1450 2919 1554 2966 Alc.
1581 2931 1818 2967 secuntur.

1262 2993 1470 3043 direptis.
1560 2992 1673 3036 Edd.
1715 2992 1819 3037 Put.
1855 2988 1922 3038 Μ.
1959 3001 2002 3038 et
2033 2993 2093 3040 V.

1205 3049 1310 3093 Ber.
1344 3049 1444 3092 Alc.
1483 3051 1714 3104 clm-eptas.
1805 3051 2038 3099 Victorius
2070 3068 2095 3096 e

1206 3107 1310 3150 MS.
1335 3106 1459 3150 Flor.
1483 3108 1670 3150 alterum
1699 3122 1727 3150 r
1750 3107 1938 3160 delevit,
2004 3109 2094 3153 uod

1207 3166 1338 3207 etiam
1365 3165 1488 3207 abest
1509 3180 1534 3207 a
1554 3164 1655 3208 MS.
1681 3163 1834 3210 Guelf.
1857 3166 1956 3210 edd.
2009 3167 2091 3224 pir.

1206 3220 1351 3265 Rhen.
1374 3237 1472 3278 sqq.

1266 3294 1510 3345 Alphenus
1535 3293 1705 3337 Varus.
1764 3294 1839 3338 Sic
1862 3292 1959 3339 edd.
1980 3293 2095 3341 Rhe·
2131 3291 2135 3294 ⁴

1208 3365 1312 3392 nan.
1337 3365 1434 3407 sqq.
1494 3351 1551 3394 cf.
1575 3350 1681 3394 infr.
1706 3367 1748 3395 c.
1764 3350 1834 3395 43.
1869 3352 1911 3400 3,
1933 3351 2003 3398 36.
2026 3354 2095 3397 55.

1211 3414 1297 3454 etc,
1345 3430 1396 3438 -
1481 3411 1734 3460 Alphem‘us
1785 3409 1941 3453 Varus
1994 3411 2095 3454 MS.

1211 3462 1366 3506 Guelf.
1397 3465 1497 3508 edd.
1521 3465 1637 3524 Spir.
1662 3465 1766 3509 Put.
1789 3465 1889 3510 Ber.
1911 3467 2015 3512 Alc.
2041 3491 2100 3500 --

1212 3521 1434 3619 ssfffm'ys
1473 3523 1632 3565 Varus
1658 3523 1778 3568 MS.
1823 3523 1949 3568 Flora
1991 3533 2101 3571 teste

1258 3595 1297 3622 lc
1321 3592 1437 3621 orto·
2038 3605 2039 3609 ¹

1853 2864 1969 2921 Edd.
1992 2866 2093 2912 Put.
