2138 4030
1748 290 1806 369 ἑ.
1821 270 1970 372 gagg.

198 294 373 353 280-
757 273 1524 352 HtsTofflARuM*

207 426 455 482 laturos:
489 444 496 462 ⁸
522 423 623 478 sed
659 441 799 497 opes
831 420 1318 497 Cremonensium
1356 421 1423 476 in
1458 420 1593 492 sinu
1630 419 2065 496 praefectorum·

208 509 650 584 legatorumque
678 507 822 567 fore.
912 517 1271 580 expugnatae
1305 505 1472 563 urhis
1494 508 1775 581 praedam
1795 511 1870 566 ad
1893 509 2055 567 mili-

169 608 171 610 ·
210 605 359 663 tem,
399 593 631 650 deditae
656 593 730 650 ad
756 593 930 649 duces
959 591 1274 665 pertinere.
1313 619 1315 624 ·
1360 590 1739 666 Spernuntur
1755 595 2070 655 *centurio-1·

210 699 315 737 nes
339 678 710 754 tribunique,
752 697 818 733 ac
840 696 916 732 ne
944 696 1055 732 vox
1078 676 1424 751 cuiusquam
1449 676 1754 748 audiatur,
1787 675 2060 756 quatiunt

212 784 373 822 arma
397 763 634 839 rupturi
659 762 1004 837 imperium,
1045 761 1111 815 ni
1136 762 1445 817 ducantur.
1874 767 1879 770 '

380 860 514 919 XX.
570 857 732 916 Tum
774 854 1076 917 Antonius
1122 859 1384 914 inserens
1434 877 1493 914 se
1545 858 1893 934 manipuliS,
1957 861 2064 918 ubi

216 959 452 1023 aspectu
474 957 531 1003 et
555 945 898 1001 auctoritate
923 944 1222 1001 silentium
1247 944 1486 1012 fecerat,
1531 962 1656 1000 non
1678 963 1737 1000 se
1762 945 1936 1002 decus
1950 943 2063 1002 he-

216 1037 329 1111 que
353 1032 606 1108 pretium
629 1030 850 1103 eripere
872 1041 992 1086 tam
1014 1030 1164 1086 bene
1187 1028 1412 1085 meritis
1434 1028 1804 1086 adfirmabat:
1843 1032 1942 1087 sed
1971 1032 2065 1088 di-

216 1119 341 1175 visa
367 1117 523 1173 inter
550 1115 867 1172 exercitum
899 1116 1191 1191 ducesque
1223 1111 1454 1170 munia:
1511 1110 1799 1170 militibus
1836 1116 2068 1191 cupidi-

216 1223 354 1261 nem
402 1200 712 1277 pugnandi
757 1200 1101 1269 convenire,
1157 1200 1332 1256 duces
1370 1197 1774 1274 providend0‚
1831 1201 2067 1257 consul-

174 1338 181 1343 ,
217 1287 429 1354 tando,
495 1285 867 1343 cunctatione
913 1285 1141 1360 saepius
1191 1304 1368 1360 quam
1411 1283 1733 1340 temeritate
1775 1286 2069 1359 prodesse.

220 1373 301 1432 Ut
324 1368 434 1447 pro
461 1369 623 1426 virili
657 1371 927 1446 portione
962 1371 1138 1425 armis
1176 1390 1242 1425 ac
1283 1388 1465 1424 manu
1495 1368 1804 1424 victoriam
1839 1369 2073 1441 iuverit,

222 1457 451 1515 ratione
484 1466 540 1512 et
575 1457 850 1524 consilio,
894 1456 1149 1532 propriis
1182 1454 1348 1510 ducis
1383 1453 1637 1522 artibus,
1679 1445 2071 1529 profuturum.

220 1562 414 1618 neque
456 1540 615 1596 enim
654 1541 926 1613 ambigua
973 1560 1092 1596 esse
1134 1559 1283 1615 quae
1331 1549 1668 1594 occurrant:
1736 1549 1968 1612 noctem
2017 1552 2072 1598 et

220 1631 455 1702 ignotae
479 1626 656 1682 situm
680 1627 880 1696 urbiS‚
936 1626 1094 1683 intus
1133 1621 1329 1680 hostes
1364 1634 1420 1680 et
1457 1634 1664 1679 cuncta
1698 1623 1929 1681 insidiis
1968 1647 2077 1700 op-

222 1725 501 1789 portuna.
587 1732 743 1779 non,
797 1712 845 1766 si
885 1721 1122 1786 pateant
1152 1720 1382 1784 portae,
1435 1708 1551 1762 nisi
1587 1709 1917 1783 explorato,
1960 1712 2077 1766 nisi

228 1799 324 1857 die
345 1797 710 1856 intrandum.
751 1792 851 1852 An
876 1795 1377 1871 oppugnationem
1400 1788 1780 1850 inchoaturos
1801 1796 2076 1871 adempto

227 1883 395 1941 omni
441 1894 781 1958 prospectu,
852 1882 982 1958 quis
1033 1899 1252 1956 aequus
1303 1878 1497 1947 locus,
1566 1875 1784 1953 quanta
1829 1880 2077 1938 altitudo

227 1967 574 2031 moenium?
621 1968 1004 2023 tormentisne
1034 1977 1089 2023 et
1118 1964 1249 2022 telis
1279 1984 1354 2020 an
1381 1962 1659 2038 operibus
1686 1974 1742 2020 et
1764 1964 1952 2023 vineis
1977 1967 2083 2023 ad-

1194 2133 1465 2169 occurrant:
1511 2133 1692 2168 noctem
1723 2132 1769 2169 et
1797 2126 1980 2180 ignotam
2002 2135 2088 2172 etc·

1194 2185 1278 2226 Ed.
1313 2181 1434 2239 Spir.
1476 2198 1568 2224 uon
1609 2182 1742 2224 habet
1783 2187 1924 2226 enim.
1994 2184 2086 2228 Pro

1196 2247 1385 2283 noctem
1401 2263 1458 2272 —
1481 2238 1601 2295 quod
1623 2239 1775 2283 ferunt
1788 2239 1922 2284 MSS.
1935 2240 2085 2285 Guelf.

1198 2297 1322 2340 Harl.
1348 2296 1480 2343 Bodl.
1510 2296 1591 2337 [es.
1614 2295 1729 2340 Bud.
1751 2297 1848 2342 edd.
1870 2297 1975 2341 Put.
1997 2299 2089 2343 Be-

286 2137 588 2186 expugnatae
623 2161 635 2172 .
656 2161 666 2172 .
690 2161 702 2174 .
732 2130 991 2184 pertinere.
1050 2128 1123 2173 Si·

196 2216 199 2219 <
230 2189 352 2234 milis
386 2189 514 2233 locus
549 2195 683 2229 exstat
712 2188 804 2231 Liv.
833 2188 901 2236 37,
927 2187 997 2230 32.
1059 2186 1124 2228 Ne

231 2255 384 2290 tamen
439 2260 544 2288 cum
585 2243 789 2288 Ernestio
839 2244 968 2303 putes
1018 2243 1127 2286 haee

231 2303 337 2347 inde
365 2309 558 2359 sumpta.
619 2301 724 2345 Nori
752 2302 871 2345 enim
902 2301 961 2348 ita
994 2316 1127 2359 egens

232 2360 415 2422 Tacitus
439 2367 504 2402 est
531 2359 705 2409 verbis,
747 2368 796 2404 ut
819 2377 843 2404 a
864 2357 993 2405 Livio
1027 2374 1127 2403 mu-

234 2425 344 2461 met.

294 2475 527 2531 quatiunt.
587 2473 689 2516 MS.
705 2470 827 2520 Flor.
851 2470 1128 2528 (tesnviet.)

234 2540 278 2577 et
299 2533 371 2576 ed.
396 2531 515 2590 Spir.
540 2533 824 2587 quatiuntur.

297 2589 410 2634 CAP.
429 2591 502 2636 20.
533 2590 803 2643 rnanfpulis.
863 2584 1130 2630 MS.Gue1f.

237 2648 476 2701 maniplis.

292 2706 498 2760 pretium
529 2705 718 2758 eripere.
779 2703 863 2748 Ed.
886 2703 1003 2762 Spir.
1038 2704 1132 2745 en·-

234 2776 347 2816 pere
366 2764 595 2816 precium.

300 2819 566 2874 cupidinem
593 2820 849 2874 pugnandi.
921 2818 997 2861 Sic
1032 2817 1132 2861 MS.

242 2876 365 2921 Flor.
402 2876 518 2931 (test.
539 2876 677 2932 vict.)
711 2877 812 2921 edd.
839 2876 956 2934 Spir.
992 2875 1133 2922 Rhen.

243 2933 447 2989 (fortasse
504 2950 528 2977 e
579 2933 712 2994 Bud.)
765 2934 868 2976 Ald.
920 2948 1022 3032 sm&
1078 2959 1136 2968 —-

240 2992 494 3050 pugnandi
536 2994 795 3047 cupidinem
837 2990 968 3036 MS.¹
1027 2988 1136 3032 uelf.

243 3047 345 3092 edd.
368 3047 468 3091 Put.
489 3048 554 3092 M.
579 3057 621 3092 et
644 3050 699 3091 V.
724 3048 930 3092 Beroald.
953 3047 1051 3091 Alc.
1081 3074 1139 3082 --

242 3103 354 3148 Mox
383 3104 652 3148 vocabulum
684 3108 862 3149 artibus·
896 3121 989 3156 non
1025 3103 1138 3162 legi-

232 3164 321 3207 vtur
344 3161 390 3204 in
416 3162 486 3205 ed.
511 3163 630 3221 Spir.
688 3163 855 3208 Eadem
882 3164 1014 3221 paulo
1036 3171 1137 3204 ante

235 3220 478 3272 ¹fiuidendo
534 3220 578 3265 h.
618 3235 654 3262 e.
696 3222 1029 3276 praevidendo·
1080 3246 1137 3255 -—-

250 3275 480 3321 Victorius
511 3278 647 3321 verba
670 3279 877 3337 propriis
903 3277 1032 3328 ducis
1061 3289 1139 3317 ar-

249 3336 368 3379 tibus
399 3333 648 3393 parenthesi
682 3335 991 3382 circumdedit.
1048 3331 1137 3375 Ro-

250 3391 368 3434 thius
412 3391 472 3448 (p.
505 3390 566 3447 9.)
610 3406 701 3434 non
738 3392 886 3435 omisit
922 3391 1138 3434 adnotare

251 3462 530 3508 synonyma:
569 3448 722 3497 armis
760 3466 815 3490 ac
857 3465 1027 3501 mann
1066 3463 1140 3490 ra-

252 3508 379 3562 tione
410 3514 455 3552 et
489 3505 703 3549 consiliis.
766 3506 822 3549 cf.
858 3522 897 3550 c.
922 3507 991 3548 60.
1028 3519 1142 3548 con-

251 3564 366 3609 ειἹίίε
388 3572 433 3606 et
455 3565 650 3605 ratione.

307 3635 452 3679 neque
484 3621 605 3663 em'm
641 3619 863 3673 ambigua
895 3632 992 3660 esset
1027 3634 1142 3673 qua:

1196 2353 1340 2398 roald.
1369 2363 1492 2409 (cum
1516 2352 1660 2396 silent.
1675 2352 1817 2410 Vici.)
1838 2353 2091 2402 Alc-Rhen-

1200 2427 1370 2527 ῗὲξὶςιῖς
1384 2409 2092 2526 ff{.¹³¹8321¹‚²²”gdffisssffssssfflzssiik

1201 2534 1350 2572 nocte.
1382 2523 1810 2583 Explicatliyckius:
1835 2531 2091 2576 „neminem

1203 2586 1367 2636 latere,
1408 2598 1544 2642 quam
1580 2581 1831 2639 periculosa
1863 2596 2089 2632 nocturno

1202 2655 1403 2699 tempore
1444 2638 1710 2702 expugnatio
1753 2643 1875 2690 urbis
1911 2653 2096 2706 propter

1204 2700 1324 2749 etc.”
1383 2697 1470 2750 Sed
1498 2701 1698 2754 vulgatae
1723 2697 1968 2757 scripturae
2002 2705 2092 2748 mi-

1204 2757 1324 2802 nime
1347 2754 1561 2813 poenitet.
1603 2752 1908 2809 Ed.Gron‚ov,
1925 2760 2092 2820 (1672.)

1203 2830 1297 2861 non
1320 2813 1450 2856 habet
1477 2811 1638 2856 verba:
1679 2819 1724 2854 ec
1753 2815 1936 2869 ignotae
1969 2822 2097 2869 ωήιέ
2126 2810 2134 2829 ’

1203 2874 1369 2921 situm,
1398 2871 1522 2914 intus
1543 2871 1710 2913 hostes.
1964 2879 1967 2882 ’

1263 2929 1356 2971 nisi
1395 2929 1667 2979 explorato,
1718 2927 1819 2971 nisi
1850 2928 1942 2976 di‘e.
2020 2933 2099 2978 Sic

1207 2983 1343 3030 MSS.
1365 2991 1409 3026 et
1430 2983 1528 3027 edd.
1551 2993 1724 3040 praeter
1743 2985 1846 3034 cod.
1862 2990 1993 3045 Agr„
2015 2991 2099 3051 qui

1210 3042 1322 3087 sert:
1365 3056 1461 3085 non
1492 3041 1567 3083 die
1600 3042 1700 3085 nisi
1723 3046 1992 3098 explorato,
2031 3049 2098 3093 uti

1210 3099 1409 3158 Ryckius
1436 3097 1588 3147 edidit.
1646 3098 1728 3142 Ed.
1751 3099 1869 3158 spir.
1894 3104 1989 3153 nisi
2009 3122 2099 3152 ex-

1205 3160 1396 3214 plorato
1414 3172 1508 3198 non
1529 3156 1620 3198 die.
1670 3155 1951 3212 Discrimen,
1980 3162 2099 3221 quod

1208 3215 1325 3258 inter
1346 3213 1571 3271 vulgatam
1596 3213 1810 3273 etRyekii
1832 3214 2103 3279 scripturam

1210 3271 1468 3322 intercedit,
1492 3271 1727 3314 >neminem
1749 3271 1876 3331 fugit.

1266 3344 1331 3370 an
1363 3330 1750 3383 oppugnationem
1786 3333 2102 3383 inchoaturos.

1212 3386 1313 3429 MS.
1337 3385 1484 3428 Guelf.
1510 3400 1573 3426 an
1595 3387 1995 3444 expugnationem
2028 3393 2103 3435 in-

1213 3446 1482 3491 collaturos.

1271 3502 1595 3543 tormentisne.
1646 3499 1728 3549 Ed.
1747 3499 1865 3558 spir.
1886 3508 2110 3549 tormenti

1214 3573 1285 3600 ne.
1314 3581 1369 3590 —
1414 3556 1520 3599 Mox
1539 3565 1639 3614 post
1663 3558 1804 3601 vineis
1829 3559 1963 3611 MSS,
1982 3561 2102 3608 Flor.

1215 3617 1332 3671 (test.
1370 3613 1514 3670 Pich.)
1557 3613 1664 3671 Reg.
1704 3614 1839 3661 Corb.
1881 3614 1993 3662 Bud.
2035 3621 2138 3663 eda
