2138 4030
205 284 286 346 66
781 279 1494 354 HISTORIARUM

210 427 276 473 ut
311 409 630 490 pulchrum
668 424 724 470 et
760 412 1143 469 memorabile
1179 411 1408 469 facinus
1441 413 1754 475 iactabant.
1835 413 2065 473 Plures

212 495 390 576 quam
411 510 644 555 centum
661 510 718 555 et
735 498 990 570 vinginti
1015 497 1250 571 libellos
1272 498 1603 572 praemium
1631 501 2064 574 exposcentium

215 586 292 642 ob
330 585 589 660 aliquam
631 583 956 639 notabilem
993 582 1095 636 illa
1142 581 1238 638 die
1277 603 1517 657 operam
1550 582 1829 643 Vitellius
1864 596 2067 660 postea

214 669 462 739 invenit,
493 675 811 743 omnesque
838 666 1113 741 conquiri
1137 677 1193 723 et
1217 666 1467 724 interfici
1498 667 1667 725 iussit
1688 688 1812 725 non
1838 664 2065 726 honore

215 753 472 824 Galbae,
514 754 614 809 sed
639 751 854 809 tradito
887 750 1256 825 principibus
1279 773 1472 822 more,
1514 753 1953 812 munimentum
1990 755 2066 811 ad

213 858 486 915 praesens
501 885 516 908 ‚
561 839 623 892 in
649 839 950 911 posterum
962 835 1286 903 211lti0nem.

382 917 567 994 XLV'.
635 929 840 991 Alium
878 935 1143 1012 crederes
1181 946 1480 1003 senatum,
1536 935 1721 994 alium
1758 937 2066 1012 populum.

213 1043 382 1081 ruere
422 1019 618 1077 cuncti
653 1019 718 1074 in
747 1030 930 1076 castra
951 1065 968 1088 ‚
1029 1019 1253 1076 anteire
1286 1021 1616 1095 proxim08‚
1677 1032 1897 1078 certare
1933 1042 2068 1079 cum

213 1105 762 1186 praecurrentibt1S‚
826 1104 1130 1178 increpare
1171 1102 1461 1184 Galbam.
1519 1105 1762 1163 laudare
1806 1096 2068 1164 militum

214 1193 535 1260 iudicium,
580 1189 903 1245 exosculari
940 1185 1203 1246 Othonis
1243 1185 1514 1253 manum:
1567 1203 1905 1268 quantoque
1941 1210 2071 1247 ma-

215 1281 301 1354 gis
331 1277 478 1333 falsa
517 1286 720 1343 erant,
763 1294 911 1350 quae
948 1274 1193 1345 fiebant,
1244 1286 1409 1331 tanto
1438 1275 1611 1350 plura
1642 1275 1850 1336 facere.
1921 1274 2069 1347 *Nec

213 1362 634 1439 aspernabatur
672 1359 935 1432 singulos
970 1355 1165 1430 Otho,
1219 1359 1459 1417 avidum
1495 1372 1553 1417 et
1585 1360 1875 1440 minacem
1909 1359 2072 1416 mili-

210 1462 340 1507 tum
387 1446 655 1502 animum
691 1465 834 1500 voce
867 1444 1152 1521 vultuque
1190 1457 1540 1520 temperans,
1634 1444 1900 1503 Marium
1935 1443 2073 1503 Cel-

213 1554 346 1592 sum
374 1531 676 1588 consulem
712 1529 1079 1603 designatum
1118 1541 1173 1587 et
1196 1528 1426 1587 Galbae
1462 1550 1649 1607 usque
1685 1531 1751 1586 iu
1786 1542 2072 1588 extremas

210 1640 305 1676 res
341 1617 597 1674 amicum
634 1615 934 1691 fidumque
973 1616 1042 1670 ad
1085 1615 1443 1691 supplicium
1485 1616 1933 1691 expostulabant
1976 1614 2074 1670 in-

154 1725 158 1736 ¹
214 1703 472 1762 dustriae
498 1701 622 1757 eius
650 1699 1136 1776 innocentiaeque
1170 1702 1337 1777 quasi
1367 1702 1538 1757 malis
1577 1701 1802 1758 artibus
1837 1700 2072 1760 infensi.

213 1787 425 1847 Caedis
456 1797 512 1844 et
537 1785 892 1861 praedarum
918 1785 1157 1841 initium
1181 1797 1240 1842 et
1264 1787 1489 1862 optimo
1513 1786 1726 1862 cuique
1747 1785 2072 1866 perniciem

214 1873 418 1952 quaeri
440 1872 775 1948 apparebat.
860 1870 964 1927 sed
989 1865 1223 1930 Othoni
1248 1871 1520 1957 nondum
1545 1871 1858 1930 auctoritas
1883 1870 2074 1928 inerat.

1753 251 1978 366 21320231

219 2122 333 2164 inest
354 2119 464 2162 hoc:
495 2127 538 2162 et
553 2118 628 2176 qui
651 2117 744 2162 sive
769 2133 868 2159 vere
887 2114 978 2159 sive
996 2115 1107 2158 falso

216 2179 262 2221 h.
287 2194 325 2221 e.
346 2177 462 2220 inter
486 2192 585 2228 eos,
616 2174 691 2233 qui
723 2172 939 2217 occidisse
965 2174 1109 2217 caedi-

216 2253 304 2294 que
325 2234 579 2277 interfuisse
603 2235 839 2282 iactarem,
871 2230 981 2274 alios
1005 2247 1108 2274 vere

215 2292 327 2337 alios
353 2291 466 2334 falso
487 2290 685 2334 iactasse.

275 2370 326 2404 ut
374 2362 642 2417 pulchrum.

214 2422 459 2474 pulchrum
466 2449 477 2460 .

270 2489 554 2541 praemium.
651 2485 737 2532 Sic*
781 2489 914 2533 codd.
962 2487 1109 2531 MSS.

217 2545 342 2589 Flor.
367 2548 481 2601 (test.
508 2545 627 2589 Vict.
656 2562 762 2589 cum
785 2546 874 2590 Iac.
891 2545 1111 2598 Gronov.)

218 2603 366 2659 Guelf.
388 2603 506 2646 Bud.
525 2604 637 2661 Agr.
663 2604 913 2662 ceterique,
945 2612 986 2646 et
1009 2603 1109 2645 edd.

218 2663 336 2719 Spir.
382 2663 471 2705 lac.
499 2660 722 2714 »Gronov
757 2690 815 2697 -
886 2661 1111 2716 praemia

218 2719 319 2762 edd.
343 2718 447 2761 Put.
478 2735 576 2776 sqq.
611 2719 666 2761 ad
686 2717 779 2762 «Iac.
806 2717 1109 2765 Gronovium,

219 2784 262 2818 et
298 2792 411 2833 quae
442 2786 543 2831 post
568 2774 852 2818 Gronovium
886 2776 1109 2834 prodiere.

219 2833 309 2876 Sed
356 2832 559 2889 quamvis
606 2833 758 2890 plures
809 2840 1110 2892 exposcerent,

218 2898 339 2933 recte
370 2898 525 2932 tamen
552 2890 823 2944 praemium
852 2891 1039 2949 ponitur
1064 2897 1113 2932 ut

219 2947 268 2991 in
292 2962 472 3004 genere.

733 2359 818 2403 Ed.
864 2359 983 2418 Spir.
1034 2361 1116 2416 qui

277 3030 622 3071 munimentum
661 3034 728 3072 ad
763 3045 1009 3085 praesens,
1063 3033 1111 3073 ιή
1146 3050 1149 3053 v

818 3089 848 3132 Ι.
886 3090 959 3132 Fr.
994 3088 1110 3132 Gro-

222 3143 384 3188 novius
409 3143 524 3185 bene
556 3144 868 3189 animadvertit
890 3146 998 3190 haee
1018 3163 1111 3188 ver-

222 3202 278 3244 ba
300 3217 393 3244 esse
418 3196 689 3256 ἑπεξήγησιν
717 3202 804 3246 loci
835 3203 1111 3259 praeceden-

221 3260 293 3302 tis·
353 3257 413 3300 cf.
452 3267 548 3300 not.
585 3259 635 3300 ad
666 3261 750 3301 An.
777 3262 814 3311 1,
836 3261 907 3303 27.
929 3261 1011 3303 sub
1038 3277 1111 3304 vv.

222 3330 415 3358 causam
447 3316 705 3357 discordiae
736 3324 823 3360 etc.
896 3317 1029 3361 Roth.
1063 3318 1110 3360 in

225 3372 411 3427 Quaest.
436 3371 641 3415 Gramni.
678 3374 844 3427 (Neues
870 3376 1043 3417 Archiv
1066 3376 1109 3431 f

221 3432 389 3474 Plu‘lul.
423 3445 466 3471 u.
501 3428 622 3472 Pc'id.
670 3429 792 3472 1830.
840 3447 910 3474 nr.
933 3432 972 3475 3.
1001 3449 1044 3476 u.
1070 3434 1111 3476 4.

222 3505 264 3545 p.
293 3487 384 3539 PG.)
455 3485 515 3529 At
541 3486 584 3528 in
613 3487 827 3529 sententia
853 3505 899 3529 ex
923 3489 1109 3532 ›tieanda

224 3544 488 3587 Gronovius
542 3543 676 3586 falsus
719 3553 798 3586 est.
891 3506 986 3589 line
1027 3547 1109 3590 sibi

591 3600 823 3645 Vitellium
861 3601 959 3645 illos
996 3619 1110 3647 eon-

216 3094 459 3142 posterum
492 3089 733 3130 ultionem.

226 3601 313 3645 suit
349 3609 533 3646 auctor:

1182 2118 1299 2173 quiri
1334 2124 1376 2160 et
1406 2116 1600 2161 interfici
1639 2116 1842 2169 iussisse,
1890 2131 1984 2160 non
2022 2123 2073 2165 ut

1180 2176 1349 2220 Galbae
1373 2190 1526 2218 manes
1550 2175 1625 2218 tali
1647 2174 1843 2218 vindicta
1864 2174 2074 2232 placaret.

1180 2234 1257 2276 sed
1285 2233 1447 2276 tradito
1471 2231 1750 2291 principibus
1776 2247 1903 2275 more
1926 2231 2072 2275 inter-

1181 2291 1374 2334 fectores
1397 2290 1656 2349 principum
1682 2287 1994 2340 interimendi,
2020 2289 2070 2331 in

1214 2364 1272 2390 uo
1296 2346 1348 2390 ad
1375 2364 1584 2406 praesens
1607 2346 1787 2404 quidem
1813 2355 1857 2390 et
1887 2345 1994 2390 dum
2026 2345 2073 2388 id

1180 2365 1369 2454 iactant,
1418 2405 1528 2449 nihil
1565 2422 1583 2448 s
1619 2411 1764 2448 ectent
1795 2403 1880 2448 nisi
1917 2403 2070 2447 muni-

1180 2472 1383 2506 mentum
1409 2479 1513 2506 suae
1536 2480 1581 2507 sa
1604 2465 1713 2514 utis,
1747 2477 1887 2521 quum
1912 2460 2068 2520 prodi-

1181 2530 1301 2564 tores
1325 2521 1430 2579 ipsis
1450 2522 1638 2576 debeant
1661 2536 1754 2563 esse
1774 2519 1991 2578 suspecti;
2023 2519 2071 2562 in

1180 2585 1416 2636 posterum
1443 2577 1590 2621 autem
1625 2586 1670 2621 et
1702 2585 1802 2636 post
1839 2593 1942 2620 uam
1967 2576 2074 2620 faci·

1182 2652 1268 2678 nus
1306 2636 1597 2679 commissum
1632 2635 1712 2686 sit,
1741 2634 1788 2677 id
1806 2593 1900 2678 ‘ilici
1931 2633 2072 2678 ultio-

1158 2737 1162 2740 ,
1182 2708 1285 2736 nem
1299 2726 1310 2744 ,
1338 2700 1387 2735 ut
1414 2709 1467 2736 eo
1488 2691 1674 2735 nomine
1694 2700 1943 2736 excusetur.
2004 2716 2010 2726 ι

1240 2775 1355 2820 cip,
1384 2777 1455 2819 45.
1517 2778 1798 2822 exosculari.
1859 2776 1937 2822 Sic
1967 2775 2071 2821 MS.

1182 2833 1324 2878 Corb.
1344 2835 1445 2878 edd.
1469 2834 1588 2892 Spir.
1613 2833 1825 2878 Beroald.
1851 2836 1975 2890 (cum
2001 2833 2072 2878 sil.

1184 2891 1318 2947 vict.)
1343 2891 1485 2935 Rhen.
1508 2906 1608 2949 sqq.
1668 2891 1725 2937 cf.
1748 2892 1838 2936 An.
1865 2894 1903 2942 l,
1923 2891 1995 2936 84.
2029 2898 2074 2934 et

1182 2947 1290 2991 infr.
1323 2949 1365 3000 2,
1395 2950 1467 2992 49.
1503 2974 1556 2984 -—
1618 2957 1664 2991 et
1696 2952 1907 2993 osculari
1935 2948 2071 2993 MSS.

1181 3004 1306 3050 Harl.
1343 3006 1475 3050 Bodl.
1511 3006 1587 3052 les.
1619 3005 1772 3063 Guelf.
1808 3006 1924 3051 Buid.
1968 3005 2072 3050 edd.

1182 3062 1281 3106 Put.
1304 3064 1372 3106 M.
1399 3072 1442 3106 et
1468 3064 1522 3108 V.
1551 3065 1652 3108 Ate.

1227 3148 1430 3200 fiebant.
1479 3147 1908 3205 Ed.Spir.flebant.
1966 3149 2074 3193 Mox

1185 3204 1287 3248 MS.
1325 3203 1477 3249 Guelf.
1509 3208 1661 3259 pluris
1691 3210 1971 3264 proplura,
2029 3214 2075 3250 et

1183 3264 1517 3314 aspernabatur
1570 3279 1654 3320 pro
1706 3266 2070 3315 aspernabatur.

1182 3319 1266 3361 lid.
1305 3321 1421 3378 Spir.
1457 3322 1697 3375 signatum
1732 3337 1818 3378 pro
1853 3324 2070 3375 designa·

1185 3383 1299 3419 tum.
1380 3377 1558 3421 Deinde
1590 3378 1742 3421 eadem
1775 3378 1948 3436 pergit:
1993 3379 2070 3421 ἰη-

1182 3435 1398 3476 duslriae
1439 3436 1536 3478 eius
1579 3443 1718 3491 aeque
1752 3436 2072 3479 innocentiae.-

1184 3507 1301 3545 qune
1333 3496 1471 3547 quasi
1501 3502 1584 3535 etc.
1655 3491 1742 3535 Pro
1774 3494 1943 3550 quaeri
1967 3492 2070 3537 MS.

1182 3549 1335 3591 (Luelf.
1377 3550 1479 3593 edd.
1526 3549 1628 3592 Put.
1673 3549 1738 3595 M.
1779 3559 1821 3596 et
1865 3549 2070 3607 V.·dant

1182 3607 1333 3659 queri,
1370 3605 1541 3664 vulgari
1570 3606 1697 3654 vitio.
