2138 4030
155 238 206 277 Α.
238 257 242 263 ,
290 235 374 279 822.

152 285 267 330 a„
313 282 375 318 ω,
559 202 563 211 ’
625 235 895 300 'L'1B.1.·
966 224 1159 297 οΑῬ.
1205 236 1360 302 7.·8,
1847 245 1922 302 17

66 374 202 451 Ipsa·
218 375 381 431 'aetas
406 368 635 429 Gal-bae
660 366 876 424 inrisui
902 386 970 424 ac
988 365 1225 423 fastidio
1249 379 1373 425 erat
1414 370 1669 429 adsuetis
1708 373 1919 431 iuven—

64 472 157 517 tae
177 457 434 517 Neronis
457 467 514 513 et
538 456 920 530 imperatores
948 452 1140 508 forma
1173 472 1239 509 ac
1274 453 1487 510 decore
1517 459 1816 532 eorporis,
1851 471 1918 520 ut

61 555 147 602 est
170 561 301 613 mos
323 541 517 615 vulgi,
559 536 1058 616 comparantibus·
1763 539 1765 542 ⁸

228 670 394 736 VIII.
461 670 543 735 Et
590 668 689 735 hic
740 671 980 749 quidem
1025 667 1256 731 Romae
1305 681 1588 746 tanquam
1638 672 1702 729 in
1756 688 1916 737 tanta

56 759 438 820 multitudine
460 754 698 816 habitus
723 756 1061 836 animorum
1081 754 1212 814 fuit.
1275 750 1329 810 E
1355 755 1676 830 provinciis
1702 756 1918 837 Hispa-
1967 782 1969 784 ·

56 848 189 904 niae
218 856 484 922 praeerat
509 842 757 902 Cluvius
778 840 1002 911 Rufu5‚
1048 839 1144 896 vir
1176 839 1467 897 facundus
1500 852 1556 898 et
1588 845 1747 918 pacis
1773 849 1916 905 arti-

56 933 195 1001 bus,
245 931 418 989 bellis
453 930 810 1006 inexpertus.
895 924 1129 984 Galliae
1164 944 1340 1000 super
1377 929 1726 987 memoriam
1759 930 1915 989 Vin-

50 1159 249 1219 cipiunt,
297 1172 439 1216 quum
480 1157 601 1216 prius
639 1170 737 1199 non
767 1151 948 1197 exstitis-

53 1227 179 1266 sent,
224 1216 267 1259 h.
301 1232 340 1258 e.
377 1231 490 1272 quae
523 1221 627 1256 sunt
660 1227 796 1255 nova.
867 1209 948 1254 Sic

54 1274 222 1317 Galbae
248 1271 395 1315 liberti
421 1269 595 1315 venalia
628 1277 788 1313 cuneta
817 1266 942 1310 adfe-

50 1331 234 1381 rebant,
274 1344 415 1390 quum
443 1344 490 1371 ex
514 1326 722 1385 Hispania
747 1325 942 1377 Romam

49 1387 258 1432 venirent
299 1386 448 1451 ibique
487 1385 534 1427 in
571 1385 722 1427 locum
751 1381 943 1425 Neroni-

49 1459 242 1489 anorum
265 1442 500 1486 hommum
524 1442 833 1484 succederent.
875 1438 944 1481 Si·

49 1501 142 1543 mili
172 1500 303 1559 plane
336 1500 477 1543 modo
512 1499 558 1542 id
592 1498 783 1542 verbum
816 1497 943 1556 poni-

48 1567 123 1602 tur
151 1559 242 1602 An.
274 1555 341 1609 13,
370 1556 414 1599 4.
454 1559 587 1598 nulla
621 1557 752 1604 odia,
787 1557 945 1596 nullas

48 1617 265 1667 iniurias,
319 1630 404 1659 nec
447 1615 707 1668 cupidinem
752 1611 944 1654 ultionis

47 1673 238 1728 adferre
271 1673 350 1728 (sc.
382 1687 552 1715 novum
584 1671 834 1730 principem
859 1669 943 1711 Ne.-

46 1732 241 1785 rouem).
314 1729 466 1786 Quare
498 1745 589 1772 non
626 1727 783 1776 video,
831 1742 941 1784 quo·

45 1787 184 1830 modo
212 1786 492 1844 adferebant
515 1784 770 1830 Acidalium
795 1785 941 1827 offen-

45 1845 151 1888 dere
175 1845 394 1902 potuerit,
436 1850 483 1884 ut
509 1842 754 1893 ,delendum
790 1858 942 1886 cense-

44 1910 139 1952 ret,
165 1908 238 1945 aut
262 1917 344 1945 eur
363 1899 560 1943 Piehena
584 1899 800 1944 voluerit:
830 1899 941 1941 Iam

43 1958 381 2015 adferebantur
397 1958 581 2000 venalia
596 1963 773 2000 cuncta.
801 1955 942 2010 stae-

41 2023 253 2071 potentes
277 2015 438 2057 liberti
454 2021 538 2058 ete.
585 2012 939 2063 Freinshemiuse

42 2073 179 2117 Iram
219 2072 498 2128 adserebant
535 2071 726 2117 venalia
760 2078 940 2114 cuneta.

43 2128 251 2176 Heinsius
334 2127 561 2172 substituit
640 2128 938 2184 auferebant.

43 2185 240 2246 Ryokius
263 2202 286 2229 e
310 2186 413 2234 MS.
435 2186 545 2244 Agr.
577 2201 813 2244 perperam
841 2185 937 2229 edi-

42 2245 107 2293 dit
150 2243 420 2299 offerebant.
499 2243 571 2288 De
612 2259 662 2287 re
710 2242 770 2289 cf.
810 2243 936 2288 Suet.

44 2301 175 2346 Gatb.
204 2317 244 2345 e.
269 2301 335 2347 15.
926 2354 929 2358 y

97 2373 269 2417 inrisui
310 2388 366 2415 ac
396 2371 616 2429 fastidio.
686 2370 765 2415 Sic
795 2371 930 2430 MSS.

42 2431 168 2480 Flor.
196 2431 309 2485 (test.
324 2428 549 2487 Victoria)
570 2427 678 2486 Reg.
699 2429 801 2472 edd.
815 2428 933 2487 Spir.

39 2488 215 2532 Ernest.
291 2504 333 2545 q.
365 2515 424 2524 --
482 2494 527 2528 et
546 2487 710 2529 irrisui
722 2494 768 2528 et
779 2487 933 2543 fasti-

37 2547 112 2588 dio
128 2545 257 2590 MSS.
311 2545 390 2593 arl.
411 2543 542 2588 Bodt.
565 2543 807 2589 les.Gue1f.
833 2544 932 2590 edd.

37 2603 139 2648 Put.
164 2619 260 2670 sqq.
302 2617 442 2659 usque
479 2602 535 2646 ad
565 2601 841 2646 Ernestium.
874 2630 933 2640 --

39 2668 86 2703 et
126 2661 285 2704 irrisui
323 2676 380 2702 ac
408 2659 611 2715 fastidio
642 2659 776 2704 MSS.
813 2658 933 2709 Bud.

39 2714 176 2763 Corb.
206 2717 274 2765 ed.
305 2717 482 2760 Broter.
525 2717 620 2773 (qui
687 2718 838 2760 utabat
873 2717 931 2760 ita

38 2790 132 2818 esse
155 2775 201 2819 in
223 2772 322 2820 MS.
346 2773 471 2818 Flor.
496 2784 538 2818 et
556 2774 628 2818 ed.
669 2775 804 2833 'pir.).

94 2846 315 2889 adsuetis.
384 2844 462 2887 Sic
504 2844 607 2890 MS.
643 2845 678 2888 F
682 2846 770 2890 lor.
808 2848 928 2900 (test.

36 2902 190 2960 Viet.).
241 2905 442 2947 assuetis
465 2902 566 2946 edd.
591 2912 697 2949 vett.

91 2987 318 3029 iuventae.
389 2984 474 3030 Ed.
515 2985 637 3044 Spir.
677 2989 927 3036 iuventute,

36 3044 156 3101 quod
215 3054 365 3087 ortum
412 3053 477 3087 est
521 3060 544 3086 e
584 3044 804 3101 scriptura
853 3045 927 3085 iu-

34 3108 194 3151 vante,
230 3115 320 3158 qua
351 3099 598 3144 delectatur
630 3103 767 3144 codex
791 3100 930 3144 Guel-

34 3158 312 3215 ferbytanus.
753 3169 755 3172 ’

115 3255 250 3287 ,orma
291 3256 348 3283 ac
388 3244 569 3287 decore.
651 3242 682 3285 S
704 3258 808 3291 'non
842 3259 929 3288 ma.

35 3315 60 3341 e
82 3330 94 3342 .
120 3297 251 3341 Roth.
272 3314 320 3356 p.
341 3298 384 3343 8.
441 3298 550 3342 Mox
575 3299 643 3343 ed.
710 3308 769 3342 ut.
832 3332 842 3343 .
866 3301 927 3344 vi·

34 3357 143 3398 tiose
202 3356 596 3409 compemntibus‚·
664 3357 735 3400 ed.
804 3356 922 3416 Spir.

33 3413 235 3473 opdtibm
296 3413 359 3455 tta
385 3413 480 3456 fere
503 3420 544 3456 et
567 3411 670 3458 eod.
696 3414 852 3460 Guelf.

92 3495 206 3539 CAR.
230 3495 272 3539 8.
332 3503 564 3551 tanquam
595 3496 645 3541 1⁸12
677 3505 708 3542 t.
743 3515 809 3541 m.
867 3497 922 3542 Η.

36 3569 72 3595 e.
111 3561 284 3610 utpote,
323 3553 510 3611 quippe,
551 3549 627 3604 ὥς.-
696 3555 922 3600 Nimirum

120 3619 360 3670 TAciwus
401 3618 501 3677 III.

1019 1157 1255 1207 tanquam
1275 1151 1503 1209 restringit
1518 1149 1608 1194 loci
1623 1156 1915 1203 sententiamz

1017 1210 1236 1251 ins-aweit
1252 1210 1324 1250 bei
1333 1209 1467 1251 einer
1481 1223 1534 1252 so
1545 1208 1739 1267 grosse-n
1750 1214 1801 1253 V
1795 1214 1914 1259 olks·

1016 1281 1171 1308 masse
1214 1267 1288 1308 die
1333 1267 1605 1319 Stimmung
1641 1274 1913 1325 angegeben

1013 1326 1204 1365 werden
1237 1325 1374 1366 laum.
1436 1325 1473 1365 A
1500 1323 1599 1366 MS.
1627 1326 1775 1370 Oxon.
1806 1330 1912 1383 (lae.

1013 1379 1262 1434 Gronovii)
1311 1388 1551 1437 ‘tanquam
1601 1384 1716 1426 male
1772 1387 1911 1434 abest.

1015 1437 1124 1479 Mox
1160 1438 1231 1481 ed.
1266 1437 1383 1495 Spir.
1420 1438 1588 1496 pergit:
1641 1441 1911 1489 animorum

1000 1495 1066 1551 fit
1098 1510 1162 1537 ex
1186 1496 1439 1550 prouinciis
1464 1495 1745 1549 Hispaniae.
1791 1501 1913 1545 Pre-

1016 1560 1124 1595 erab
1144 1559 1233 1597 ete.
1293 1552 1463 1604 Eadem
1498 1569 1578 1610 pro
1606 1555 1766 1611 Rufus
1799 1575 1912 1604 eon.

1013 1618 1182 1652 stanter
1234 1610 1390 1653 scribit
1429 1610 1615 1665 RuffuS.
1651 1638 1667 1647 κ
1709 1614 1761 1657 ln
1804 1616 1910 1665 MS,

1017 1666 1173 1714 Guelf.
1196 1683 1279 1725 pro
1307 1667 1492 1710 Cluvius
1515 1678 1579 1711 est
1602 1669 1772 1715 Clivius
1851 1675 1910 1722 cf.

1014 1732 1112 1768 not.
1135 1724 1190 1767 ad
1214 1725 1306 1768 An.
1337 1725 1404 1774 13,
1423 1727 1497 1768 20.
1559 1726 1610 1769 ln
1642 1729 1744 1772 MS.
1783 1729 1911 1779 Flor.

1014 1781 1102 1824 lac.
1133 1779 1339 1826 Gronov.
1371 1798 1455 1839 pro
1487 1783 1590 1838 fuit
1627 1784 1798 1831 invenit
1831 1792 1910 1844 sit,

1012 1838 1133 1881 unde
1168 1838 1298 1882 facit:
1352 1842 1450 1884 Sed
1481 1857 1503 1882 e
1530 1846 1786 1895 provinciis
1820 1855 1908 1893 etc.

1015 1893 1245 1939 Victorius
1268 1896 1487 1940 intactum
1510 1899 1693 1958 reliquit
1699 1903 1820 1957 fuit.
1858 1925 1880 1940 x

1066 2011 1201 2064 pacis
1225 2011 1424 2053 artibus.
1489 2011 1605 2055 Sunt
1637 2014 1714 2071 qui
1746 2017 1909 2063 intelli-

1013 2076 1120 2125 gant
1160 2076 1384 2123 ermpertus
1428 2085 1478 2112 ex
1519 2072 1725 2128 sequenti
1765 2079 1906 2121 verbo

1012 2127 1299 2180 inexpertus,
1359 2125 1417 2169 cf.
1440 2126 1476 2168 F
1479 2126 1604 2172 erlet.
1629 2138 1672 2172 et
1695 2130 1908 2180 Ricklefs.

1011 2182 1067 2225 ad
1090 2182 1135 2225 h.
1161 2183 1191 2227 l.
1249 2183 1312 2229 At
1336 2182 1401 2227 sic
1433 2183 1579 2227 oritur
1609 2190 1826 2234 sententia
1850 2194 1905 2236 ab

1008 2239 1097 2283 hoc
1119 2239 1222 2284 loeo
1242 2241 1398 2286 aliena.
1461 2241 1537 2286 Est
1565 2242 1716 2300 potius
1737 2245 1809 2292 hie
1831 2251 1906 2296 ab·

1008 2295 1172 2345 lat‘iyus
1204 2297 1451 2355 qualitatis,
1495 2315 1626 2357 quem
1667 2303 1800 2361 vulgo
1836 2323 1905 2349 ex·

1005 2353 1176 2413 plicant
1218 2354 1444 2399 intellecto
1491 2359 1768 2412 praeditus,
1825 2365 1904 2406 in-

1005 2419 1223 2455 structus.
1285 2413 1343 2456 cf.
1378 2412 1468 2457 An.
1507 2414 1574 2466 16,
1597 2416 1666 2459 18.
1693 2420 1902 2463 habeba-

1005 2475 1082 2514 tw·
1105 2500 1117 2513 .
1133 2499 1144 2512 .
1162 2499 1174 2513 .
1197 2471 1375 2512 erudito
1407 2473 1526 2513 luxu
1538 2489 1552 2522 ,·
1595 2475 1633 2524 1,
1656 2474 1724 2516 19.
1752 2477 1902 2521 Blae-

1003 2540 1084 2568 sus
1105 2530 1258 2569 multa
1279 2528 1465 2570 dicendi
1485 2535 1604 2572 arte.
1667 2531 1767 2576 MS.
1788 2534 1902 2593 Agr.

1003 2600 1052 2626 ex
1090 2584 1359 2627 emendandi
1396 2586 1545 2629 studio
1578 2595 1681 2645 post
1720 2592 1902 2638 artibus

1005 2641 1130 2686 addit
1151 2644 1317 2685 clarus.

1059 2755 1194 2799 bellis
1224 2758 1514 2810 inexpertus.
1598 2759 1721 2804 Bene
1750 2761 1894 2808 Erne-

1002 2813 1112 2857 stius
1138 2813 1371 2871 explicuit:
1402 2814 1516 2872 „qui
1541 2816 1687 2861 nullas
1713 2835 1785 2864 res
1807 2823 1897 2869 bel.-

1001 2873 1046 2914 lo
1071 2871 1228 2928 gessit,
1270 2872 1434 2928 quibus
1469 2872 1656 2917 scientia
1690 2877 1896 2927 militaris

1000 2945 1054 2973 co
1090 2937 1364 2977 nosceretur.
1379 2927 1406 2947 '⁹
1463 2929 1564 2978 MS.
1580 2931 1695 2975 Bud.
1720 2942 1764 2976 et
1786 2935 1895 2981 inde

1000 2985 1054 3029 ed
1092 3016 1102 3027 .
1125 2984 1328 3034 Rhenan,
1351 3001 1449 3044 sq.
1484 2987 1815 3047 adeyckium,
1851 3003 1893 3038 et

999 3059 1143 3101 nuper
1157 3042 1338 3100 Bipont.
1426 3048 1671 3090 iinemann.
1694 3051 1803 3092 belli
1818 3053 1891 3093 in-

1000 3106 1246 3154 expertus,
1271 3115 1383 3158 quae
1407 3101 1629 3160 scriptura
1654 3114 1752 3148 orta
1780 3117 1845 3151 est
1868 3126 1892 3153 e

1000 3156 1274 3214 compendio
1296 3158 1418 3208 bell’,
1449 3159 1570 3216 quod
1593 3169 1728 3206 exstat
1748 3164 1793 3206 in
1820 3166 1890 3212 ed.

998 3214 1117 3271 Spir.
1177 3213 1265 3261 Sed
1287 3215 1476 3264 alienam
1501 3217 1768 3263 sententiam
1788 3222 1890 3265 fun-

999 3271 1063 3314 dit
1099 3280 1142 3314 et
1169 3270 1335 3319 frustra
1368 3288 1392 3314 a
1417 3271 1683 3318 Gutmanno
1718 3276 1764 3320 in
1795 3278 1890 3327 Oh.

998 3344 1137 3372 servir.
1163 3329 1217 3377 ad
1241 3328 1283 3373 h.
1310 3328 1340 3372 l.
1364 3332 1724 3377 commendatur.
1774 3336 1887 3381 Nam

994 3386 1106 3431 belli
1121 3387 1396 3440 inexpertus
1416 3389 1572 3445 estqui
1597 3389 1761 3433 bellum
1779 3409 1888 3442 non-

995 3443 1104 3485 dum
1129 3442 1242 3490 vidit
1275 3454 1350 3488 aut
1383 3444 1488 3491 fecit
1523 3445 1728 3503 (active),
1764 3451 1887 3495 nulla

995 3499 1168 3546 ratione
1204 3502 1500 3558 experientiae
1531 3502 1652 3546 bello
1690 3507 1886 3563 gerendo

995 3566 1279 3616 comparatae
1330 3558 1494 3605 habita.
1575 3559 1666 3606 Pro
1708 3563 1887 3622 vulgata

1353 3618 1403 3674 B
