2138 4030
162 244 217 281 A.
235 243 289 280 U.
308 241 396 278 824.

156 289 216 327 A·
242 286 289 324 C.
339 287 398 321 71.

613 209 841 304 'Lm
876 242 950 304 v,
984 269 985 274 κ
1019 238 1217 303 CAP.
1250 244 1354 306 23.
1814 246 1938 308 521.

78 381 326 439 electum
344 422 361 447 ‚
395 395 513 452 quo
537 370 745 430 Mosae
768 371 1034 429 fluminis
1059 390 1125 427 os
1146 391 1380 428 amnem
1395 370 1678 431 Rhenum
1694 371 1940 436 Oceano

79 463 370 540 adfundit.
456 478 627 516 causa
650 458 1030 514 instruendae
1055 456 1281 525 classiS‚
1324 477 1499 531 super
1520 459 1760 522 insitam
1782 466 1943 536 genti

80 550 432 614 vanitatem,
474 557 542 602 ut
575 564 642 599 eo
682 554 905 599 terrore
939 553 1296 612 commeatus
1323 539 1522 600 Gallia
1560 546 1943 607 adventantes

0 698 1 704 ,
81 635 515 708 interciperent.

603 627 851 685 Cerialis
875 627 1159 684 miraculo
1186 627 1370 700 magis
1393 649 1572 703 quam
1597 644 1760 690 metu
1783 633 1942 691 dire..

81 721 170 778 xit
197 720 466 785 classem,
510 734 758 770 numero
785 713 1069 786 imparem
1090 757 1106 781 ,
1146 732 1259 769 usu
1283 713 1572 786 remigum
1590 761 1605 784 ‚
1649 718 1943 790 guberna.

81 817 280 863 torum
309 812 431 860 arte
448 846 465 870 ,
507 799 750 855 navium
775 798 1183 871 magnitudine
1209 798 1518 873 potiorem.

83 890 438 948 secundum:
497 885 589 940 illi
625 895 802 940 vento
844 884 1185 956 agebantur.

83 976 306 1032 levium
330 973 582 1029 telorum
607 969 761 1025 iactu
786 969 1167 1035 dirimuntur.

87 1080 185 1118 sus
221 1072 384 1117 trans
411 1052 699 1114 Rhenum
739 1054 1038 1112 concessit.

1605 795 1700 857 his
1719 803 1944 862 flumen

1273 884 1355 939 sic
1389 887 1682 958 praevecti
1719 900 1942 948 tentato

1253 966 1461 1025 Civilis
1483 965 1640 1026 nihil
1661 973 1816 1030 ultra
1839 995 1947 1032 au-

1125 1053 1374 1110 Cerialis
1409 1055 1664 1112 insulam
1688 1055 1947 1118 Batavo-
1972 1049 1975 1053 .

82 1165 218 1203 rum
242 1141 537 1200 hostiliter
565 1140 881 1215 populatus
919 1157 1087 1212 agros
1118 1139 1408 1215 villasque
1433 1138 1641 1197 Civilis
1675 1142 1946 1216 intactOS‚

74 1234 224 1288 'nota
260 1239 384 1286 arte
422 1228 671 1294 ducum,
727 1225 982 1281 sinebat:
1039 1244 1175 1280 cum
1210 1225 1449 1280 interim
1485 1226 1643 1284 flexu
1674 1233 1947 1288 autumni

22 1418 26 1421 -
84 1388 171 1434 cile
197 1387 344 1446 potuit
368 1385 467 1428 fieri
492 1400 589 1429 ceu.
648 1382 799 1425 Restat
820 1389 869 1424 ut
893 1381 976 1424 tibi

82 1445 350 1506 persuadeas
388 1450 558 1498 captae
588 1440 760 1484 facturn
797 1454 890 1482 esse
927 1455 977 1482 ex

85 1520 170 1549 eae
190 1516 336 1558 zpsae.
837 1537 839 1539 .

143 1563 352 1604 electum.
414 1556 490 1609 Sic
514 1554 649 1597 MSS.
676 1552 828 1596 Guelf.
854 1551 977 1595 Harl.

83 1617 218 1661 Bodl.
261 1615 346 1659 Ies.
385 1613 535 1656 Vatic.
584 1611 685 1654 edd.
721 1610 837 1668 Spir.
873 1610 979 1652 Put.

85 1677 153 1719 M.
192 1682 236 1716 et
271 1673 329 1715 V.
368 1671 577 1716 Beroald.
628 1674 757 1722 (cum
799 1666 979 1710 silentio

88 1733 228 1785 vict.)
255 1729 357 1774 Ate.
384 1739 426 1772 et
458 1728 618 1772 deinde
642 1725 768 1769 Pieh.
792 1724 979 1767 Gruter.

28 1836 33 1843 ⁴
85 1805 182 1846 sqq.
218 1787 413 1831 Piehena
437 1786 483 1828 in
499 1784 745 1827 11'101zvidit
770 1784 981 1825 eiectwn.

87 1849 146 1891 cf.
181 1853 279 1888 not.
315 1845 369 1887 ad
403 1843 492 1887 An.
522 1843 562 1893 2,
594 1842 662 1884 60.
699 1842 780 1884 sub
815 1856 857 1883 V.
894 1843 980 1882 de-

87 1907 258 1952 iectus,
302 1910 344 1945 et
368 1902 420 1944 ad
446 1900 534 1943 An.
559 1900 600 1950 4,
618 1899 690 1940 25.
721 1900 802 1941 sub
830 1914 870 1943 v.
893 1902 980 1939 de-

86 1964 232 2005 iectis.
266 1985 319 1993 —
362 1958 596 2000 MS.ssud.
623 1963 829 2011 ceptum,
860 1955 982 1997 unde

86 2020 330 2062 Rhenanus
355 2017 459 2059 fecit
483 2023 670 2068 captum
687 2047 699 2065 ,
744 2013 868 2071 quod
894 2012 983 2055 du-

86 2076 202 2121 ravit
227 2075 282 2118 ad
301 2074 565 2117 Pichenam.

146 2149 234 2189 quo
264 2134 429 2175 Mosae
453 2129 670 2183 fluminis
703 2143 757 2170 os
789 2143 983 2172 amnem

87 2193 320 2235 Rhenum.
401 2188 478 2231 Sic,
519 2187 656 2229 MSS.
702 2185 829 2229 Flor.
870 2186 985 2239 (test.

87 2250 176 2291 Iac.
191 2247 418 2300 Gronov.)
440 2244 549 2300 Reg.
565 2244 675 2300 Agr.
694 2241 836 2284 Vatic.
861 2242 988 2286 1863.

89 2305 188 2348 edd.
225 2303 345 2360 Spir.
386 2303 474 2346 lae.
510 2301 721 2344 Gronov.
761 2314 861 2356 sqq.
920 2299 981 2342 cf.

91 2365 181 2405 An.
208 2362 250 2409 2,
273 2360 316 2403 6.
361 2384 417 2393 -
478 2374 567 2414 quo
591 2357 758 2399 Mosae
766 2355 987 2411 fluminis

90 2433 284 2461 amnem
309 2418 504 2460 Rhenus
532 2414 666 2457 MSS.
691 2413 842 2457 Guelf.
860 2412 986 2456 Harl.

91 2475 224 2520 Bodl.
258 2475 358 2517 edd.
396 2474 482 2515 Put
517 2473 583 2514 M.
617 2478 658 2513 et
691 2472 749 2514 V.
782 2470 988 2515 Beroatd.

94 2537 220 2586 (cum
256 2532 405 2575 silent.
430 2530 573 2582 Viet.)
609 2528 713 2571 Alc.
753 2536 795 2570 et
830 2528 989 2572 deinde

91 2590 218 2637 Pieh.
235 2589 423 2654 Gruter.
438 2603 535 2645 sqq.
552 2610 604 2618 —-
625 2586 865 2653 leenanus
889 2600 987 2642 sqq.

89 2643 989 2758 ἓὶοαῩῖΞΒ-ἶῗζάῗῗῖιῖἔίἑεθῖἔιῗηῗῖἒὲ

90 2777 282 2807 amnem
309 2769 392 2804 etc.
437 2783 496 2792 -—
555 2758 656 2801 MS.
682 2758 763 2801 les.
791 2772 986 2802 eonsen-

91 2819 145 2864 tit
166 2834 273 2863 cum
296 2817 448 2861 Guelf.
484 2827 592 2868 ete„
638 2814 723 2858 nisi
754 2814 876 2872 quod
903 2830 988 2872 pro

92 2878 286 2921 Rhenus
316 2875 448 2921 habet
480 2876 666 2928 Rheno,
701 2873 822 2929 quod
859 2887 991 2914 exor-

92 2944 191 2980 tum
215 2942 282 2976 est
309 2949 332 2975 e
356 2932 626 2988 compendio
648 2932 829 2984 Rhen9.

148 2990 387 3048 adfundit.
446 2988 584 3034 MSS.
620 2989 732 3045 Reg.
762 2984 880 3029 Bud.
919 2984 988 3029 ed.

94 3048 217 3108 Spir.
243 3047 466 3102 effundit„

151 3112 461 3148 commeatus.
550 3102 652 3146 MS.
693 3101 819 3144 Flor.
870 3103 988 3158 (test.

97 3163 236 3219 Vict.)
268 3162 528 3207 commenti.
587 3159 669 3203 Ed.
697 3158 819 3216 Spir.
853 3157 998 3201 amoti

93 3221 241 3275 gallici
267 3223 576 3262 aduentantes
598 3226 683 3260 etc.

154 3279 382 3320 miraculo
439 3277 592 3329 magis
653 3289 792 3330 quam
846 3279 991 3315 metu.

97 3336 298 3394 Lipsius:
318 3334 510 3390 „magis‚
535 3333 638 3390 quia
661 3331 908 3374 mirabatur
919 3329 992 3373 Ci-

98 3393 231 3436 vilem
267 3390 355 3435 hoc
385 3391 577 3438 audere,
619 3404 753 3446 quam
788 3387 910 3446 quod
941 3386 994 3429 ti-

100 3447 300 3493 meret.”
361 3446 593 3514 Bipontini
629 3447 804 3491 malunt
840 3446 996 3494 metui,

102 3507 223 3564 quod
249 3507 513 3550 sententiam
540 3503 668 3547 buius
693 3503 790 3546 loci,
810 3511 1014 3545 contor-·

102 3572 225 3626 quet.
286 3563 396 3607 Mox
419 3562 486 3609 ed.
501 3561 623 3622 Spir.
644 3562 999 3616 interciperetur·

1049 1397 1132 1439 pro
1167 1381 1527 1435 interemerant,
1577 1384 1823 1439 remigium
1861 1403 1946 1446 pro

1051 1441 1299 1493 remigum.
1357 1436 1642 1488 Vocabulum
1666 1457 1862 1488 numero
1885 1447 1946 1491 ibi

1050 1512 1144 1540 non
1171 1496 1346 1551 legitur.
1801 1511 1803 1514 ⁴

1109 1555 1427 1606 magnitudine
1448 1556 1698 1608 potiorem.
1759 1557 1810 1602 In
1839 1559 1950 1608 haec

1050 1611 1190 1657 verba
1223 1610 1434 1654 desinunt
1465 1611 1601 1662 MSS.
1622 1613 1780 1660 vatic.
1815 1618 1945 1664 1863.

1051 1670 1162 1726 Reg.
1188 1667 1259 1711 ed.
1283 1667 1430 1725 Spin,
1462 1669 1581 1712 unde
1602 1686 1847 1727 cognoscas
1869 1676 1949 1720 ho-

1054 1743 1155 1770 rum
1191 1724 1416 1768 librorum
1450 1728 1794 1784 cognationem,
1834 1749 1948 1791 quae

1053 1793 1095 1828 et
1120 1782 1298 1826 aliunde
1325 1783 1427 1827 satis
1452 1785 1608 1842 patuit.

1108 1841 1370 1897 hisflumen
1391 1844 1659 1885 secundum.
1720 1845 1795 1890 Sic
1815 1849 1949 1897 MSS.

1053 1899 1179 1943 Flor.
1222 1900 1335 1951 (test.
1367 1898 1488 1942 Vict.
1521 1915 1626 1942 eum
1659 1900 1803 1961 Pieh.)
1832 1907 1949 1954 Bud.

1056 1958 1160 2000 edd.
1185 1955 1312 1999 Pieh.
1338 1954 1521 1999 Gruter.
1540 1956 1638 2014 sqq.
1677 1984 1732 1992 -—
1789 1965 1829 2006 is
1842 1965 1951 2020 flu-

1055 2015 1180 2057 mine
1221 2017 1421 2055 secundo
1464 2013 1599 2058 MSS.
1635 2012 1787 2066 Guelf.
1819 2020 1948 2069 Harl.

1054 2070 1190 2115 Bodl.
1214 2069 1301 2113 Ies.
1328 2070 1427 2114 edd.
1448 2070 1556 2114 Pul.
1581 2086 1680 2129 sqq.
1709 2075 1763 2117 ad
1788 2078 1953 2124 Piehe-

1056 2145 1177 2172 nam.
1249 2127 1418 2170 Eadem
1450 2129 1603 2172 insunt
1639 2130 1785 2178 Vatic.
1819 2137 1952 2183 1958·

1056 2185 1133 2228 sed
1169 2185 1442 2242 adscriptum
1474 2185 1536 2228 ibi
1572 2196 1637 2230 est
1658 2189 1846 2245 flumen
1870 2174 1954 2240 se:

1058 2246 1276 2286 cundum.
1341 2242 1512 2284 Vitium
1537 2246 1759 2302 originem
1780 2254 1910 2298 traxit
1931 2273 1956 2300 e

1055 2300 1278 2400 {aaa
1304 2299 1887 2410 ³223pgffsa‘ssfs’vszss.2³⁵²ssf

1150 2389 1160 2400 u
1281 2387 1292 2398 ο
1360 2390 1370 2406 2
1779 2395 1793 2414 9
1820 2383 1842 2410 e
1865 2386 1876 2410 Ι

1059 2415 1106 2456 in
1142 2413 1265 2455 Flor.
1337 2413 1450 2457 Nam
1498 2416 1600 2473 quia
1640 2419 1683 2465 is
1725 2387 1954 2471 videbailiff·

1058 2487 1151 2514 esse
1179 2486 1306 2513 casus
1326 2472 1650 2527 nominativus,
1680 2478 1852 2538 reliqua
1883 2485 1957 2528 de.

1058 2529 1223 2571 hebant
1250 2528 1406 2585 refingi
1431 2528 1476 2571 in
1502 2528 1706 2584 flumine
1735 2523 1955 2589 secundo.

1059 2586 1130 2628 De
1172 2585 1403 2628 locutione
1439 2585 1496 2630 cf.
1530 2588 1643 2634 Hist.
1673 2592 1716 2644 4,
1745 2594 1818 2641 83.
1863 2601 1957 2646 iuis

1060 2656 1193 2686 mare
1221 2648 1495 2688 secundum.
1953 2669 1968 2707 ε

1116 2703 1367 2753 praevecti.
1457 2699 1535 2744 Sic
1596 2704 1692 2750 sive

1059 2755 1196 2800 MSS.
1219 2758 1346 2800 Fuor.
1370 2759 1485 2812 (test.
1505 2704 1641 2820 vaf..)
1664 2715 1981 2816 Gu'e'ffissff*

1061 2815 1166 2858 edd.
1214 2815 1419 2860 Rhenan.
1470 2833 1520 2874 sq
1555 2850 1566 2861 .
1621 2843 1679 2854 —-
1751 2805 1963 2877 provecti·

1063 2873 1165 2915 edd.
1200 2872 1299 2914 Put.
1336 2872 1401 2916 M.
1434 2883 1476 2918 et
1546 2906 1558 2918 .
1595 2876 1805 2928 Beroald.
1838 2887 1939 2931 Ate.

1059 2929 1233 2987 vulgari
1258 2931 1541 2987 confusione.
1571 2933 1632 2979 ef.
1653 2926 1750 2984 not.
1775 2941 1832 2988 ad
1844 2920 1959 2989 Hist'

1059 2989 1100 3040 2,
1123 2989 1166 3030 4.
1230 2987 1314 3031 An.
1339 2987 1380 3039 3,
1406 2989 1448 3032 5.
1491 2993 1556 3043 15,
1576 2991 1651 3036 66.
1945 2978 1958 2997 ⁹

1119 3044 1290 3087 levium
1314 3050 1516 3093 telorum
1543 3050 1683 3095 iactu.
1742 3052 1821 3099 Sic
1852 3056 1940 3102 MS

1063 3101 1187 3169 Flor.
1217 3106 1335 3158 (test.
1360 3101 1478 3148 Viet.
1506 3122 1611 3151 cum
1633 3107 1830 3168 Ryckio)
1853 3092 1956 3164 edd]

1064 3161 1245 3218 Bnpont.
1264 3159 1424 3210 Oberl,
1446 3178 1543 3231 sqq.
1572 3193 1632 3201 —
1688 3167 1959 3224 .MS.Guelf,

1062 3218 1166 3261 edd.
1190 3218 1290 3260 Put.
1311 3233 1408 3275 sqq.
1441 3229 1654 3267 omniunt
1679 3227 1867 3270 levium.

1122 3283 1237 3317 nota
1258 3282 1360 3319 urte
1378 3279 1564 3323 ducum.
1624 3281 1679 3326 cf.
1695 3283 1892 3333 Iustin.3
1915 3289 1956 3334 7.

1063 3332 1159 3375 Ην.
1178 3334 1221 3383 2,
1242 3330 1312 3380 39.
1341 3333 1412 3383 22,
1433 3333 1505 3378 23.
1893 3320 1906 3339 '

1111 3388 1253 3444 flexu
1273 3394 1505 3436 autumni.
1566 3392 1640 3436 Sic
1657 3395 1790 3441 MSS.
1803 3397 1958 3451 Guelf,

1066 3447 1184 3490 Bud.
1215 3445 1317 3493 edd.
1339 3447 1541 3493 Rhenan.
1572 3466 1669 3510 sqq.
1705 3476 1763 3486 -—
1813 3457 1960 3511 fluxa

1068 3506 1285 3570 autumni
1299 3505 1400 3552 edd.
1415 3505 1519 3551 Put.
1533 3507 1600 3550 M.
1620 3516 1663 3551 et
1681 3511 1733 3555 V.
1749 3513 1959 3560 Beroald.

1071 3564 1192 3615 (eum
1223 3561 1367 3606 snlent.
1391 3563 1532 3620 Viet.)
1557 3563 1723 3614 Alciat.
1781 3570 1871 3616 sed
1897 3573 1956 3623 cf.
