2138 4030
128 251 178 289 A.
195 250 248 288 U.
266 250 354 286 824.

128 295 255 354 ‘⁴³5⁶‘
293 295 352 329 71.

546 240 719 310 ΜΒ.
756 243 837 306 v,
915 237 1113 303 CAP.
1159 240 1254 300 19.
1295 222 1420 301 201
1775 238 1909 301 515-

45 391 194 447 ciem
215 388 449 459 fecerat.
537 374 855 433 Transiere
874 367 1160 430 Rhenum
1184 366 1379 424 Tutor
1403 388 1638 446 quoque
1662 380 1719 426 et
1733 366 1902 432 Clas-

46 477 199 531 sicus
225 483 281 527 et
306 479 542 525 centum
572 459 856 517 tredecim
881 456 1280 513 Treverorum
1309 465 1629 510 senatores:
1676 454 1742 510 in
1768 455 1900 530 quis

0 590 1 620 ᾗ
44 560 158 633 fuit
180 554 438 629 Alpinus
459 547 788 606 Montanus
806 589 820 613 ,
877 561 1053 618 quem
1080 560 1112 596 a
1134 537 1336 597 Primo
1363 532 1629 595 Antonio
1651 539 1902 598 missum

48 647 113 700 in
159 640 386 699 Gallias
432 631 697 709 superius
742 625 1218 684 memoravimuS.
1268 621 1270 628 ’
1319 623 1709 680 comitabatur
1766 644 1904 680 eum

44 732 227 786 frater-
245 724 320 783 D.
346 718 618 797 Alpinus,
709 712 885 784 simul
910 710 1088 768 ceteri
1109 707 1484 763 miseratione
1508 729 1573 764 ac
1598 709 1770 765 donis
1794 730 1901 765 au-

44 815 186 872 xilia
211 809 525 868 concibant
548 804 703 859 inter
727 810 924 873 gentes
950 794 1351 871 periculorum
1378 793 1595 852 avidas,

217 920 349 979 XX.
403 916 783 988 Tantumque
822 896 968 966 'belli
1009 904 1326 980 superfuit,
1381 915 1453 979 ut¹
1478 904 1905 979 praesidiaco-

47 1009 344 1075 hortium,
388 1003 644 1067 alarum,
687 996 992 1069 legionum
1029 1011 1151 1047 uno
1191 989 1288 1044 die
1314 986 1524 1045 Civilis
1554 990 1904 1066 quadripar-

51 1097 158 1152 tito
206 1089 513 1149 invaserit:
572 1086 879 1141 decumam
916 1077 1210 1149 legionem
1244 1069 1534 1143 Arenaci,
1584 1075 1906 1130 secundam

48 1175 438 1243 Batavoduri,
482 1183 538 1228 et
562 1169 822 1226 Grinnes
838 1164 1180 1237 Vadamque
1209 1155 1543 1231 cohortium
1566 1160 1908 1234 alarumque

109 1406 351 1450 transiere.
370 1426 373 1429 ·
393 1399 530 1444 MSS.
547 1395 699 1441 Guelf.
715 1392 839 1437 Harl.
856 1393 940 1436 les.

51 1465 122 1509 ed.
161 1461 459 1532 Gronoviana
501 1458 583 1513 (de
626 1468 746 1497 anno
794 1451 944 1505 1672.)

48 1533 269 1567 transire.

102 1606 260 1654 ,Tutor
303 1614 498 1658 quoque.
565 1596 651 1641 Ed.
691 1593 809 1652 Spir.
847 1591 948 1634 Tu-

52 1672 126 1706 tor
150 1669 220 1718 qJ.

106 1736 416 1778 Treverorum
429 1735 692 1772 senatores.
721 1722 796 1767 Sic
805 1719 943 1764 MSS.

51 1794 179 1838 Flor.
203 1793 320 1846 (test.
344 1786 507 1846 Ryck.)
529 1785 640 1842 Agr.
653 1780 795 1824 Vatie.
818 1777 941 1821 1863.

52 1852 159 1908 Reg.
179 1859 220 1892 et
233 1849 318 1891 edd
350 1852 571 1888 vetereset
583 1838 873 1884 recentiores.
887 1858 944 1868 -

51 1908 189 1954 MSS.
239 1905 387 1948 Vatic.
436 1901 559 1944 1958:
620 1895 773 1940 Guelf.
823 1892 947 1936 Harl.

51 1965 183 2010 B'odl.
220 1964 305 2007 les.
338 1959 458 2004 Bud.
503 1957 718 2001 omittunt
751 1951 947 1996 vocabu-

53 2024 150 2067 lum
184 2028 460 2069 senatores,
510 2015 631 2073 quod
667 2013 711 2055 in
743 2009 866 2053 Harl.
905 2015 949 2050 et

55 2080 208 2124 Guelf.
234 2076 427 2122 secunda
448 2087 608 2118 manus
627 2068 812 2114 addidit.

68 2167 73 2175 “
111 2165 160 2206 in
181 2163 284 2219 qais
342 2159 416 2203 Sic
429 2157 532 2202 MS.
543 2155 669 2199 Flor.
695 2154 810 2207 (lest.
827 2149 947 2194 vict.

55 2250 159 2279 cum
181 2217 331 2286 Pich.)
357 2229 455 2272 edd.
481 2227 601 2284 Spir.
627 2223 754 2279 (haec
783 2223 833 2264 in
863 2223 946 2320 gs)

53 2291 180 2337 Pich.
214 2289 431 2344 Bernegg.
458 2300 553 2342 sqq.
594 2309 654 2319 -
712 2283 759 2323 in
787 2281 866 2335 qui
894 2294 950 2321 as

55 2349 163 2392 MS.
186 2344 333 2391 Guelf.
359 2343 457 2386 edd.
480 2343 581 2384 Put.
607 2354 706 2395 sqq.
739 2338 794 2379 ad
819 2335 947 2379 Pich.

56 2406 224 2450 Eadem
262 2401 446 2445 varietas
486 2395 740 2454 saepissime
777 2392 950 2437 inveni-

57 2473 158 2529 ῒιιι·Χ
195 2460 254 2505 cf.
277 2466 371 2502 not.
395 2457 451 2501 ad
472 2455 588 2498 Hist.
615 2454 657 2502 4,
680 2451 752 2496 53.
784 2452 824 2502 5,
846 2449 887 2493 3.
908 2458 952 2493 et

54 2519 178 2567 alibl.

116 2607 250 2650 quem
277 2621 290 2634 .
308 2622 318 2633 .
338 2621 349 2633 .
375 2585 756 2631 memoravimus.
829 2579 953 2624 Haec

21 2652 35 2662 ”
59 2651 220 2695 desunt
242 2649 290 2692 in
312 2647 414 2691 cod.
437 2644 584 2688 Oxon.
603 2642 688 2684 lac.
708 2635 949 2684 Gronovii.

61 2709 216 2766 Quare
258 2707 295 2749 is
331 2703 480 2762 spuria
514 2700 624 2743 haec
660 2713 754 2740 esse
785 2701 952 2744 censet,

91 2765 164 2810 uia
190 2763 382 2822 Alpinus
404 2757 651 2804 secundum
681 2755 793 2798 Hist.
812 2753 855 2800 3,
881 2751 951 2795 35.

59 2783 104 2876 ἓ,
123 2823 198 2880 815
230 2835 324 2864 non
353 2819 400 2861 in
423 2815 612 2864 Gallias,
652 2813 729 2857 sed
761 2811 807 2854 in
831 2809 954 2852 Ger-

61 2881 259 2929 maniam
290 2877 452 2921 missus
483 2870 662 2916 dicitur.
723 2866 954 2911 Ernestius

62 2934 284 2982 Gronovii
306 2933 612 2978 coniecturam
634 2925 952 2970 admittendam

63 3002 139 3040 aut
163 2995 203 3046 le
234 2991 401 3037 endum
425 2991 473 3032 in
502 2986 809 3030 Germaniam
837 2981 955 3025 iudi-

65 3060 150 3096 cat.
247 3057 415 3093 ortasse
439 3053 589 3089 tamen
611 3042 775 3086 rectius
797 3055 954 3083 vocem

65 3110 115 3152 in
140 3107 342 3151 Gallias·
353 3103 645 3148 retinebimus
675 3097 955 3155 putabimus-

65 3181 159 3225 que·
177 3179 274 3208 eam
305 3178 401 3207 non
440 3175 532 3204 esse
568 3158 621 3200 ad
653 3157 809 3199 vivum
841 3170 956 3197 rese·

65 3222 272 3268 eandam.
343 3219 590 3263 Montanus
622 3213 783 3257 missus
814 3212 958 3254 fuerat

66 3281 117 3324 in
150 3278 440 3324 Germaniam
475 3272 797 3317 Cisrhenanam
831 3269 878 3313 h.
916 3283 956 3317 e.

67 3338 344 3383 Romanam,
386 3331 663 3391 superiorem
684 3328 808 3371 illam
834 3334 876 3369 et
891 3326 959 3368 in-

70 3395 305 3444 feriorem,
361 3406 474 3451 quae
512 3403 667 3432 revera
715 3392 810 3428 erat
857 3398 958 3442 pars

69 3451 335 3496 Galliarum.

72 3585 89 3620 t
124 3504 449 3564 comitabatur.
509 3513 590 3559 Ed.
616 3513 736 3571 Spir.
763 3510 958 3554 comita-

94 3592 169 3621 ur.

1074 1390 1139 1433 D.
1164 1391 1379 1444 Alpinus.
1439 1388 1541 1432 MS.
1566 1387 1675 1444 Agr.
1709 1388 1798 1431 Dr.
1820 1387 1909 1430 Al-

1013 1449 1160 1505 pinus
1180 1448 1222 1491 h.
1238 1465 1278 1491 e.
1293 1448 1468 1490 Drusus
1481 1446 1583 1503 Aip.
1614 1472 1673 1481 -
1731 1445 1783 1487 In
1806 1444 1909 1487 MS.

1019 1507 1138 1550 Bud.
1174 1505 1247 1549 hic
1274 1505 1436 1562 legitur
1458 1503 1681 1558 Alpinius.
1729 1501 1790 1545 ef.
1812 1508 1910 1545 not.

1020 1565 1074 1608 ad
1088 1562 1339 1611 Hisi.4‚31.
1397 1560 1511 1603 Edd.
1538 1558 1655 1617 Spir.
1683 1559 1784 1603 Put.
1813 1574 1912 1616 sqq.

1021 1638 1125 1666 eum
1149 1619 1328 1663 silentio
1347 1616 1543 1662 Victorii
1566 1625 1607 1660 et
1631 1615 1732 1661 MS.
1759 1615 1912 1659 Guelf.
1985 1626 1992 1644 x

1016 1680 1234 1734 Alpinus.

1073 1735 1274 1780 CARQO.
1333 1730 1587 1787 legionum.
1645 1731 1748 1774 MS.
1762 1730 1914 1775 Guelf.

1014 1796 1256 1848 legionem.

1079 1865 1173 1892 uno
1195 1850 1269 1891 die
1299 1849 1453 1890 Civilis
1477 1848 1821 1903 quadripartito
1843 1847 1915 1888 in-

1019 1909 1209 1951 vaserit.
1281 1905 1408 1948 Libri
1448 1904 1684 1963 insigniter
1726 1897 1919 1949 variant.

1018 1967 1104 2009 Ed.
1140 1963 1260 2022 Spir.
1299 1978 1403 2005 cum
1437 1962 1542 2005 MS.
1572 1962 1680 2019 Reg.
1716 1975 1815 2002 ana
1846 1963 1922 2002 die

1022 2024 1179 2067 Civilis
1251 2021 1602 2077 quadripartita
1674 2018 1919 2061 invaserit.

1020 2080 1136 2123 Edd.
1162 2079 1267 2122 Put.
1295 2078 1361 2119 M.
1398 2085 1443 2119 et
1467 2075 1522 2120 V.
1547 2075 1755 2119 Beroald.
1795 2076 1916 2127 (cum

1020 2137 1172 2181 silent.
1202 2135 1340 2191 Vici.)
1377 2132 1482 2178 Ale.
1518 2142 1562 2176 et
1593 2132 1729 2176 MSS.
1764 2131 1917 2174 Guelf.

1019 2194 1144 2237 Harl.
1171 2191 1305 2247 Bodl.
1330 2191 1413 2234 Ies.
1439 2189 1588 2234 Vatic.
1613 2189 1736 2233 1958.
1762 2189 1912 2231 modi-

1020 2252 1085 2295 cis
1144 2251 1267 2293 villis
1326 2248 1678 2304 quadripartita
1743 2244 1918 2298 (Guelf.

1021 2308 1146 2351 Harl.
1188 2308 1272 2349 Ies.
1323 2306 1752 2362 quadripartitam,
1815 2303 1918 2359 quia

1019 2364 1262 2467 ffiasecessit
1280 2365 1527 2417 legionem)
1554 2363 1819 2404 invaserint.
1859 2360 1921 2402 At

1078 2421 1123 2464 S.
1157 2420 1281 2464 Flor.
1315 2423 1443 2473 (teste
1482 2420 1569 2461 Iac.
1607 2417 1835 2474 Gronov.)
1877 2424 1920 2460 et

1024 2480 1123 2523 edd.
1146 2477 1288 2519 Rhen.
1315 2476 1423 2520 Ald.
1453 2492 1549 2533 sqq.
1584 2477 1778 2518 modicis
1810 2475 1920 2517 victis

1024 2536 1375 2592 quadripartita
1454 2533 1609 2582 Civilis
1680 2533 1918 2575 invaserit.

1022 2594 1123 2641 MS.
1147 2592 1265 2634 Bud.
1289 2592 1445 2633 modis
1467 2591 1628 2633 civilis.
1689 2589 1918 2646 MS.Agr.

1023 2665 1120 2694 uno
1144 2652 1218 2692 die
1243 2648 1398 2690 Civilis
1420 2648 1763 2702 quadripartita
1791 2648 1920 2688 inva-

1023 2709 1167 2774 serit,
1232 2721 1366 2764 quam
1410 2704 1608 2763 Ryckius
1651 2703 1919 2762 ipsissimam

1024 2764 1169 2808 Taciti
1201 2764 1466 2821 scripturam
1501 2778 1594 2804 esse
1627 2759 1844 2805 iudicavit
1878 2759 1921 2802 e't

1023 2823 1071 2865 in
1094 2820 1341 2878 marginem
1366 2818 1574 2863 editionis
1601 2835 1705 2863 suae
1735 2817 1920 2876 recepit.

1023 2878 1268 2927 Ernestius,
1281 2876 1384 2920 licet
1397 2877 1430 2920 1.
1442 2876 1706 2922 Gronovius
1721 2866 1803 2934 pro
1815 2873 1922 2919 scri·

1026 2945 1157 2995 ptura
1189 2951 1212 2978 a
1236 2934 1454 2977 Rhenano
1486 2932 1658 2991 vulgata
1681 2932 1919 2991 pugnavis-

1028 3003 1092 3038 set
1115 3000 1273 3036 eontra
1287 2990 1509 3049 Ryclziurn
1524 3022 1536 3039 ‚
1567 2990 1725 3048 Ryckii
1747 2999 1923 3034 senten·

1027 3052 1131 3095 tiam
1171 3059 1347 3093 secutus
1384 3057 1448 3091 est
1487 3056 1528 3089 et
1566 3049 1685 3091 ultro
1724 3046 1920 3104 quadri-

1022 3109 1205 3165 partita
1254 3107 1439 3149 mutavit
1486 3105 1534 3147 in
1583 3103 1922 3161 iynadripartito

1028 3163 1304 3221 (secundum
1329 3163 1426 3207 Liv.
1439 3163 1478 3211 5,
1497 3164 1620 3215 21,7.
1646 3164 1805 3205 urbem
1834 3161 1920 3202 tri-

1024 3223 1202 3279 partito
1226 3222 1526 3275 adgreditur,·
1554 3229 1596 3263 et
1610 3219 1735 3263 Caes.
1751 3219 1799 3260 B.
1812 3216 1868 3260 G.
1885 3218 1922 3267 l,

1028 3281 1246 3334 25.signa
1260 3280 1473 3344 bipartito
1496 3276 1771 3327 intulerunt)
1793 3275 1919 3317 item-

1029 3353 1116 3396 que
1132 3351 1224 3379 uno
1247 3339 1319 3378 die
1337 3351 1382 3377 in
1400 3351 1494 3378 una
1510 3336 1583 3376 die
1601 3332 1860 3388 eMS.Reg.
1880 3339 1923 3374 et
2003 3352 2008 3362 ι’

1031 3394 1104 3438 ed.
1140 3394 1258 3452 Spir.
1342 3392 1455 3437 Cum
1497 3390 1705 3434 Ernestio
1750 3387 1923 3431 faciunt

1030 3453 1158 3496 Brot.
1200 3448 1387 3494 Lallem.
1433 3449 1534 3506 Bip.
1580 3457 1625 3490 et
1663 3445 1924 3495 oberimus,

1031 3509 1117 3553 nisi
1139 3508 1259 3565 quod
1283 3506 1356 3550 hic
1376 3506 1514 3550 edidit
1540 3520 1630 3547 uno
1649 3505 1723 3547 die
1746 3520 1768 3546 e
1787 3502 1924 3547 MSS.

1034 3565 1184 3609 Vatic.
1208 3564 1331 3608 1863.
1363 3573 1404 3607 et
1427 3563 1537 3620 Agr.
1597 3562 1777 3605 Nomen
1804 3560 1922 3603 Civi-

1164 3626 1273 3683 Kk
1314 3628 1352 3683 2
