2138 4030
197 263 247 299 A.
267 263 321 302 U.
335 232 425 297 ¹823.

198 307 250 342 A.
269 306 317 345 C.
369 308 427 342 70.

611 240 798 325 Lm.
835 263 913 325 11.
987 262 1180 324 CAP.
1212 262 1310 325 59.
1349 265 1449 325 60.
1837 270 1957 335 201

112 405 252 455 nam
298 417 407 472 pro
460 393 743 452 concione
776 392 1053 457 ,laudatos
1095 392 1288 453 curuli
1341 408 1478 450 suae
1529 385 1964 473 circumposuit.

111 481 256 539 Mox
292 482 636 551 universum
675 477 989 534 exercitum
1032 498 1336 534 occurrere
1375 479 1591 535 infanti
1624 480 1744 536 filio
1783 483 1970 551 iubet‚·

110 567 520 642 perlatumque
543 575 600 619 et
627 563 1043 636 paludamento
1072 573 1342 638 opertum
1369 563 1502 620 sinu
1529 563 1786 620 retinens
1811 564 1966 622 Ger-

111 651 409 708 manicum
458 648 776 723 appellavit
823 647 1122 723 cinxitque
1164 648 1387 704 cunctis
1428 648 1700 706 fortunae
1742 651 1966 723 princi-

110 736 261 811 palis
289 735 646 808 insignibus:
691 732 912 793 nimius
942 728 1133 789 honos
1167 733 1322 789 inter
1358 734 1611 790 secunda
1650 734 1825 805 rebus
1862 738 1967 791 ad-

112 821 295 878 versis
321 821 386 876 in
411 818 685 878 solatium
717 817 902 874 cessit.

279 915 413 975 LX.
509 914 670 971 Tum
742 916 1031 971 interfecti
1103 915 1476 971 centuriones
1545 917 1971 992 promptissimi

112 999 625 1059 Othonianorum:
683 1001 842 1055 unde
882 1000 1195 1075 praecipua
1236 999 1300 1055 in
1341 999 1650 1058 Vitellium
1693 1003 1967 1060 alienatio

112 1109 219 1163 per
244 1085 513 1164 Illyricos
545 1086 845 1157 exercitus,
932 1085 1109 1141 simul
1150 1095 1371 1140 ceterae
1408 1086 1667 1159 legiones
1699 1098 1971 1144 contactu

114 1185 172 1229 et
206 1174 484 1228 adversus
524 1168 910 1227 Germanicos
946 1170 1161 1227 milites
1200 1170 1427 1226 invidia
1457 1171 1682 1227 bellum
1718 1173 1971 1229 medita-

112 1259 349 1317 bantur.
447 1255 799 1313 Suetonium
837 1253 1180 1312 Paullinum
1214 1274 1279 1310 ac
1316 1253 1616 1312 Licinium
1649 1255 1972 1314 Proculum

113 1343 270 1399 tristi
315 1362 480 1398 mora
526 1341 825 1416 squalidos
863 1340 1084 1409 tenuit,
1155 1341 1342 1396 donec
1394 1341 1582 1418 auditi
1632 1343 1973 1409 necessariis

114 1427 297 1500 magis
336 1425 777 1483 defensionibus
814 1445 991 1500 quam
1035 1421 1298 1481 honestis
1336 1436 1662 1485 uterentur.
1769 1428 2002 1502 prodi-‚2

114 1513 338 1569 tionem
375 1513 534 1568 ultro
575 1511 974 1584 imputabant,
1019 1510 1271 1584 spatium
1305 1511 1467 1584 longi
1504 1523 1638 1567 ante
1678 1513 1969 1586 proelium

115 1597 372 1663 i.tineri5‚
435 1595 836 1669 fatigationem
885 1591 1404 1665 Othonianorum,
1468 1596 1824 1670 permixtum
1862 1617 1975 1654 've-

169 1847 512 1901 perlatumque.
594 1845 671 1889 Sic
711 1845 847 1888 MSS.
885 1846 1007 1890 Flor.

117 1903 234 1956 (test.
257 1902 399 1959 Pieh.)
435 1902 572 1954 Corb.
605 1901 706 1945 edd.
735 1903 855 1960 Spir.
878 1902 1006 1947 Pieh.

96 1957 252 2017 *Lipsii
277 1968 416 2018 postr.
441 1958 576 2002 Grut.
610 1975 706 2017 sqq.
783 1960 1008 2004 Victorius

118 2025 268 2059 tamen
305 2016 521 2060 intactum
561 2016 741 2074 reliquit
767 2022 1009 2072 perlatum

1081 1847 1283 1887 curiones
1295 1846 1642 1899 promptissimi
1663 1845 1717 1888 O.
1778 1846 1853 1891 Sic
1870 1846 1972 1891 MS.

1081 1900 1234 1945 Guelf.
1261 1902 1363 1945 edd.
1389 1902 1492 1945 Put.
1522 1902 1729 1947 Beroald.
1758 1905 1879 1962 (cum
1904 1905 1974 1948 sil.

1079 1958 1220 2014 Viet.)
1247 1977 1347 2017 sqq.
1372 1988 1431 1995 —-
1470 1967 1570 2001 tum
1594 1960 1849 2017 interfectis
1871 1960 1971 2004 cen-

1079 2019 1334 2059 turionibus
1351 2018 1754 2071 prmnptz'ssimz'O.
1770 2020 1838 2062 ed.
1855 2019 1974 2076 Spir.

121 2073 233 2127 (sine
261 2076 386 2130 que),
429 2075 548 2131 quod
581 2074 769 2119 habetur
800 2075 847 2118 in
873 2074 1005 2118 MSS.

120 2130 250 2174 Bodi.
281 2131 364 2174 les.
401 2131 521 2174 Harl.
561 2130 713 2174 Guelf.
752 2132 869 2176 Bud.
904 2133 1005 2176 edd.

118 2188 222 2231 Put.
248 2187 458 2232 Beroald.
482 2204 581 2246 sqq.
605 2189 659 2232 ad
681 2189 941 2234 Pichenam.

178 2275 280 2316 sinu
312 2273 531 2316 retinens.
590 2271 675 2317 Ed.
707 2273 828 2332 Spir.
859 2275 1012 2317 sinum

120 2332 343 2374 retinens.

175 2416 222 2456 in
259 2415 482 2457 solatium
525 2417 675 2458 cessit.
720 2420 723 2429 ⁴
764 2415 1011 2471 Quomodo

123 2473 172 2514 in
213 2475 471 2515 solatium?
536 2473 752 2516 Nesciunt
788 2476 1011 2531 interpre-

119 2539 199 2573 tes.
289 2529 444 2586 Quare
488 2529 672 2572 Dureau
723 2533 776 2574 de
822 2531 1013 2574 Lamalle

123 2587 354 2631 emendat:
389 2587 439 2628 in
465 2590 687 2640 exitium5
727 2588 1010 2633 Woltman-

119 2661 230 2688 nus:
289 2645 338 2686 in
383 2645 609 2697 solidum3
673 2645 1014 2689 strombeekius

121 2701 406 2758 negationem
429 2702 564 2745 addit.
625 2701 913 2747 Gutmannus
940 2703 1013 2745 ad·

123 2758 300 2816 scripsit
339 2758 466 2801 haec:
525 2760 617 2802 Die
651 2761 1015 2803 Verdorbenheit

123 2816 280 2859 dieser
315 2817 486 2860 Worte
519 2817 581 2860 ist
614 2819 898 2872 offenbarer,
940 2820 1014 2860 als

10 2848 17 2858 ι
45 2904 48 2905 ⁷
123 2875 198 2917 die
217 2869 520 2928 Herstellung
541 2877 692 2922 leicht.
747 2876 835 2922 Sed
858 2875 1014 2918 fortas·

124 2945 171 2973 se
210 2946 298 2974 nec
333 2931 646 2974 emendatione
690 2933 879 2990 indiget,
931 2948 1015 2976 nec

122 2988 248 3031 bono
275 3004 404 3031 sensu
435 2996 568 3032 caret.
629 2989 745 3032 Nihil
782 2989 902 3032 enim
935 2991 1014 3032 ab-

125 3043 429 3102 surdi‘video,
464 3045 499 3088 si
534 3046 698 3090 nimius
724 3046 868 3089 honos
900 3047 1019 3090 inter

127 3101 323 3147 secunda
347 3102 511 3147 dicitur
534 3120 635 3146 eum
659 3103 867 3147 habuisse·
886 3120 1018 3148 even-

107 3166 250 3207 tum,
297 3167 346 3201 ut
386 3159 585 3218 pensatio
620 3161 906 3207 adversarum
942 3177 1017 3204 re-

128 3231 232 3258 rum
275 3214 412 3259 fuisse
448 3216 670 3268 videatur,
723 3234 832 3276 quas
867 3226 1018 3275 postea

128 3282 328 3331 expertus
350 3281 429 3319 est.
489 3274 656 3320 Similis
677 3274 811 3333 plane
834 3282 1018 3320 senten-

126 3330 190 3373 tia
211 3329 372 3388 legitur
394 3332 484 3375 An.
497 3332 562 3382 14,
584 3330 656 3379 63.
676 3332 832 3377 Laeta
856 3333 1018 3390 aliqua

130 3387 348 3440 viderant
379 3395 423 3431 et
446 3397 744 3443 praesentem
774 3391 1018 3438 saevitiam

131 3445 340 3502 rnelk'ot‘is
380 3447 497 3493 olim
526 3448 760 3502 fortunae
799 3451 1018 3493 recorda-

134 3501 258 3547 tione
287 3505 520 3548 levabant.

193 3586 298 3633 CAP.
327 3587 398 3630 60.
473 3589 592 3632 Tum
637 3588 874 3645 interfecti
911 3605 1019 3634 cen-

1080 2082 1136 2105 -‘-
1161 2083 1261 2116 tum
1286 2074 1535 2130 interfectis
1555 2078 1842 2120 centuriones
1858 2093 1906 2132 p.
1920 2077 1981 2123 O.

1079 2131 1180 2174 MS.
1205 2131 1315 2189 Reg.
1332 2159 1390 2167 —
1433 2131 1551 2175 Hinc
1578 2130 1801 2189 Gruterus
1824 2134 1972 2177 conie-

1081 2190 1139 2232 cit
1169 2188 1435 2246 legendum:
1465 2190 1699 2245 interfecti
1722 2205 1785 2232 ex
1810 2200 1975 2234 centu-

1081 2248 1309 2297 rionibus,
1349 2262 1483 2304 quam
1518 2247 1738 2303 rationem
1763 2248 1832 2291 vix
1858 2249 1973 2306 pati-

1082 2313 1155 2346 tur
1177 2304 1398 2361 genitivus
1419 2303 1815 2347 Othonianorum.
1867 2305 1976 2348 Sue-

1083 2361 1235 2403 tonius
1261 2359 1351 2404 Vit.
1381 2378 1423 2405 c.
1450 2364 1518 2404 10.
1547 2370 1770 2404 memorat
1795 2362 1973 2405 ceritum

1086 2425 1129 2460 et
1151 2418 1307 2475 viginti
1331 2421 1635 2476 praetorianos
1654 2419 1876 2477 supplicio
1902 2420 1976 2463 ad-

1084 2477 1244 2519 sectos.
1307 2476 1366 2519 cf.
1393 2476 1544 2519 Nostr.
1569 2493 1690 2534 supr.
1723 2479 1761 2524 1,
1783 2478 1855 2519 44.

1142 2554 1370 2590 contactu.
1441 2547 1525 2590 Ed.
1560 2547 1675 2604 Spir.
1715 2553 1976 2597 contractu.

1084 2604 1186 2649 MS.
1213 2602 1360 2646 Guelf.
1392 2614 1632 2647 contactu.-
1661 2603 1741 2648 sed
1773 2602 1918 2648 littera
1950 2621 1977 2647 υ

1085 2671 1150 2705 est
1176 2674 1198 2704 a
1219 2661 1413 2704 secunda
1438 2678 1589 2704 manu.
1641 2659 1700 2705 cf.
1717 2661 1829 2704 Hist.
1853 2661 1976 2723 1311.

1084 2726 1304 2764 contactu
1326 2721 1652 2765 valentiorum.
1683 2730 1687 2733 ’

1144 2792 1268 2832 tristi
1282 2804 1417 2831 mora
1433 2791 1671 2844 squalidos
1684 2790 1858 2834 tenuit.
1885 2789 1977 2860 Rq-

1086 2848 1251 2908 pertius
1276 2845 1403 2889 vult:
1447 2847 1595 2889 tristis
1627 2860 1765 2904 mora
1797 2851 1978 2904 squulla

1085 2910 1170 2949 dos
1205 2906 1387 2951 terruit.
1447 2902 1563 2945 Nam
1595 2905 1705 2948 dura
1739 2903 1829 2962 ipsi,
1857 2905 1979 2953 vide-

1085 2972 1160 3006 tur
1181 2961 1350 3019 ellipsis
1372 2959 1573 3004 subiecti.
1634 2961 1717 3004 Vix
1743 2962 1878 3010 credo
1901 2962 1981 3007 tali
2013 2960 2016 2965 ’

1088 3018 1311 3064 medicina
1349 3034 1462 3076 opus
1493 3027 1606 3062 esse.
1665 3014 1863 3063 Subiecti
1897 3036 1979 3066 uo-

1089 3078 1152 3120 tio
1175 3091 1253 3135 per
1277 3083 1534 3121 contextum
1559 3075 1665 3120 satis
1687 3077 1734 3119 in
1760 3086 1977 3135 promptu

1089 3143 1182 3182 est,
1212 3148 1373 3190 nempe
1405 3133 1637 3177 Vitellius.
1696 3133 1737 3176 Is
1767 3132 1893 3182 viros
1928 3134 1980 3177 il-¹

1088 3192 1154 3235 los
1175 3190 1285 3233 tristi
1311 3205 1436 3232 mora
1459 3189 1687 3245 squalidos
1708 3191 1865 3244 tenuit,
1886 3194 1978 3235 non

1088 3249 1233 3293 statim
1266 3243 1544 3299 cundwin-“in
1574 3264 1789 3306 suspenso
1819 3249 1978 3298 tenuit,

1089 3322 1143 3349 an
1167 3304 1475 3362 reciperent-ur
1497 3303 1546 3351 in
1566 3316 1724 3362 partes.

1142 3362 1493 3418 defensionibus.
1571 3355 1672 3407 MS.
1709 3361 1862 3406 Guelf.
1904 3361 1979 3419 osv

1077 3419 1385 3476 fensiom‘bus.
1409 3435 1468 3458 ⁴-.-.
1517 3418 1625 3463 Mox
1647 3421 1851 3474 spatium
1875 3420 1975 3464 MS.

1089 3477 1124 3520 F
1129 3476 1214 3522 lor.
1249 3475 1528 3532 (test.'.'Vi‹:t,)
1562 3476 1662 3520 edd.
1687 3477 1808 3534 Spir.
1838 3475 1982 3535 [ἱρέα

1088 3534 1296 3589 spacium
1318 3533 1421 3582 MS.
1444 3533 1598 3583 Guelf.
1624 3533 1726 3579 edd.
1748 3533 1852 3579 Put.
1877 3548 1983 3599 ηιμ

1089 3591 1144 3637 ad
1169 3590 1385 3651 Lipsium.
