2138 4030
140 252 192 289 A.
205 249 258 285 U.
274 248 359 283 ⁸⁴24.

142 294 194 328 A.
213 292 271 328 C.
301 293 358 326 ⁷1.

620 252 789 314 LIB.
829 252 932 316 IV.
1009 250 1200 313 CAP.
1241 251 1343 314 42.
1779 256 1907 316 419

57 385 267 459 guium
288 383 563 439 subversa
578 379 923 439 Crassorum
947 393 1004 439 et
1021 376 1268 458 Orphiti
1291 383 1500 440 domus
1525 384 1589 442 in
1616 405 1911 443 summum

53 459 262 527 odium
298 467 599 526 extulerat.
682 478 891 542 sponte
928 487 994 523 ex
1025 466 1087 528 S.
1116 465 1184 526 C.
1222 468 1647 526 accusationem
1686 471 1917 527 subisse

57 554 292 612 iuvenis
337 553 656 608 admodum
695 572 803 608 nec
839 552 1175 626 depellendi
1208 552 1456 626 periculi
1495 555 1595 610 sed
1637 556 1701 611 in
1749 575 1911 631 spem

58 638 354 715 potentiae
379 637 710 696 videbatur.
783 648 841 693 et
863 635 1128 712 Sulpicia
1152 635 1516 695 Praetextata
1542 636 1737 696 Crassi
1762 661 1912 697 uxor

57 735 450 802 quattuorque
482 722 685 790 liberi,
738 723 787 776 si
821 734 1194 794 cognosceret
1231 733 1494 791 sentium,
1547 724 1767 780 ultores
1804 727 1913 781 ad-

50 820 242 869 erant.
328 807 509 880 igitur
541 805 818 862 Messalla
863 827 987 863 non
1033 827 1265 862 causam
1305 827 1496 883 neque
1534 827 1702 865 reum
1741 810 1911 879 tueri,

54 896 161 951 sed
190 892 482 972 periculis
521 891 719 948 fratris
757 905 940 949 semet
981 912 1287 967 opponens
1327 893 1565 950 flexerat
1605 895 1912 970 quosdam.

65 976 347 1036 Occurrit
374 977 528 1034 truci
560 978 826 1033 oratione
851 975 1092 1034 Curtius
1119 976 1445 1035 Montanus
1471 998 1538 1035 eo
1564 998 1750 1055 usque
1773 999 1915 1052 pro-

58 1080 315 1138 gressuS‚
357 1074 424 1118 ut
450 1073 585 1137 post
615 1063 851 1118 caedem
882 1060 1109 1119 Galbae
1135 1063 1330 1118 datam
1358 1063 1719 1120 interfectori
1743 1061 1916 1119 Piso-

53 1149 153 1206 nis
181 1147 491 1223 pecuniam
522 1168 552 1203 a
579 1145 810 1221 Regulo
842 1147 1284 1224 adpetitumque
1314 1168 1516 1205 morsu
1545 1147 1781 1205 Pisonis
1819 1169 1916 1204 ca-

59 1243 167 1310 put
191 1233 529 1292 obiectaret.
618 1231 795 1302 „Hoc
826 1243 978 1290 certe
994 1231 1037 1302 '',
1072 1233 1285 1310 inquit,
1324 1232 1684 1303 „Neronon
1713 1233 1917 1307 coegit,

121 1399 319 1454 Orphiti.
377 1397 557 1441 Nomen
581 1398 685 1441 satis
718 1396 951 1455 cognitum
1024 1413 1047 1440 e
1079 1395 1196 1442 Plin.
1231 1413 1331 1455 epp.
1361 1400 1403 1450 2,
1434 1401 1501 1443 11.

60 1475 111 1501 ex
125 1458 216 1502 An.
234 1455 383 1506 1241.
409 1455 559 1504 16,12.
600 1455 686 1499 Hie
707 1465 877 1497 veteres
903 1455 951 1498 li·

59 1516 129 1558 hri
157 1513 338 1557 variant.
398 1511 640 1570 Vulgatum
670 1520 821 1555 tenent
852 1513 951 1555 edd.

61 1570 239 1615 Pute‘ol.
264 1586 360 1628 sqq.
408 1593 464 1604 -—
528 1569 669 1627 Orfiti
697 1570 797 1612 MS.
828 1569 954 1611 Flor.

58 1638 169 1674 teste
214 1626 431 1670 Victorio.
493 1651 550 1661 —
640 1627 845 1681 Orphieii
883 1627 954 1672 vel

66 1686 272 1739 Orpht'cii
292 1684 425 1727 MSS.
450 1684 603 1728 Guelf.
627 1684 759 1727 Bodl.
784 1685 867 1727 les.
896 1707 955 1717 —

65 1743 213 1799 Orfito
237 1745 404 1784 domus
427 1742 564 1786 MSS.
583 1741 693 1799 Reg.
709 1741 816 1796 Agr.
830 1741 957 1785 Harl.

62 1803 102 1855 (a
147 1801 338 1843 secunda
377 1802 531 1855 manu)
571 1801 714 1842 Vatic.
754 1799 879 1843 1958.
915 1798 955 1853 (a

60 1857 265 1901 secunda
291 1859 446 1914 manu}
471 1857 542 1901 ed.
567 1857 686 1914 Spir.

119 1917 375 1957 extulerat.
466 1914 551 1959 Ed.
594 1915 710 1974 Spir.
768 1917 957 1957 extule-

62 1979 283 2082 rassfsbme
320 2043 383 2072 ex
415 2027 464 2071 S.
501 2029 548 2072 C.
631 2029 706 2073 sic
736 2027 874 2073 mss,
916 2039 957 2070 et

1569 1400 1744 1443 Eodem
1779 1400 1918 1443 modo

1024 1455 1200 1513 pridem
1224 1454 1464 1500 Rhenanus
1485 1457 1709 1515 vulgatam
1731 1457 1920 1514 scriptu·

1024 1529 1119 1555 ram
1153 1513 1433 1570 explicuerat.
1502 1514 1726 1558 Persuasit
1757 1514 1920 1556 Brote-

1026 1570 1121 1612 rius
1149 1569 1398 1620 Obeano,
1445 1579 1494 1614 ut
1528 1573 1666 1615 verba
1703 1586 1766 1614 ex
1790 1572 1838 1614 S.
1868 1572 1919 1615 C.

1027 1627 1262 1677 cancellis,
1309 1629 1471 1686 quibus
1504 1629 1736 1672 Ernestius
1771 1628 1919 1671 inclu-

1027 1692 1168 1737 serat,
1212 1685 1420 1729 liberaret
1454 1696 1494 1729 et
1529 1703 1685 1729 sanum
1719 1702 1810 1730 esse
1849 1686 1922 1728 lo-

1030 1758 1135 1785 cum
1179 1742 1503 1800 pronuntiaret.
1587 1742 1812 1786 Belzkerus
1851 1751 1921 1785 ta-

1030 1815 1135 1840 men
1163 1799 1388 1842 cancellos
1411 1802 1608 1849 reduxit,
1647 1809 1688 1842 et
1712 1801 1812 1843 satis
1840 1817 1920 1844 ve-

1030 1855 1215 1899 risimile
1240 1864 1303 1900 est
1320 1857 1475 1900 vitium
1504 1858 1685 1914 aliquod
1711 1858 1858 1901 latere.

1085 1915 1274 1956 subisse.
1336 1914 1411 1957 Sic
1444 1915 1578 1959 MSS.
1614 1914 1763 1958 Guelf.
1799 1914 1924 1958 Harl.

1029 1970 1160 2013 Bodl.
1197 1971 1295 2016 edd.
1331 1971 1433 2015 Put.
1466 1973 1672 2016 Beroald.
1706 1973 1828 2027 (cum
1854 1972 1923 2015 ‘si-

1028 2029 1133 2071 lent.
1149 2028 1287 2080 Vict.)
1299 2028 1402 2071 Ale.
1416 2029 1590 2072 Ernest.
1603 2029 1725 2074 Brot.
1751 2046 1850 2088 sqq.
1866 2054 1925 2062 --

66 2095 166 2129 vett.
190 2087 290 2128 edd.
352 2086 413 2130 At
438 2087 610 2144 quaerit
630 2086 827 2144 Lipsius:
866 2086 953 2140 „Si

64 2161 111 2186 ex
134 2144 180 2187 S.
204 2143 253 2186 C.
276 2144 435 2195 subiit,
464 2144 698 2200 quomodo
722 2144 957 2202 sponte?'’

65 2201 328 2259 Suspicatur
363 2201 602 2300 lqundum
633 2217 749 2244 esset
791 2207 956 2256 sponte

62 2275 142 2302 nec
189 2259 237 2302 S.
281 2258 330 2301 C.
462 2258 625 2301 robant
668 2258 860 2301 Pichena
915 2264 957 2299 et

63 2314 418 2360 strombeckius.
477 2314 636 2358 Priore
662 2325 865 2372 tempore
878 2314 955 2357 Li-

64 2375 183 2433 psius
218 2371 451 2417 volnerata
499 2382 663 2426 sponte
708 2380 752 2415 et
791 2374 956 2416 incon·

65 2433 206 2476 sult0.
265 2428 532 2472 Maluerixn:
571 2438 735 2484 sponte
770 2437 816 2471 et
848 2444 951 2472 con·

65 2491 205 2530 sulco.
241 2485 302 2530 cf.
325 2487 510 2530 Sueton.
537 2486 641 2531 Oct.
665 2504 704 2531 c.
727 2486 795 2534 15.
857 2486 958 2530 Aci·

66 2545 206 2588 dalius
222 2541 344 2587 vult:
365 2559 458 2586 non
475 2559 540 2587 ex
553 2544 602 2587 S.
619 2543 667 2587 C.
680 2548 766 2587 sed
777 2550 960 2599 sponte,

64 2599 406 2660 transponitque
438 2601 547 2645 haec
569 2602 706 2646 verba
739 2609 839 2659 post
868 2603 960 2643 ad-

67 2663 273 2702 modum.
375 2658 618 2702 Rhenanus
692 2658 961 2703 coniectavit

67 2732 129 2760 ex
169 2731 247 2768 se,
295 2716 416 2774 quod
457 2724 593 2759 exstat
636 2715 682 2758 in
718 2715 818 2759 MS.
851 2717 960 2772 Agr.

50 2773 289 2830 ‚Gruterus
326 2774 458 2817 etiam
490 2788 555 2815 ex
585 2773 636 2817 S.
664 2775 711 2817 C.
747 2773 960 2817 credebat

67 2840 217 2874 ortum
240 2847 262 2872 e
285 2831 477 2874 vocibus
499 2846 562 2873 ex
583 2845 654 2883 se,
684 2847 794 2889 quas
818 2829 961 2872 libra-

68 2888 161 2931 rius
182 2903 279 2986 Eros
304 2888 670 2944 interpretatione
706 2888 960 2944 adposuerit

69 2961 179 2990 voca
215 2945 291 2988 ulo
323 2953 501 3000 sponte.
560 2944 683 2988 Eunt
707 2945 751 2987 iu
775 2945 961 2987 eandem

69 3002 333 3045 seutentiam
370 3000 554 3045 Dureau
594 3003 648 3044 de
683 3001 879 3044 Lamalle
920 3011 963 3045 et

71 3059 357 3103 Guttnannus
389 3059 664 3116 eiiciuntque
692 3073 848 3102 vocem
874 3058 962 3101 du·-

68 3115 208 3160 biam.
287 3116 517 3174 Bipontini
566 3117 741 3174 legunt:
793 3124 962 3169 sponte

68 3181 183 3216 ante
223 3188 369 3230 quam
410 3173 473 3216 ex·
509 3172 558 3218 S.
598 3175 646 3217 G.
728 3173 961 3227 Broterius

71 3246 174 3274 cum
213 3230 378 3273 'fluetio'
429 3240 578 3274 censet
628 3230 961 3274 accusationem

69 3287 320 3333 decrevisse
369 3295 598 3331 senatum:
659 3288 712 3331 ad
762 3287 863 3331 'eam
914 3303 960 3330 se

71 3355 229 3402 sponte
257 3345 468 3388 obtulisse
491 3344 758 3403 Vipstanum
781 3344 964 3388 Messal-

71 3401 173 3447 lam.
233 3402 436 3446 Breviter
466 3417 601 3459 ergo,
644 3402 720 3444 sed
758 3411 965 3446 accurate

71 3456 276 3502 Tacitum
304 3452 555 3516 scripsisse:
599 3467 765 3512 sponte
795 3474 859 3502 ex
886 3473 962 3502 se-

73 3522 216 3559 notus
249 3521 469 3559 consulto.
528 3515 790 3572 Exemplum
825 3531 966 3559 accu-

72 3572 253 3616 sationis
280 3589 303 3616 a
328 3583 483 3617 senatu
518 3574 722 3617 decretae
758 3573 966 3617 adferunt

1027 2087 1218 2128 subiisse
1260 2086 1363 2128 edd.
1401 2087 1521 2144 Spir.
1559 2086 1704 2131 Rhen.
1736 2103 1831 2144 sqq.
1866 2088 1923 2131 ad

1028 2142 1297 2187 Ernestium.
1330 2142 1391 2186 cf.
1417 2145 1510 2188 An.
1535 2144 1602 2192 11,
1625 2144 1696 2190 27.

1086 2201 1136 2241 in
1166 2215 1309 2253 spem.
1369 2201 1471 2245 MS.
1495 2199 1648 2244 Guelf.
1684 2203 1733 2244 in
1763 2203 1926 2257 specie,

1027 2256 1203 2315 vulgari
1228 2257 1353 2301 vitio.
1829 2272 1836 2277 ⁴

1084 2316 1302 2366 Sulpicia.
1363 2314 1441 2359 Sic
1463 2315 1564 2358 edd.
1592 2316 1711 2374 Lips.
1737 2332 1834 2374 sqq.
1869 2340 1926 2349 —

1029 2371 1233 2426 Sulpicio.
1269 2373 1370 2416 edd.
1401 2374 1578 2416 Puteol.
1618 2390 1719 2430 sqq.
1754 2374 1809 2416 ad
1847 2374 1923 2417 Li-

1030 2430 1192 2486 psium.
1244 2453 1299 2460 -
1368 2433 1588 2484 supplicia
1633 2431 1766 2474 MSS.
1799 2431 1924 2474 Flor'.

1029 2489 1150 2551 (testt
1167 2486 1305 2544 Vici.)
1320 2486 1467 2533 Guelf.
1483 2488 1599 2531 Bud.
1617 2505 1724 2533 cum
1745 2487 1925 2546 ed.'Spi-

1031 2559 1169 2587 reust.
1774 2584 1776 2587 ,

1093 2599 1254 2642 Crassi
1273 2615 1412 2645 uxor.
1475 2602 1524 2644 ln
1543 2602 1804 2661 MSS.Reg.
1821 2602 1927 2661 Agr.

1032 2657 1101 2701 ed.
1120 2657 1238 2714 Spir.
1262 2658 1534 2703 vocabulum
1556 2655 1684 2702 uxor
1705 2676 1796 2702 non
1824 2659 1929 2719 legi·

1032 2724 1120 2762 tur,
1137 2715 1269 2771 idque
1283 2717 1432 2758 abesse
1451 2732 1577 2773 posse
1592 2725 1742 2759 censet
1757 2717 1928 2775 Lipsius

1033 2773 1286 2827 docentque
1322 2774 1532 2830 exempla.
1574 2773 1634 2818 cf.
1666 2776 1756 2818 An.
1792 2775 1927 2823 4,11.

1028 2844 1118 2884 per·
1154 2830 1397 2880 Apicatam
1433 2831 1627 2882 Seiani,
1665 2839 1707 2874 et
1743 2841 1837 2875 unt.
1873 2833 1929 2876 ad

1032 2889 1125 2931 An.
1152 2887 1215 2937 12,
1247 2889 1283 2928 1.
1309 2888 1390 2930 sub
1418 2903 1463 2931 v.
1490 2887 1713 2932 Lolliam.

1091 2944 1234 2996 igitur
1247 2943 1487 2989 Messalla.
1546 2945 1648 2988 MS.
1663 2944 1816 2990 Guelf.
1847 2947 1931 3000 iga-

1034 3009 1114 3044 tur
1149 3001 1442 3044 Messallam.
1517 3002 1641 3045 Idem
1677 3019 1781 3046 mox
1818 3019 1930 3046 ora--

1034 3059 1186 3100 tiones
1210 3074 1292 3116 pro
1316 3061 1546 3103 oratione.

1090 3118 1457 3170 adpetitumque.
1519 3117 1585 3161 Co
1620 3117 1740 3161 ulam
1761 3133 1848 3176 que
1861 3118 1933 3160 Pi-

1035 3172 1171 3217 ebena
1204 3172 1372 3214 addidit
1403 3189 1426 3215 e
1461 3173 1565 3218 MS.
1637 3174 1750 3226 lor.,
1799 3191 1933 3233 quam

1033 3229 1093 3272 ibi
1126 3229 1276 3272 adesse
1308 3238 1495 3274 testatur
1520 3231 1659 3275 etiam
1687 3232 1932 3276 Victorius.

1035 3287 1185 3329 Exstat
1227 3285 1380 3328 eadem
1415 3287 1461 3337 in
1497 3288 1598 3333 MS.
1635 3289 1742 3350 Reg.
1779 3298 1821 3332 et
1861 3289 1934 3334 ed·

1035 3342 1254 3401 Spirensi.
1315 3340 1557 3389 O'n'iittitur
1588 3363 1694 3390 vero
1726 3348 1772 3388 in
1797 3343 1936 3389 MSS.

1038 3399 1189 3444 Guelf.
1227 3399 1359 3444 Bodl.
1402 3402 1484 3447 les.
1528 3402 1648 3446 Bud.
1698 3402 1798 3445 edd.
1833 3402 1934 3446 Put.

1039 3473 1138 3515 sqq.
1164 3456 1218 3499 ad
1246 3456 1505 3504 Piehenam.

1094 3516 1182 3556 hoc
1210 3520 1351 3558 certe.
1411 3516 1490 3561 Sic
1512 3515 1647 3560 MSS.
1671 3515 1796 3559 Flor.
1819 3517 1937 3572 (test.

1040 3569 1232 3629 Ryckio)
1271 3571 1386 3629 Agr.
1430 3573 1532 3618 edd.
1570 3574 1686 3634 Spir.
1721 3572 1935 3619 Beroald.

1179 3632 1369 3694 Dde
