2138 4030
1441 61 1503 84 .,’·

1744 271 1796 305 Δ.
1817 268 1868 306 U.
1884 270 1965 306 823.

771 244 1476 335 HISTORIARUM
1743 311 1862 351 ...a
1906 313 1967 361 ψ.

336 391 439 438 '54.
481 392 688 438 Vitellius
727 394 860 440 stulta
897 391 1255 439 dissimulatione
1289 391 1427 438 cladis
1460 394 1514 438 ad
1548 394 1822 443 Cremonam
1855 399 2051 446 remedia

196 452 422 502 malorum
458 451 618 496 differt.
678 451 895 498 Notabilis
927 451 1176 495 constantia
1202 450 1303 494 lulii
1331 451 1544 508 Agrestis.
1616 452 1688 496 55.
1722 453 1926 499 Vitellius
1952 465 1999 500 ut
2028 473 2052 500 e

194 524 358 555 somno
389 508 556 553 excitus
586 509 880 568 Apenninum
917 508 1113 553 obsideri
1146 507 1293 558 iubet,
1334 509 1532 552 honores
1566 510 1778 567 largitur,
1826 513 1874 556 in
1907 521 2050 558 castra

196 566 334 611 venit.
427 566 499 610 56.
541 566 768 625 Prodigia.
845 566 1138 626 praecipuum
1179 566 1273 623 ipse
1317 565 1525 609 Vitellius
1571 576 1823 622 ostentum,
1869 568 2050 628 ignarus

194 624 401 676 militiae,
459 621 742 681 improvidus
787 623 989 671 consilii,
1045 622 1238 665 Romam
1290 625 1471 666 revertit
1515 627 1749 683 perculsus
1797 625 2051 671 defectione

196 682 462 725 Misenensis
484 681 654 725 classis.
713 682 781 724 57.
809 679 1047 724 Puteolani
1073 679 1368 737 Vespasiano,
1404 681 1556 739 Capua
1581 681 1760 726 Vitellio
1779 682 1920 728 favet.
1980 684 2048 728 Cl.

195 740 391 783 lulianus
421 739 467 781 in
501 749 648 795 partes
672 738 927 796 Vespasiani
959 737 1144 788 transit,
1173 739 1248 794 qui
1273 737 1566 781 Tarracinam
1591 749 1799 799 occupat.
1861 741 1930 785 58.
1963 741 2046 785 Vi-

194 795 343 840 tellius
379 797 566 839 fratrem
597 796 785 838 Lucium
821 794 1050 855 belloper
1074 792 1365 852 Campaniam
1399 795 1603 854 opponit.
1676 798 1774 857 lpse
1798 797 1971 843 Romae
1999 816 2048 843 ex

193 855 324 913 plebe
350 862 392 896 et
417 854 609 899 servitiis
642 854 883 897 exercitum
916 851 1139 901 corradit‚
1171 851 1246 908 qui
1280 851 1404 894 brevi
1440 847 1666 898 dilabitur.
1749 854 1818 899 59.
1851 856 2047 900 Flaviani

191 912 483 970 Apenninum
519 919 776 955 transeunt:
817 911 871 954 ad
894 926 968 952 eos
994 908 1182 951 Cerialis
1207 907 1373 952 Vitellii
1395 910 1618 954 custodias
1646 911 1820 970 elapsus
1850 913 1972 959 venit
2005 921 2048 958 et

194 971 310 1013 inter
336 969 472 1012 duces
505 966 770 1011 adsumitur.
845 968 916 1010 60.
951 966 1132 1023 Pugnae
1157 964 1312 1009 avidos
1342 964 1504 1010 milites
1535 984 1664 1027 aegre
1696 969 1875 1014 cohibet
1894 974 2040 1015 Anto-

195 1028 308 1070 nius.
366 1027 439 1068 61.
464 1024 556 1067 lam
579 1026 736 1068 crebra
759 1025 870 1066 fiunt
896 1025 949 1066 ad
963 1023 1284 1080 Vespasianum
1306 1025 1564 1083 transfugia.
1621 1026 1804 1070 Priscus
1827 1028 2044 1086 etAlphe-

191 1101 279 1127 nus
306 1092 446 1127 castra
479 1082 689 1126 deserunt
723 1082 778 1125 ad
803 1080 1030 1124 Vitellium
1063 1080 1250 1137 regressi
1328 1081 1399 1123 62.
1424 1081 1496 1125 63.
1519 1081 1658 1125 Caeso
1672 1082 1861 1129 Valente
1886 1086 2044 1144 despe-

190 1141 420 1186 rabundus
454 1140 581 1182 miles
612 1140 694 1182 sub
729 1139 864 1196 signis
901 1138 1166 1195 vexillisque
1198 1139 1253 1182 ad
1286 1137 1808 1197 Vespasianunrtransit.
1883 1143 1971 1186 Pax
2003 1152 2046 1186 et

191 1199 307 1242 salus
333 1198 582 1240 offeruntur
608 1195 814 1245 Vitellio,
845 1197 880 1239 si
906 1213 951 1238 se
978 1196 1124 1238 dedat.

362 1254 434 1298 64.
466 1254 648 1299 Flavius
671 1253 865 1297 Sabinus
904 1254 1026 1296 urbis
1067 1250 1317 1309 praefectus
1361 1252 1529 1296 frustra
1572 1254 1784 1300 incitatur
1816 1257 1871 1300 ad
1901 1272 2046 1302 arma}

190 1313 261 1357 65.
292 1312 413 1370 pacis
447 1327 597 1354 ainans
627 1312 680 1355 de
705 1327 813 1370 pace
836 1313 924 1368 agit
949 1327 1053 1354 cum
1078 1309 1261 1352 Vitellio
1296 1311 1368 1353 66.
1403 1310 1564 1354 cedere
1594 1322 1772 1369 parato,
1804 1315 1849 1356 ni
1878 1315 1944 1358 sui
1971 1332 2043 1358 re-

191 1372 458 1414 niterentur.
539 1370 609 1412 67.
639 1369 709 1412 68.
742 1369 794 1412 lli
827 1368 952 1426 pullo
986 1368 1153 1411 amictu
1184 1368 1344 1425 palatio
1370 1368 1622 1422 degressum
1649 1380 1689 1413 et
1712 1387 1797 1428 pro
1823 1372 2078 1416 concione*

191 1429 350 1471 cedere
372 1443 418 1469 se
439 1426 633 1485 imperio
655 1435 895 1470 testantem
917 1442 968 1468 eo
990 1425 1137 1468 redire
1161 1435 1344 1482 cogunt.
1419 1427 1491 1468 69.
1523 1426 1706 1470 Interim
1729 1429 1922 1472 Sabinus
1947 1445 2040 1472 rem

189 1486 415 1543 publicam
451 1492 704 1541 susceperat
736 1485 863 1542 eique
895 1483 1080 1525 aderant
1100 1482 1292 1525 Romani
1327 1483 1476 1525 omnis
1512 1483 1681 1527 ordinis
1695 1509 1712 1537 ,ν
1745 1485 2044 1530 frementibus

191 1542 472 1585 Germanicis
518 1542 796 1584 cohortibus.
886 1540 1123 1583 Modicum
1166 1540 1384 1596 proelium
1433 1541 1711 1598 Vespasianis
1758 1559 2040 1602 prosperum.

187 1601 380 1644 Sabinus
405 1598 677 1657 Capitolium
702 1609 918 1655 occupat,
960 1596 1082 1654 quod
1118 1597 1187 1641 70.
1221 1598 1358 1640 Corn.
1383 1597 1587 1642 Martiale
1619 1598 1783 1644 frustra
1815 1602 1870 1643 ad
1898 1601 2039 1643 Vitel-

189 1657 298 1701 lium
330 1656 466 1699 misso
499 1657 572 1699 71.
598 1655 824 1699 Vitelliani
851 1662 1136 1714 oppugnant,
1164 1655 1425 1698 incendunt.
1504 1657 1574 1699 72.
1603 1656 1673 1700 De
1700 1657 1930 1714 prioribus
1953 1660 2043 1701 Ca-

188 1714 333 1774 pitolii
369 1714 466 1757 satis
503 1714 735 1774 digressio.
812 1714 884 1758 73.
923 1710 1152 1755 Vitelliani
1185 1721 1347 1755 cuncta
1380 1714 1619 1770 sanguine,
1659 1711 1806 1762 ferro,
1845 1715 2042 1760 flammis

189 1773 396 1817 miscent.
456 1772 661 1816 Flavium
691 1771 910 1815 Sabinum
943 1779 985 1813 et
1006 1769 1210 1814 Atticum
1242 1770 1475 1812 consulem
1505 1771 1701 1829 capiunt.
1770 1771 1843 1816 74.
1876 1773 2040 1816 Domi-

187 1833 335 1874 tianus
363 1830 606 1873 sacricolae
635 1829 788 1873 babitu
824 1826 1055 1872 delitescit.
1146 1826 1339 1870 sabinus
1369 1827 1513 1871 invito
1547 1828 1730 1873 Vitellio
1767 1829 2037 1877 trucidatur.

189 1889 262 1933 75.
294 1887 446 1932 Sabini
471 1887 640 1930 laudes.
702 1886 882 1930 Atticus
907 1893 1123 1928 servatur.

358 1945 428 1988 76.
458 1945 528 1990 77.
560 1943 801 1987 Tarracina
829 1960 851 1986 a
879 1944 926 1987 L.
948 1941 1134 1986 Vitellio
1165 1941 1343 1984 obsessa
1369 1950 1411 1984 et
1434 1950 1578 1999 capta.
1636 1942 1835 1988 Iulianus
1866 1945 2039 2004 iugula-

188 2013 279 2049 tur.
337 2002 537 2047 Triariae
567 2001 868 2045 immodestia.
934 2001 1004 2044 78.
1040 1998 1246 2044 Flaviani
1279 1999 1503 2043 incertum
1534 2000 1725 2044 Antonii
1757 2003 1813 2045 a‘n
1838 2002 2038 2047 Muciani

188 2062 320 2119 culpa
351 2068 632 2110 cunctantes,
672 2059 837 2102 obsessi
864 2058 924 2101 Ca
961 2057 1073 2102 itolii
1105 2056 1222 2099 fama
1253 2056 1381 2098 exciti
1414 2058 1484 2100 79.
1518 2057 1571 2100 ad
1599 2058 1758 2102 urbem
1785 2070 2040 2118 properant.

189 2120 271 2163 lbi,
298 2127 505 2174 equestre
546 2116 768 2175 proelium
801 2075 965 2160 Ceriali
1007 2115 1262 2158 adversum.
1349 2114 1421 2156 80.
1452 2116 1520 2157 81.
1554 2115 1756 2158 Vitellius
1798 2117 1964 2172 legatos
1997 2128 2039 2160 et

187 2175 391 2220 Vestales
416 2175 608 2232 virgines
632 2171 715 2231 pr‘o
739 2189 847 2231 pace
872 2181 946 2215 aut
972 2171 1161 2215 induciis
1189 2171 1343 2220 mittit,
1375 2188 1458 2215 nec
1481 2173 1668 2214 obtinet.
1736 2174 1806 2217 82.
1838 2175 2036 2218 Flaviani

186 2232 414 2292 tripartito
434 2232 609 2288 agmine
631 2230 732 2273 urbi
757 2231 1076 2288 propinquant.
1111 2227 1238 2269 Varia
1261 2228 1322 2269 ibi
1347 2228 1528 2272 fortuna
1551 2238 1786 2287 pugnatur.
1833 2231 1901 2275 83.
1929 2233 2035 2274 Foe-

188 2291 244 2334 da
267 2289 541 2335 lascivientis
562 2289 685 2332 urbis
706 2287 844 2331 facies
864 2295 1114 2346 spectatore
1138 2284 1309 2342 populo
1331 2296 1373 2329 et
1395 2284 1548 2347 plausu
1571 2286 1769 2330 diversas
1793 2298 1935 2346 partes
1962 2290 2034 2332 fo-

188 2357 333 2392 vente.
404 2348 475 2390 84.
507 2347 660 2391 Castra
686 2345 906 2401 praetoria
940 2350 1265 2402 expugnantur.
1334 2344 1404 2386 85.
1437 2342 1648 2386 Vitellius
1678 2362 1702 2388 e
1731 2346 1935 2403 pudenda
1970 2348 2034 2390 la-

187 2407 311 2451 tebra
335 2412 591 2462 protractus
608 2410 651 2445 et
672 2403 957 2449 contumeliis
978 2401 1177 2445 adfectus
1202 2401 1255 2442 ad
1269 2399 1509 2443 Gemonias
1528 2402 1809 2458 propellitur.
1854 2405 1923 2449 86.
1938 2405 2038 2448 Vita

188 2463 357 2513 Vitellii
380 2477 633 2521 moresque.
694 2460 982 2505 Domitianus
1002 2458 1163 2503 Caesar
1191 2458 1511 2503 consalutatur.
1571 2457 1707 2504 Gesta
1732 2476 1825 2505 uno
1849 2462 2033 2508 eodeni-

188 2538 275 2581 que
304 2537 440 2568 anuo.

195 269 322 330 252

354 2768 400 2830 I.
463 2740 731 2827 Meliore
762 2770 885 2826 fato
921 2767 1151 2843 fideque
1182 2766 1441 2841 partium
1470 2764 1887 2826 Flavianarum
1923 2771 2003 2828 du
2024 2807 2036 2817 ·

188 2875 280 2912 ces
306 2856 549 2915 consilia
571 2856 712 2932 belli
733 2853 1077 2912 tractabant.
1148 2850 1533 2910 Petovionem
1556 2852 1622 2908 in
1644 2850 1894 2912 hiberna
1915 2867 2035 2916 ter-

695 3044 1537 3092 COMMENTARIUS.

247 3134 357 3178 (ΞΜ).
381 3137 420 3178 1.
473 3133 803 3190 Meliorefato.
859 3130 1073 3190 Ed.spir.

190 3194 381 3238 recellere
391 3191 543 3247 sacto.

178 3285 191 3287 -
252 3250 463 3303 partium
525 3248 892 3293 Flavianarum.
998 3244 1076 3288 Sic

189 3307 323 3353 MSS.
356 3307 481 3353 Flor.
518 3307 652 3360 (teste
687 3305 777 3349 lac.
807 3302 1074 3358 Gronovio)

192 3363 348 3412 Guelf.
403 3362 504 3406 edd.
537 3361 654 3419 Spir.
701 3363 803 3404 l'ut.
836 3362 904 3405 M.
941 3370 982 3404 et
1015 3358 1073 3405 V.

191 3418 404 3467 Beroald.
429 3421 552 3476 (cum
573 3418 717 3461 silent.
741 3417 878 3476 Viet.)
901 3418 1003 3462 Alc.
1032 3426 1074 3460 et

188 3476 353 3524 deinde
375 3478 467 3524 lac.
490 3475 695 3520 Gronov.
719 3491 814 3533 sqq.
848 3500 906 3511 --
950 3477 1073 3519 Fla-

190 3538 444 3587 vinetorum
461 3534 670 3591 partium
694 3533 795 3576 edd.
810 3533 951 3580 Rhea.
968 3532 1074 3579 Ald.

193 3611 290 3655 sqq.
317 3593 371 3639 ad
395 3593 482 3640 lar..
508 3590 806 3639 Gronovium.

1203 3129 1263 3172 Pe
1270 3130 1534 3174 mulonem.-
1575 3129 1652 3174 Sic
1668 3131 1767 3176 MS.
1778 3132 1900 3181 Flor.
1917 3136 2033 3188 (test.

1147 3186 1293 3242 Vict.)
1329 3186 1431 3230 edd.
1464 3187 1664 3232 Rhenan.
1698 3189 1801 3233 Ald.
1836 3207 1856 3233 s
1891 3206 1934 3248 q.
1976 3220 2034 3228 ——

1148 3245 1466 3312 Poetimonem
1502 3243 1574 3313 ed.
1596 3244 1626 3288 S
1658 3247 1711 3291 ir.
1739 3274 1799 3284 -
1899 3257 2031 3292 oeco—

1145 3315 1336 3343 monem
1366 3300 1470 3344 MS.·
1494 3302 1610 3345 (zuel
1635 3334 1646 3345 .
1675 3302 1774 3349 edd.
1805 3304 1907 3349 Put.
1942 3305 2030 3352 Be-

1145 3357 1633 3472 El)aiiiscssifiio-1Hbu?l
1625 3361 2035 3468 eciliffiltlisl'dietliaffivsicff

1143 3489 1268 3516 nem.
1349 3473 1410 3517 cf.
1441 3472 1623 3522 Gruter.
1656 3491 1710 3530 p.
1739 3474 1836 3521 583.
1874 3493 1943 3531 nc.
1963 3478 2031 3528 8.,
2090 3492 2096 3496 ’

1145 3546 1191 3588 p.
1215 3530 1320 3632 {gg
1366 3531 1530 3632 nr.52.,
1587 3548 1633 3591 p.
1658 3531 1771 3577 529.
1803 3549 1890 3586 nr.⁴
1913 3535 1955 3580 5.
1985 3545 2030 3581 et

1146 3605 1191 3648 p.
1302 3620 1314 3633 .
1344 3603 1417 3632 nr.
1471 3620 1484 3632 .
