2138 4030
1773 250 1828 290 A'.
1842 253 1899 291 U·
1908 252 1997 287 823.

1771 297 1828 334 A.
1847 294 1897 336 C.
1934 297 1998 336 w.

220 262 345 324 224
792 254 1498 321 HISTORIARUM

207 392 534 478 ¹conspicua
564 383 906 459 altitudine,
942 395 1184 462 repente
1207 386 1571 462 prociderat,
1613 405 1680 443 ac
1713 400 1946 464 postera
1981 365 2078 447 die

221 481 428 537 eodem
488 476 732 550 vestigio
790 491 1103 546 resurgens
1167 491 1413 547 procera
1479 483 1539 529 et
1592 470 1772 529 latior
1831 475 2080 537 virebat.

221 566 443 640 grande
477 563 540 619 id
565 557 1029 638 prosperumque
1055 576 1346 615 consensu
1372 553 1754 632 haruspicum
1770 604 1787 628 ,
1830 558 1888 617 e't
1919 579 2081 628 sum-

217 672 314 708 ma
336 649 624 707 claritudo
649 644 853 703 iuveni
873 643 1196 699 admodum
1207 640 1570 720 Vespasiano
1593 643 1899 718 promissa.
1978 648 2080 702 sed

216 737 412 813 primo
465 727 847 807 triumphalia
870 739 951 802 *et
998 727 1334 785 consulatus
1381 739 1438 785 et
1487 725 1762 785 Iudaicae
1801 729 2082 788 victoriae

218 824 395 879 decus
421 819 691 895 implesse
714 815 892 871 fidem
914 813 1132 871 ominis
1150 812 1534 871 videbantur:
1576 824 1646 870 ut
1666 811 1811 872 haec
1835 815 2082 892 adeptus

219 919 334 978 est,
371 903 648 982 portendi
671 900 785 957 sibi
811 899 1128 975 imperium
1154 899 1445 959 credebat.
1530 895 1642 956 Est
1666 897 1946 957 Iudaeam
1979 901 2078 958 in-
2133 880 2138 990 ⁴

142 1036 144 1039 >
219 1005 308 1072 ter
343 991 694 1069 Syriamque
724 982 1058 1042 Carmelus:
1102 985 1185 1041 ita
1219 995 1434 1042 vocant
1465 996 1730 1041 montem
1767 986 2082 1064 deumque.
2135 991 2138 1044 4

218 1099 326 1136 nec
363 1075 747 1133 simulacrum
782 1071 892 1127 deo
930 1082 1033 1129 aut
1070 1070 1386 1145 templum:
1439 1069 1523 1126 sic
1558 1071 1853 1128 tradidere
1889 1072 2082 1129 maio-
2135 1058 2138 1169 ἱ

218 1183 340 1234 reS,

214 1416 258 1467 2,
278 1416 319 1458 1.
344 1422 389 1457 et
411 1410 483 1455 74.
567 1410 748 1454 Vetera
782 1409 947 1452 omina
977 1408 1112 1453 etiam

215 1480 321 1517 sunt
364 1469 484 1528 apud
519 1466 647 1512 Curt.
680 1466 723 1520 3,
753 1465 796 1519 3,
826 1467 869 1511 6.
909 1474 952 1510 et
987 1481 1113 1509 nova

199 1530 386 1584 ¹ibidem
409 1527 450 1580 5,
470 1527 512 1580 9,
535 1527 580 1574 4.

273 1625 550 1678 cupressus..
602 1610 663 1654 cf.
698 1608 888 1653 Sueton.
924 1609 1110 1666 Vespas.

216 1689 259 1719 c.
281 1673 325 1717 5.
383 1667 601 1726 X1ph1l1n.
628 1668 702 1724 66,
723 1670 766 1712 1.

273 1749 481 1798 repente.
559 1738 749 1783 sueton.
778 1738 810 1781 l.
842 1736 876 1781 l.
904 1738 1006 1780 sine
1038 1738 1112 1779 ul-

215 1802 346 1869 la'vi.
413 1797 633 1855 xiphilin.
665 1797 698 1841 l.
722 1797 751 1840 l.
785 1792 878 1840 ὑπὸ
897 1795 1112 1855 σφοδροῦ

215 1870 499 1917 πνευματος.

272 1930 416 1973 latior
445 1928 640 1970 virebat.
702 1925 779 1969 Sic
802 1924 907 1969 libri
938 1940 1115 1969 omnes.

216 1987 435 2032 Trillerus
469 1984 518 2027 in
548 1984 780 2031 Observv.
809 1985 849 2036 1,
871 1983 916 2028 8.
947 1983 1115 2027 frustra

218 2043 412 2092 coniecit
437 2044 622 2085 laetior.

268 2141 501 2172 consensu
522 2125 841 2180 haruspicum.
899 2123 984 2169 Ed.
997 2123 1114 2183 Spir.

212 2187 412 2233 assensit
435 2187 723 2238 aruspicum.

185 2291 191 2294 ·
272 2270 514 2314 Iudaicae.
575 2266 677 2311 MS.
690 2267 727 2310 F
729 2266 816 2309 lor.
838 2266 959 2320 (test.
972 2263 1116 2319 Viet.)

216 2329 452 2374 Iudeicae.
512 2323 572 2370 cf.
589 2323 689 2368 not.
717 2325 772 2367 ad
791 2322 907 2366 Hist.
933 2327 972 2372 1,
993 2321 1065 2364 76.

276 2398 466 2443 ominis.
529 2395 633 2439 MS.
658 2393 813 2439 Guelf.
835 2393 1063 2435 omnibus.

662 2478 741 2522 Sic
790 2476 928 2520 MSS.
986 2475 1113 2520 Harl.

271 2481 566 2538 videbantur.

218 2541 370 2589 Guelf.
393 2539 494 2583 edd.
518 2537 623 2582 Put.
646 2535 858 2580 Beroald.
889 2538 1014 2589 (eum
1042 2532 1112 2576 sil.

213 2601 357 2656 Vict.)
373 2613 474 2655 sqq.
486 2624 544 2632 -
577 2595 825 2638 videbatur
839 2593 975 2636 MSS.
991 2591 1115 2634 Flor.

214 2661 343 2716 (teste
354 2654 549 2714 Ryckio)
574 2653 683 2710 Agr.
708 2651 954 2709 Rud-Reg.
976 2649 1113 2694 Corb.

218 2717 291 2761 ed.
314 2714 435 2773 Spir.
514 2711 571 2754 Et
604 2726 710 2754 sane
727 2709 893 2752 Noster
922 2709 969 2751 in
993 2705 1116 2749 addi·

217 2775 273 2818 tis
296 2770 448 2819 verbis
475 2768 595 2812 haud
619 2783 725 2810 raro
750 2766 805 2810 ad
834 2774 1115 2824 postremum

216 2830 360 2876 modo
388 2827 643 2872 subiectum
671 2824 867 2882 respicit.
928 2822 988 2867 cf.
1011 2828 1110 2864 not.

216 2889 272 2932 ad
296 2889 386 2931 An.
411 2888 451 2936 1,
469 2886 540 2929 10.
568 2885 651 2928 sub
676 2883 814 2926 verbo
838 2881 1114 2925 abstulerat.

215 2945 313 2990 Nec
345 2946 489 2987 obstat
520 2956 714 2999 sequens
740 2942 877 2991 haec,
908 2946 958 2981 ut
991 2936 1114 2982 vide-

216 3005 350 3048 batur
372 3000 596 3045 Ernestio.
670 2996 884 3042 Ceterum
918 2992 1118 3051 intellige

218 3073 587 3116 unamquamque
617 3056 796 3100 illarum
829 3069 1009 3105 rerum,
1054 3050 1117 3094 uti

218 3117 500 3167 acciderant,
533 3115 677 3160 visam
706 3129 801 3158 esse
831 3111 966 3155 fidem
1001 3108 1114 3152 omi-

220 3177 292 3226 nis
319 3173 555 3232 implesse,
585 3171 786 3230 primum
813 3165 1116 3226 triumphalia,

219 3232 382 3279 deinde
411 3230 722 3279 consulatum,
753 3227 946 3284 denique
971 3223 1114 3268 ludai-

223 3307 300 3337 cae
338 3287 546 3332 victoriae
580 3287 731 3331 decus.
800 3285 959 3329 Solent
991 3281 1117 3324 enim

220 3351 271 3393 in
303 3345 466 3392 talibus
496 3344 735 3389 hominum
752 3339 1116 3402 >cogitationibus

221 3421 316 3451 esse
342 3417 623 3463 progressus.
653 3429 711 3437 —
768 3401 855 3445 Ed.
886 3397 1007 3457 Spir.
1042 3396 1118 3440 dat

222 3476 363 3508 omen
386 3475 469 3520 pro
478 3460 635 3517 fidem
659 3459 846 3501 ominis.

283 3546 546 3646 {armelum
611 3542 672 3586 cf.
707 3541 894 3586 Sueton.
928 3538 1118 3598 Vespas-

224 3624 266 3651 c.
325 3636 336 3648 .

416 1179 579 1217 aram
625 1168 862 1216 tantum
918 1168 975 1214 et
1028 1155 1439 1216 reverentiam.

1553 1155 1678 1213 illic
1731 1155 2080 1215 sacrificanti
2136 1179 2138 1207 ε

1243 1409 1314 1451 ita
1361 1415 1533 1450 vocant
1575 1415 1791 1450 montem
1827 1408 2079 1466 demque.

1183 1480 1267 1508 nec
1288 1467 1592 1509 simulacrum
1611 1468 1698 1508 deo
1717 1473 1805 1508 aut
1825 1461 2052 1521 templum
2066 1480 2082 1507 .·

1184 1524 1251 1567 sic
1271 1523 1510 1567 tradidere
1534 1524 1762 1577 maiores,
1791 1536 1932 1565 aram
1968 1531 2078 1566 tan-

1185 1589 1288 1625 tum
1321 1589 1368 1624 et
1401 1580 1732 1623 reverentiam.
1813 1579 1892 1624 Sic
1924 1580 2078 1624 locum

1182 1639 1335 1682 ferunt
1347 1636 1482 1682 MSS.
1507 1646 1552 1681 et
1572 1645 1677 1681 vett.
1693 1635 1822 1693 edd„
1849 1636 1935 1681 nisi
1957 1637 2079 1696 quod

1183 1697 1286 1740 MS.
1311 1697 1422 1754 Agr.
1453 1695 1526 1738 dat
1549 1709 1642 1737 ara
1662 1702 1854 1738 tantum
1877 1702 1923 1738 et
1943 1709 2078 1738 reve-

1185 1755 1370 1806 rentia‘5
1398 1750 1667 1797 MS.Guelf.
1694 1753 1736 1807 (a
1757 1751 1901 1810 prima
1919 1754 2076 1808 manu)

1184 1816 1271 1856 sed
1291 1827 1376 1870 pro
1398 1812 1488 1859 sic,
1519 1809 1584 1854 uti
1614 1809 1888 1856 divinaverat
1907 1809 2082 1868 Lipsius

1185 1871 1235 1914 in
1266 1871 1338 1913 ed.
1371 1868 1498 1912 1574.
1587 1867 1817 1912 Victorius
1847 1866 1897 1910 in
1931 1883 2080 1910 exem-

1186 1926 1304 1987 plari
1347 1942 1430 1970 suo
1463 1924 1674 1970 Beroald.
1718 1925 1852 1968 verba
1891 1925 1961 1968 ita
1995 1939 2082 1967 vo-

1187 1992 1300 2031 cant
1338 1992 1551 2027 montem
1591 1981 1844 2042 parenthesi
1887 1981 2082 2028 circum·

1189 2043 1337 2093 dedit,
1368 2050 1420 2086 ut
1442 2057 1467 2085 e
1487 2041 1590 2085 MS.
1615 2039 1742 2084 Flor.
1800 2039 2082 2099 Scripturam

1187 2101 1293 2146 cod.
1316 2102 1426 2158 Agr.
1456 2098 1596 2142 edidit
1621 2095 1844 2157 Ryckius,
1875 2098 2082 2143 eandem-

1187 2176 1275 2218 que
1316 2156 1494 2201 volebat
1527 2155 1770 2199 Rhenanus
1812 2171 1863 2198 ex
1901 2154 2084 2213 ingenio

1188 2226 1232 2260 et
1259 2215 1461 2260 Grotius.
1540 2212 1687 2256 Etiam
1715 2212 1892 2271 Lipsius
1924 2212 1975 2255 in
2010 2211 2082 2256 ed.

1189 2274 1314 2319 1574.
1359 2271 1464 2315 talia
1505 2276 1725 2314 suaserat:
1813 2277 1934 2313 ostea
1981 2284 2084 2312 eam

1188 2331 1500 2377 coniecturam
1529 2328 1711 2373 delevit.
1809 2326 1967 2372 ichena
1989 2328 2082 2370 vul·

1186 2398 1332 2449 gatam
1374 2387 1648 2445 scripturam
1681 2386 1742 2429 ita
1777 2383 2002 2435 defendit,
2033 2391 2085 2428 ut

1185 2445 1498 2507 praecedentia
1532 2444 1846 2487 simulacrum
1878 2458 1931 2486 ac
1963 2449 2081 2484 tem-

1181 2508 1320 2562 plum
1353 2511 1515 2562 quarto
1551 2517 1657 2546 casu
1694 2501 1973 2557 accipiantur
2006 2515 2083 2543 re—

1187 2572 1439 2622 ganturque
1461 2577 1485 2602 a
1507 2561 1649 2605 verbo
1677 2560 1944 2608 tradidere,
1985 2557 2015 2600 i.
2046 2574 2084 2600 e.

1187 2620 1380 2663 maiores
1411 2617 1635 2661 tradidere
1670 2631 1765 2659 non
1793 2630 1888 2659 esse
1913 2615 1998 2658 deo
2028 2614 2083 2658 si·

1188 2678 1444 2721 mulacrum
1469 2683 1545 2718 aut
1569 2673 1814 2732 templum,
1851 2672 1927 2716 sed
1961 2687 2084 2715 aram

1186 2742 1361 2779 tantum
1416 2742 1460 2776 et
1509 2730 1825 2779 reverentiam.
1921 2727 2086 2773 Obstat

1185 2790 1407 2852 particula
1457 2792 1544 2834 sic:
1598 2805 1707 2833 cum
1744 2791 1830 2832 sed
1860 2787 2085 2831 Pichenae

1185 2849 1300 2893 ratio
1340 2847 1511 2906 optime
1541 2846 1690 2891 stabit.
1771 2849 1996 2890 Gruterus
2027 2843 2085 2888 ad

1186 2905 1549 2952 confirmandam
1599 2912 1874 2948 structuram
1924 2901 2085 2945 verbo-

1188 2980 1290 3009 rum
1323 2962 1552 3020 congessit
1585 2962 1786 3019 exempla
1814 2958 2008 3004 ex‘Hist.
2044 2959 2085 3006 1,

1188 3022 1264 3065 44.
1293 3035 1388 3063 non
1422 3022 1600 3063 honore
1623 3019 1829 3070 Galbae,
1867 3020 1948 3060 sed
1977 3024 2085 3059 tra-

1188 3082 1287 3123 dito
1311 3077 1597 3135 principibus
1627 3090 1786 3127 more,
1812 3075 2085 3118 munimen-

1187 3147 1290 3181 tum
1334 3138 1400 3179 ad
1436 3148 1692 3189 praesens,
1753 3135 1803 3175 in
1840 3139 2084 3187 posterum

1187 3195 1415 3237 ultionem
1427 3209 1443 3244 ,-
1469 3193 1512 3244 4,
1533 3193 1606 3236 18.
1625 3194 1927 3235 hortamenta
1947 3190 2084 3231 victo-

1186 3254 1287 3296 riae
1326 3251 1403 3293 vel
1435 3251 1584 3306 pulsis
1622 3251 1872 3305 pudorem.
1954 3246 2083 3303 Quae

1188 3310 1296 3354 huic
1327 3309 1431 3352 loeo
1470 3318 1563 3352 non
1589 3314 1682 3351 tam
1714 3303 1942 3349 dissimilia
1978 3311 2084 3346 sunt

1191 3382 1328 3425 quam
1352 3364 1590 3411 videbatur
1609 3360 1836 3406 Ernestio.
1897 3360 1989 3404 Sed
2015 3360 2084 3403 Bi·

1187 3422 1367 3484 pontini
1390 3422 1445 3466 de
1472 3421 1658 3466 sanitate
1678 3420 1877 3479 vulgatae
1894 3418 2086 3477 scriptu·

1189 3497 1267 3526 rae
1294 3481 1590 3538 'desperantes
1619 3479 1793 3522 fecere:
1841 3482 1930 3520 aut
1959 3482 2082 3520 tem-
2130 3524 2136 3537 ἲ

1186 3541 1325 3595 plum
1369 3538 1515 3582 situm
1567 3535 1808 3580 tradidere
1855 3534 2086 3584 maiores,-
2132 3546 2138 3555 ’-

1192 3610 1338 3640 aram
1400 3601 1590 3638 tantum
1652 3599 1699 3636 et
1754 3592 2083 3636 reverentiam.
