2138 4030
191 255 243 332 ς..
260 250 313 332 ¹01:
331 251 416 330 ³³33:
577 250 750 311 LlB.
788 248 864 310 11.
927 247 1121 311 CAP.
1163 250 1303 311 100.
1343 250 1480 311 101.
1825 257 1951 318 249

108 409 245 446 nam
271 382 521 444 devertit
551 377 846 458 praetento
885 379 1124 435 classem
1158 378 1537 454 adloquendi.
1619 401 1755 439 mox
1781 383 1956 446 Pata-

107 474 192 529 vii
219 482 505 528 secretum
532 463 972 539 componendae
998 462 1355 539 proditionis
1379 463 1726 538 quaesitum.
1783 490 1956 529 nam,

101 542 222 634 ‘que
245 554 509 614 Lucilius
527 550 743 608 Bassus
767 559 900 623 post
921 549 1347 624 praefecturam
1369 548 1494 603 alae
1515 545 1852 614 Ravennati
1875 559 1957 615 si-

108 643 236 700 mul
262 661 328 697 ac
354 634 680 695 Misenensi
708 632 989 690 classibus
1020 654 1052 689 a
1075 632 1318 715 Vitellio
1346 634 1712 707 praepositm
1728 682 1745 706 ²
1793 646 1971 717 quod,

110 747 235 784 non
284 723 480 780 statim
526 719 951 796 praefecturam
995 713 1292 792 praetorii⁴
1317 719 1562 792 adeptus
1596 719 1776 791 foret,
1838 727 1957 784 ini-

110 830 287 889 quam
331 805 696 864 iracundiam
738 803 1027 875 flagitiosa
1070 803 1314 878 perfidia
1360 802 1767 866 ulciscebatur.
1852 831 1960 870 nec

112 895 249 953 sciri
283 903 500 968 potest,
548 888 866 946 traxeritne
891 884 1200 944 Caecinam
1238 907 1314 943 an
1354 883 1545 964 (quod
1583 891 1778 948 evenit
1805 891 1960 954 inter

110 981 297 1038 malos
311 1026 327 1048 ‚
349 989 417 1034 ut
440 988 497 1033 et
519 974 739 1030 similes
763 970 908 1050 sint)
935 973 1137 1028 eadem
1162 971 1296 1028 illos
1319 971 1577 1047 pravitas
1599 973 1920 1050 impulerit·

280 1060 380 1122 CI.
424 1061 753 1135 Scriptores
778 1068 1145 1131 temporum,
1186 1057 1292 1134 qui
1315 1057 1576 1131 potiente
1598 1079 1797 1117 rerum
1824 1063 1964 1125 Fla-

113 1152 208 1206 via
231 1150 408 1206 domo
431 1145 795 1202 monimenta
815 1143 961 1199 belli
983 1138 1227 1198 huiusce
1254 1156 1738 1217 composuerunt,
1763 1168 1965 1209 curam

114 1235 274 1312 pacis
314 1244 371 1289 ct
406 1249 667 1288 amorem
699 1227 787 1284 rei
819 1227 1090 1302 publicae
1123 1238 1424 1302 corruptas
1461 1228 1526 1283 in
1563 1229 1965 1293 adulationem

96 1339 315 1378 =causas
353 1317 664 1373 tradidere.
747 1312 923 1368 nobis
962 1331 1138 1388 super
1170 1311 1408 1369 insitam
1430 1313 1726 1372 levitatem
1750 1330 1806 1376 et
1825 1341 1967 1395 pro„
1999 1350 2002 1366 f

117 1406 240 1462 dito
271 1402 463 1460 Galba
488 1401 666 1457 vilem
690 1417 825 1453 mox
851 1397 1027 1453 fidem
1065 1397 1458 1454 aemulatione
1495 1396 1672 1455 etiam
1706 1402 1966 1465 invidia-

174 1620 388 1663 devertit.
460 1617 535 1662 Sic
566 1614 701 1660 MSS.
730 1613 854 1658 Flor.
889 1614 1004 1667 (test.
1078 1613 1214 1658 codd.
1247 1614 1384 1658 MSS.
1403 1613 1527 1659 Harl.
1552 1614 1681 1661 Bodl.
1708 1619 1788 1666 les.
1813 1621 1968 1671 Guelf‚

118 1679 237 1723 Vici.
270 1693 373 1720 cum
408 1676 497 1719 Iac.
526 1673 691 1729 Gron.)
724 1672 838 1715 Bud.
870 1670 1007 1715 Corb.
1080 1680 1122 1715 et
1155 1671 1270 1715 haud
1305 1672 1439 1715 dubie
1462 1674 1562 1722 alii,
1608 1676 1710 1720 edd.
1734 1677 1839 1728 Put.
1860 1682 1967 1728 Ber.

120 1736 221 1780 edd.
243 1734 384 1794 Ryek.
412 1733 498 1776 lac.
523 1731 667 1774 Gron.
693 1746 744 1786 sq
782 1761 792 1772 .
822 1756 881 1765 -
933 1729 1007 1770 di·
1081 1732 1208 1785 (eum
1250 1727 1402 1772 silent.
1438 1728 1576 1787 Viet.)
1615 1748 1714 1792 sqq.
1766 1760 1822 1771 —
1887 1754 1971 1784 nec

118 1794 258 1835 vertit
291 1790 443 1835 Guelf.
478 1798 520 1831 et
553 1788 690 1845 vulgo
724 1746 860 1830 lass·
894 1788 1010 1840 (test.
1078 1786 1188 1828 sciri
1201 1793 1389 1842 poterat
1409 1795 1692 1833 trax-eratne
1714 1792 1846 1838 MSS.
1864 1795 1928 1842 Re
1959 1830 1972 1842 .

121 1854 182 1892 lr
238 1852 264 1906 .)
305 1847 408 1891 edd.
452 1847 569 1903 Spir.
610 1846 712 1888 Put.
754 1844 857 1886 Ber.
902 1843 1007 1887 Ale.
1081 1843 1220 1908 Cortg.
1250 1842 1322 1888 ed.
1350 1843 1467 1909 S'pir.
1532 1847 1639 1890 Mox
1673 1849 1774 1894 edd.
1810 1814 1970 1900 Ober‘l.

122 1907 216 1950 Rhe
254 1940 265 1951 .
299 1922 395 1964 sqq.
433 1906 487 1948 ad
519 1902 662 1961 Ryek.
720 1901 779 1947 cf.
821 1908 915 1946 not.
954 1900 1010 1944 ad
1081 1899 1322 1999 VVlenkert.
1347 1899 1536 1947 mandet.
1566 1904 1720 1950 vitiose
1751 1910 1803 1952 ut
1834 1920 1882 1955 et
1908 1916 1971 1957 si-

124 1981 163 2009 c,
181 1963 251 2006 64,
1084 1960 1152 2001 mi
1167 1971 1216 2000 es
1247 1971 1358 1999 sun
1373 1965 1407 2000 t.

176 2027 446 2074 praetexto.
538 2017 614 2061 Sic
680 2014 814 2060 codd.
874 2012 1011 2058 MSS.
1142 2014 1253 2058 CAP.
1278 2017 1373 2058 101.
1410 2018 1633 2070 ponente.
1693 2020 1794 2067 MS.
1816 2023 1970 2071 Guelf.

124 2077 250 2122 Flor.
295 2084 412 2128 (test.
445 2075 563 2119 Viet.
605 2090 709 2117 cum
751 2072 827 2127 al.)
872 2071 1011 2116 Corb.
1079 2074 1306 2136 potentig,
1335 2071 1382 2114 in
1405 2068 1543 2134 in'arg.
1569 2078 1644 2118 vel
1658 2081 1877 2132 potiente.

124 2135 238 2178 Bud.
261 2134 352 2190 (bic
371 2133 595 2188 pretesto)
621 2130 724 2173 edd.
746 2128 889 2172 Rben.
907 2128 1010 2171 And.
1140 2131 1245 2171 belli
1282 2130 1483 2178 huiusce.
1559 2131 1636 2176 Sic
1672 2135 1808 2182 MSS.
1848 2140 1971 2185 Flor.

125 2192 353 2250 Lips.sqq.
376 2218 435 2227 --
473 2195 727 2244 praetextu
751 2187 885 2229 MSS.
902 2184 1012 2228 Re..
1084 2189 1202 2241 (test.
1238 2186 1322 2230 Iac.
1349 2185 1638 2247 Gronovius)
1674 2192 1829 2239 Guelf.
1869 2198 1974 2242 edd.

125 2250 247 2293 Harl.
282 2247 408 2291 nodi.
446 2248 531 2291 les.
566 2244 717 2289 Guelf.
754 2244 864 2309 Agr.
907 2201 1011 2307 edd..
1083 2244 1199 2299 spir.
1225 2243 1326 2286 Put.
1348 2245 1415 2310 M.
1436 2253 1479 2288 et
1495 2246 1551 2290 V.
1573 2248 1661 2291 Ber
1682 2251 1803 2305 (cum
1824 2255 1974 2299 silent.

127 2308 228 2350 Put.
253 2306 321 2348 M.
349 2315 391 2348 et
412 2305 467 2347 V.
490 2302 699 2346 Beroald.
733 2302 895 2345 Almat.
926 2300 1012 2341 Ml·
1088 2301 1229 2354 Viet.)
1262 2300 1424 2348 Alciat.
1449 2302 1533 2347 lac.
1559 2304 1766 2353 Gronov.
1787 2326 1888 2370 sqq.
1918 2342 1977 2350 .-..

127 2363 234 2421 cyil.
291 2363 352 2407 cf.
383 2370 478 2404 not.
507 2362 563 2405 ad
594 2359 706 2404 Hist.
737 2361 779 2411 1,
805 2358 874 2404 76.
931 2356 1016 2400 Ed.
1087 2358 1273 2402 huiusce
1304 2359 1414 2400 belli
1437 2360 1538 2404 edd.
1566 2362 1710 2408 Rhea.
1739 2367 1846 2412 Ald.
1875 2385 1978 2430 sqq.

128 2422 247 2479 Spir.
277 2427 506 2485 prftertu.
1088 2417 1143 2461 ad
1175 2415 1264 2459 lac.
1288 2414 1596 2465 Gronovium.

185 2478 480 2533 adloquendi.
543 2475 619 2518 Sic
640 2471 882 2518 MS.Flor.
907 2479 1018 2513 teste
1145 2481 1412 2526 corruptas,
1470 2475 1547 2520 Sic
1565 2477 1701 2522 MSS.
1722 2479 1759 2523 F
1758 2481 1843 2526 lor.
1862 2486 1981 2539 (test.

130 2535 351 2578 victorio.
379 2558 432 2568 —-
461 2531 729 2588 alloquendi
750 2526 1017 2573 MS.Gue1f.
1088 2529 1262 2573 Ernest.
1290 2538 1332 2572 et
1355 2530 1510 2580 Brot„
1553 2549 1646 2577 non
1671 2536 1860 2584 invenio
1893 2537 1983 2601 qna

130 2593 230 2636 edd.
257 2592 359 2634 Put.
389 2607 486 2649 sqq.
522 2618 581 2627 --
637 2592 702 2632 ad
735 2589 1017 2643 loquendum
1091 2586 1376 2640 auctoritate)
1407 2586 1518 2647 Reg.
1556 2590 1693 2636 Corb.
1728 2595 1828 2639 edd.
1859 2598 1979 2656 Spir.

130 2648 331 2707 cd.Spir.
358 2672 406 2683 -—
440 2648 549 2691 Mox
572 2649 729 2691 eadem
744 2644 916 2687 Patavi
935 2656 1017 2700 pro
1090 2644 1234 2687 Rhen.
1255 2644 1360 2687 And.
1393 2660 1492 2704 sqq.
1528 2675 1588 2683 --
1645 2649 1873 2698 Victorius
1904 2656 1982 2699 in·-

131 2707 326 2750 Ῑιαωωῖ,
788 2731 797 2742 .
1090 2709 1258 2744 tactum
1297 2702 1478 2757 reliquit
1508 2709 1734 2762 corrupti,
1773 2712 1897 2767 quod
1921 2714 1982 2756 le.

189 2764 389 2806 Lucilius
455 2761 651 2803 Bassus.
746 2760 822 2803 Sic
886 2757 1019 2800 tacite
1092 2758 1211 2815 gitur
1234 2759 1279 2800 in
1303 2759 1575 2804 MSS.Harl.
1592 2763 1721 2809 Bodl.
1738 2766 1815 2812 les.
1833 2768 1983 2816 Guelf.

133 2821 380 2863 emendavit
413 2818 649 2863 Rhenanus
682 2834 705 2859 e
743 2816 852 2859 locis
881 2815 920 2865 3,
951 2815 1019 2857 12.
1096 2815 1195 2858 edd.
1216 2816 1320 2858 Put.
1347 2818 1414 2860 M.
1437 2826 1480 2860 et
1494 2816 1550 2861 V.
1567 2820 1894 2872 Beroald.Alc.
1924 2851 1983 2866 -ψ-

134 2878 205 2921 36.
231 2877 301 2920 40.
361 2875 656 2926 Confirmavit
677 2874 848 2933 Lipsius
872 2888 921 2914 ex
957 2871 1022 2914 in·-
1093 2880 1336 2927 corruptos
1365 2875 1462 2918 MS.
1485 2874 1623 2928 Bud.‚
1660 2880 1778 2925 unde
1802 2883 1982 2928 Rhena-

134 2935 402 2993 scriptione,
444 2948 555 2989 quae
589 2940 722 2974 exstat
754 2929 870 2988 apud
902 2928 1021 2971 Gru-
1095 2946 1178 2972 nus
1201 2929 1344 2971 hausit
1365 2933 1747 2990 emendationem,
1781 2942 1884 2985 satis
1905 2943 1985 2989 du.

136 3002 217 3035 ter.
242 3009 283 3050 p.
300 2990 397 3034 573.
446 2990 558 3032 Nam
582 2989 640 3030 ibi
663 2989 873 3046 leguntur
892 2985 1020 3029 haec:
1094 2986 1188 3030 bito
1213 3004 1268 3029 an
1292 2997 1428 3031 recte.
1584 3014 1587 3020 v

135 3051 257 3103 Imp.
302 3050 475 3091 caesar
530 3047 573 3087 V
574 3048 845 3101 espasianus
897 3048 1020 3095 Aug.
1151 3047 1287 3085 vilem
1337 3060 1468 3089 mox.
1557 3045 1632 3093 Sic
1680 3051 1820 3097 MSS.
1859 3056 1982 3103 Flor.

134 3107 270 3150 pmn,
313 3106 447 3158 Max,
501 3112 583 3146 ete,
660 3102 904 3143 Veterum's
950 3101 1028 3155 qui
1096 3101 1213 3154 (test.
1240 3099 1326 3144 Iac.
1353 3101 1517 3158 Gron.)
1550 3105 1659 3164 Agr.
1690 3108 1844 3159 Guelf.
1881 3115 1984 3160 edd.

139 3164 460 3205 militaverant
507 3165 554 3203 in
599 3163 739 3204 classe
783 3159 1027 3202 Benenate
1097 3157 1214 3214 Spir.
1242 3156 1343 3201 Pul.
1371 3159 1440 3205 M.
1466 3169 1509 3203 et
1533 3161 1590 3206 V.
1616 3164 1826 3213 Beroald.
1857 3176 1984 3226 (cum

139 3223 223 3263 sub
266 3219 378 3261 Sex.
425 3218 598 3260 Lucilio
641 3219 802 3259 Basso
839 3223 924 3257 etc.
971 3241 1027 3249 -
1097 3215 1241 3258 silent.
1255 3213 1399 3270 Vici.)
1421 3216 1523 3262 Ale.
1549 3224 1591 3262 et
1612 3222 1717 3265 dein
1737 3224 1984 3284 Ryck.lac.

138 3277 271 3320 MSS.
297 3285 338 3318 et
364 3283 470 3321 vett.
498 3274 599 3316 edd.
633 3289 713 3331 pro
737 3273 919 3315 Bassus
949 3271 1025 3314 ha-
1102 3270 1244 3314 Gron.
1282 3288 1334 3331 sq
1371 3312 1379 3321 ,
1425 3298 1483 3307 --
1550 3293 1670 3322 mox
1708 3284 1845 3326 vitem
1883 3285 1984 3328 edd,

141 3337 245 3378 bent
270 3335 440 3378 Blesus
473 3330 544 3375 vel
574 3331 778 3373 Blaesus
810 3328 876 3372 vel
913 3330 1029 3371 me-
1101 3328 1244 3394 Rheu-
1307 3289 1412 3374 Ald.
1464 3347 1565 3392 sqq.
1627 3337 1682 3379 ad
1742 3338 1984 3398 Ryckium.

142 3405 248 3434 xus.
321 3391 370 3432 in
410 3404 550 3445 nnarg.
583 3387 687 3431 cod.
718 3385 845 3430 Bodl.
876 3394 1027 3448 tamen
1101 3384 1297 3444 Rycklus
1327 3388 1381 3431 de
1403 3389 1536 3436 Flora
1553 3391 1690 3438 falsus
1711 3404 1788 3438 est.

142 3447 425 3492 emendatum
446 3445 711 3489 estssassus.
769 3443 866 3489 MS.
881 3441 1029 3487 Guell.
1159 3446 1474 3489 aemulatione
1525 3451 1666 3493 ctiam
1712 3454 1986 3511 invidiaque.

147 3505 362 3553 Lucidius
385 3505 568 3547 mesas.
1103 3500 1260 3542 Etiam
1292 3500 1339 3545 in
1366 3503 1466 3547 MS.
1491 3506 1604 3549 nud.
1639 3518 1682 3553 et
1715 3510 1814 3553 edd.
1843 3511 1989 3560 Rhen.

203 3577 284 3606 nce
306 3562 416 3609 sciri
428 3567 576 3616 potest
591 3592 602 3612 ‚
631 3560 905 3605 traxeritne.
958 3558 1034 3605 Sic
1105 3557 1209 3605 Ala.
1231 3574 1328 3620 sqq.
1350 3577 1444 3608 non
1466 3560 1644 3624 legitur.
1703 3566 1898 3615 Pichcna
1920 3587 1989 3618 re.
