2138 4030
186 220 236 254 A.
258 219 309 255 U.
328 219 414 253 823.

187 264 237 297 A.
258 261 302 298 C.
356 264 421 298 70..

588 222 760 285 LIB.
795 221 871 284 Π.
935 221 1129 285 CAP.
1166 225 1459 285 86-88,
1825 226 1952 288 235

104 351 348 421 Vitellio
375 354 590 410 suerat:
631 363 986 427 sparguntur
1008 373 1115 429 per
1137 350 1366 410 Gallias
1390 353 1644 410 litterae:
1683 375 1953 414 momen-

108 450 284 512 toque
313 438 592 513 temporis
614 438 899 512 flagrabat
922 439 1128 513 ingens
1152 439 1378 494 bellum
1395 483 1411 507 ‚
1456 436 1705 514 Illyricis
1729 443 1950 499 exerci-

105 523 264 578 tibus
292 524 489 597 palam
513 523 1000 593 desciscentibuS‚
1043 523 1247 581 ceteris
1275 524 1577 586 fortunam
1605 527 1904 587 secuturis,

271 606 638 666 LXXXVII.
679 605 840 663 Dum
864 603 1007 664 haec
1033 629 1137 683 per
1167 608 1502 682 provincias
1532 628 1564 663 a
1589 606 1950 682 Vespasiano

103 692 467 769 ducibusque
493 693 749 767 partium
783 705 1097 766 geruntur,
1153 691 1429 750 Vitellius
1466 694 1856 767 contemptior
1887 697 1951 751 in

102 778 228 834 dies
275 778 650 853 segniorque‚
713 778 786 834 ad
830 779 1037 835 omnis·
1057 777 1519 852 municipiorum
1555 777 1951 855 villarumque

104 863 487 920 amoenitates
550 863 854 933 resisten5‚
939 864 1103 937 gravi
1159 863 1369 920 urbem
1421 861 1654 935 agmine
1702 865 1953 937 petebat.

104 948 398 1019 sexaginta
443 947 631 1004 millia
681 961 1041 1006 armatorum
1090 949 1486 1024 sequebantur
1531 947 1766 1004 licentia
1821 969 1953 1005 cor-

101 1043 300 1106 rupta:
355 1033 630 1089 calonum
661 1053 944 1091 numerus
978 1033 1284 1109 amplior‚‚
1317 1033 1744 1107 procacissimis
1777 1033 1954 1094 etiam

103 1117 258 1172 inter
280 1138 478 1174 servos
505 1118 757 1174 lixarum
785 1119 1061 1192 ingeniis:
1115 1129 1203 1177 tot
1235 1119 1561 1190 legatorum
1597 1118 1954 1191 amicorum-

103 1221 216 1278 que
249 1204 556 1260 comitatus
598 1199 880 1260 inhabilis
915 1205 989 1260 ad
1024 1204 1383 1278 parendum,
1439 1203 1612 1260 etiam
1649 1203 1699 1258 si
1724 1223 1952 1261 summa

102 1288 387 1344 modestia
421 1299 734 1360 regeretur.
821 1285 1173 1346 Onerabant
1202 1288 1646 1344 multitudinem
1683 1289 1848 1345 obvii
1883 1309 1952 1345 ex

102 1372 249 1427 urbe
303 1384 597 1432 senatores
640 1373 1007 1450 equitesque,
1074 1374 1316 1449 quidam
1362 1385 1523 1430 metu
1542 1418 1558 1442 ,
1620 1373 1796 1432 multi
1844 1393 1952 1449 per

100 1457 527 1525 adulationem,
583 1459 759 1515 ceteri
795 1479 861 1515 ac
896 1459 1182 1534 paulatim
1223 1469 1456 1527 omnm,
1510 1478 1585 1513 ne
1614 1458 1743 1514 aliis
1768 1459 1950 1534 profi-

100 1541 449 1599 ciscentibus
473 1543 586 1617 ipsi
609 1555 998 1602 remanerent.
1085 1540 1575 1616 Adgregabantur
1597 1562 1626 1598 e
1650 1543 1820 1618 plebe
1843 1543 1952 1622 fla-

102 1626 308 1699 gitiosa
348 1647 451 1702 per
484 1629 765 1704 obsequia
799 1627 1044 1685 Vitellio
1084 1629 1338 1701 cogniti,
1394 1647 1655 1697 scurrae,
1708 1624 1954 1685 histrio-

100 1730 231 1779 neS‚
284 1712 549 1784 aurigae,
607 1714 822 1790 quibus
861 1714 962 1769 ille
996 1714 1387 1770 amicitiarum
1417 1709 1952 1771 dehonestamentis

99 1796 246 1852 mire
280 1799 585 1870 gaudebat.
671 1797 792 1854 Nec
828 1798 1092 1855 coloniae
1126 1800 1303 1855 modo
1332 1809 1433 1854 aut
1458 1797 1780 1873 municipia
1807 1817 1951 1855 con-

103 1892 265 1953 gestu
303 1883 635 1956 copiarum,
690 1884 791 1938 sed
826 1884 939 1959 ipsi
975 1884 1227 1940 cultores
1263 1902 1518 1959 arvaque
1552 1883 1798 1939 maturis
1834 1883 1953 1941 iam

100 1965 367 2039 frugibus
395 1979 461 2023 ut
484 1962 697 2023 hostile
726 1970 918 2025 solum
946 1970 1347 2027 vastabantur.

265 2050 660 2112 LXXXVIII.
701 2052 930 2110 Multae
955 2065 1009 2110 et
1032 2066 1254 2111 atroces
1276 2053 1433 2110 inter
1454 2071 1512 2107 se
1535 2051 1796 2108 militum
1820 2071 1950 2109 cae-

100 2135 231 2204 deS‚
285 2146 416 2210 post
450 2137 800 2194 seditionem
830 2136 1034 2194 Ticini
1059 2150 1321 2212 coeptam
1350 2148 1625 2211 manente
1649 2137 1952 2211 legionum

99 2219 570 2298 auxiliorumque
603 2222 929 2292 discordia,
982 2224 1090 2280 ubi
1119 2225 1399 2279 adversus
1427 2241 1686 2298 paganos
1721 2234 1953 2280 certan-

130 2399 236 2451 ster
257 2385 458 2430 Gallias.
519 2386 617 2432 MS.
644 2385 790 2433 Guelf.
817 2389 866 2430 in
889 2387 986 2431 Ita·

98 2443 268 2546 hadal).
292 2499 360 2542 87.
403 2503 517 2543 dum
537 2503 666 2545 haec.
726 2501 825 2545 MS.
843 2501 983 2547 Corb-

96 2571 199 2599 cum
221 2559 347 2599 haec.

1051 2388 1197 2443 plior,
1220 2403 1335 2444 quos
1357 2395 1407 2430 ut
1428 2385 1648 2444 intelligas
1670 2402 1765 2430 non
1789 2387 1953 2436 minus,

1056 2447 1133 2488 sed
1162 2446 1308 2487 multo
1333 2446 1473 2500 magis
1505 2453 1769 2501 corruptos,
1807 2445 1952 2488 addin

1051 2503 1395 2558 procacissimis
1435 2503 1580 2544 etiam
1625 2502 1749 2544 inter
1789 2516 1954 2546 servos

1058 2563 1270 2603 lixarum
1296 2559 1514 2612 ingenitis,
1555 2558 1680 2615 quasi
1713 2559 1951 2603 scriberet:

155 2618 220 2656 ad
243 2617 408 2658 omnis.
448 2615 546 2660 'Sic
568 2616 668 2663 MS.
695 2616 846 2660 Guelf.
883 2617 986 2660 edd.

97 2668 201 2713 Pul.
228 2672 294 2715 M.
318 2681 361 2715 et
379 2671 434 2716 V.
460 2673 669 2718 Beroald.
698 2676 819 2728 (cum
843 2676 989 2718 silent.

100 2725 240 2783 Vict.)
272 2745 370 2786 sqq.
417 2731 470 2773 ad
502 2731 679 2789 Ernest.
723 2742 764 2775 et
801 2732 992 2784 Broter„

131 2785 174 2827 ui
201 2787 396 2830 maluere
419 2792 483 2830 ad
503 2803 662 2832 omnes
687 2805 709 2832 e
725 2788 860 2834 MSS.
875 2789 990 2848 Reg.

98 2800 236 2886 Zorb.
257 2844 322 2886 ed.
338 2844 457 2903 Spir.
517 2845 605 2889 Sed
628 2862 731 2890 cum
752 2847 872 2891 illam
897 2847 988 2889 for-

100 2915 220 2942 mam
244 2899 488 2945 toleremus
511 2903 604 2946 aliis
628 2902 766 2953 locis,
799 2920 891 2947 non
911 2904 984 2948 vi-

99 2956 182 2998 deo
214 2973 296 3000 cur
325 2958 398 3003 hic
431 2958 698 3004 reficiamus.
775 2961 987 3005 Restituit

99 3014 228 3055 etiam
255 3014 498 3060 Bekkerus.

159 3072 283 3114 inter
340 3087 513 3118 servos.

79 3129 271 3173 omnes.
340 3130 671 3178 Freinshemius
713 3132 901 3182 frustra,
944 3142 987 3176 at

98 3200 205 3228 cum
227 3185 364 3230 multa
384 3187 546 3232 fiducia
567 3191 761 3234 tentabat
780 3192 902 3233 inter
917 3204 987 3234 se-

99 3255 259 3288 veros.-
282 3258 413 3301 quem
430 3246 541 3288 bene
559 3247 988 3306 refutavitRycltius.

99 3298 254 3357 Neque
276 3311 426 3346 tamen
451 3302 670 3347 rationem
692 3304 986 3352 sententiam-

102 3372 188 3415 que
215 3356 439 3423 locivsatis
472 3369 592 3403 recte
625 3362 839 3419 exposuit.
899 3363 987 3406 De-

102 3414 256 3480 scribit
267 3415 426 3459 Noster
438 3414 606 3461 Vitellii
627 3435 810 3475 agment
839 3434 988 3463 sexa-

105 3479 250 3524 gmta'
271 3474 421 3518 millia
461 3483 760 3520 armatorum
803 3479 989 3522 licentia

106 3538 345 3582 corrupta:
387 3534 606 3576 calonum
636 3547 859 3577 numerus
880 3551 989 3579 am-

601 3075 675 3118 Sic
733 3075 834 3119 libri
883 3083 986 3119 vett.

1060 2633 1260 2675 quorum
1291 2615 1470 2673 ingenia
1496 2623 1774 2672 quantopere
1795 2623 1837 2658 et
1852 2617 1953 2674 jpsa

1059 2675 1231 2718 suerint
1251 2681 1462 2730 corrupta
1483 2672 1587 2715 inde
1609 2673 1805 2729 colligas,
1829 2674 1953 2742 quod

1062 2732 1250 2775 lixarum
1280 2729 1460 2788 ingenia
1493 2729 1623 2772 etiam
1658 2729 1778 2773 inter
1798 2746 1954 2785 servos

1062 2791 1207 2833 solent
1238 2804 1329 2831 esse
1354 2786 1686 2844 procacissima.
1748 2786 1953 2831 Vocabu-

1060 2848 1154 2890 lum
1197 2848 1440 2901 calonum,
1489 2844 1612 2901 quod
1656 2843 1806 2901 priore
1848 2843 1952 2889 loco

1060 2903 1258 2963 positum
1279 2910 1358 2952 est,
1382 2901 1521 2944 altero
1546 2899 1649 2943 loco
1673 2910 1833 2944 auctor
1855 2918 1953 2945 mu*

1057 2970 1121 3004 tat
1146 2976 1260 3005 voce
1282 2960 1495 3000 lixarum
1513 2990 1525 3012 ,
1559 2965 1608 3000 ut
1629 2957 1765 3000 iidem
1792 2959 1952 3003 intelli-

1058 3027 1231 3077 gantur.
1291 3017 1447 3060 Solent
1471 3014 1595 3058 enim
1619 3017 1802 3059 calones
1825 3025 1868 3060 et
1893 3019 1951 3059 Ii-

1055 3091 1151 3119 xae
1186 3075 1452 3139 plerumque
1483 3071 1696 3129 coniungi
1725 3088 1813 3117 nec
1856 3073 1950 3117 dis-

1059 3134 1198 3178 cerni.
1254 3132 1312 3175 cf.
1342 3130 1456 3173 Hist.
1490 3131 1530 3181 1,
1554 3129 1629 3173 49.
1671 3130 1712 3180 3,
1745 3132 1816 3174 20.
1851 3131 1952 3186 (ubi

1058 3191 1213 3234 similis
1253 3197 1318 3231 est
1357 3187 1590 3245 sententia)
1621 3186 1662 3239 3,
1691 3187 1764 3232 33.

1059 3256 1155 3291 ton.
1180 3245 1321 3289 Galba
1344 3245 1467 3288 e.20.

1836 3188 1950 3233 Sue—

1115 3305 1205 3359 ipsi
1233 3310 1547 3345 remanerent.
1605 3301 1688 3346 Ed.
1714 3302 1837 3361 Spir.
1869 3303 1955 3346 alii

1059 3367 1374 3405 remanerent.
1558 3367 1560 3369 ’

1116 3417 1230 3462 CAP.
1252 3417 1324 3460 88.
1362 3425 1605 3465 flumenta
1643 3449 1654 3459 .
1688 3450 1701 3460 .
1730 3449 1740 3460 .
1771 3417 1950 3460 discor-

1059 3477 1156 3519 dia.
1225 3474 1325 3518 MS.
1349 3472 1501 3519 Guelf.
1533 3482 1803 3522 manentem
1830 3503 1841 3515 .
1866 3506 1877 3518 .
1901 3506 1912 3518 .
1938 3506 1951 3525 ,

1058 3534 1360 3578 discordiam.
