2138 4030
152 258 199 294 A.
212 257 264 293 U.
280 257 364 292 823.

150 303 202 339 A.
222 300 268 337 C.
305 301 367 335 70.

640 259 819 322 LIB.
851 256 930 320 II.
1002 254 1203 318 CAP.
1238 258 1339 317 21.
1797 254 1915 317 159

65 375 289 449 invidia
334 403 390 450 et
433 389 825 446 aemulatione
866 388 1025 465 quod
1062 388 1227 442 nulla
1266 387 1331 442 in
1366 383 1532 443 Italia
1577 390 1760 446 moles
1795 402 1915 448 tam

64 491 240 556 capax
280 477 451 535 foret.

61 563 504 629 metuebantur,
547 561 611 615 in
647 560 764 614 levi
801 555 1093 614 habitum:
1138 557 1363 613 reddita
1403 556 1736 628 securitate,
1781 572 1914 617 tan-

64 668 239 724 quam
276 642 430 703 nihil
464 645 698 719 gravius
738 644 860 719 pati
899 643 1252 718 potuissent,
1302 642 1658 701 maerebant.
1743 643 1914 702 Cete-

64 754 197 790 rum
217 732 404 788 multo
431 750 672 786 suorum
700 749 904 784 cruore
929 727 1132 802 pulsus
1152 724 1433 795 Caecina,
1475 737 1530 782 et
1556 747 1672 782 nox
1698 748 1914 802 paran-

65 819 156 873 dis
189 817 465 891 operibus
501 817 825 888 adsumpta.
911 810 1221 869 Vitelliani
1257 812 1486 886 pluteos
1524 825 1821 888 cratesque
1857 827 1912 872 et

62 903 265 957 vineas
310 898 695 957 suffodiendis
739 898 927 955 muris
965 897 1452 972 protegendisque
1489 900 1914 971 oppugnatori-

62 988 202 1056 buS‚
250 981 591 1043 Othoniani
627 985 800 1040 sudes
838 995 897 1040 et
932 983 1245 1038 immensas
1283 981 1550 1056 lapidum
1585 1004 1650 1038 ac
1680 984 1915 1059 plumbi

63 1072 328 1147 aerisque
355 1071 538 1126 moles
571 1067 1002 1144 perfringendis
1038 1066 1474 1141 obruendisque
1511 1061 1778 1133 hostibus
1814 1090 1915 1128 ex-

62 1157 326 1231 pediunt.
411 1154 709 1229 utrimque
732 1155 955 1227 pudor,
997 1151 1291 1226 utrimque
1333 1151 1519 1224 gloria
1554 1164 1610 1209 et
1646 1154 1911 1213 ,diversae

66 1237 533 1309 exhortationeS,
598 1234 738 1294 hinc
777 1237 1076 1311 legionum
1129 1246 1185 1291 et
1232 1234 1575 1293 Germanici
1630 1239 1914 1299 exercitus

65 1327 274 1395 robur,
314 1325 454 1382 inde
483 1324 742 1381 urbanae
767 1321 1013 1380 militiae
1038 1331 1103 1378 et.
1119 1321 1544 1396 praetoriarum
1583 1318 1916 1384 cohortium

549 494 901 551 quocunque
947 492 1084 530 casu
1133 472 1377 540 accidit,
1435 473 1579 528 dum
1625 476 1913 533 atrociora
1996 501 2005 514 ’

65 1577 183 1633 Lips.
205 1574 372 1632 (1607.)
405 1572 546 1632 Ryek.
566 1572 742 1617 Ernest.
769 1573 950 1617 Broter.

65 1649 172 1734 {1³2}
214 1632 609 1733 truffas?
640 1630 954 1730 sumi:

66 1722 212 1791 luere:
272 1763 295 1790 e
326 1706 606 1803 qiiibusdam'
634 1705 798 1787 violeus
828 1747 954 1787 colo-

66 1806 180 1856 niis,
219 1820 330 1863 quae
365 1803 582 1859 scriptura
618 1802 721 1845 dein
754 1802 874 1844 venit
904 1801 953 1843 in

30 1886 35 1892 ·
67 1862 268 1905 eiusdem
301 1861 371 1904 ed.
410 1860 539 1904 1609.
570 1859 790 1915 Bernegg.
825 1857 951 1901 Gro-

67 1934 176 1962 nov.
209 1918 331 1962 1672.
402 1918 463 1961 At
495 1918 582 1960 lac.
617 1915 876 1959 Gronovius
907 1915 955 1958 in

67 1976 168 2019 MS.
196 1975 322 2019 Flor.
357 1974 531 2019 invenit
563 1973 785 2030 ediditque
816 1972 952 2019 haee:

66 2049 98 2075 a
149 2034 424 2089 quibusdam
463 2039 507 2073 ec
550 2030 708 2073 viciniis·
746 2030 952 2072 coloniis.

69 2089 340 2147 Conspirant
367 2089 470 2132 MS.
495 2085 636 2130 Corb.
673 2095 716 2128 et
742 2086 953 2142 ed.fSpir.

64 2170 125 2180 -
167 2155 213 2189 et
250 2149 525 2203 quibusdam
565 2145 721 2186 υίείηίε
765 2143 954 2186 coloniis

66 2204 167 2248 MS.
189 2202 303 2247 Bud.
325 2202 423 2247 edd.
446 2202 635 2245 Rhenan
678 2200 782 2244 Ald.
807 2225 859 2233 -·
920 2217 953 2243 α

66 2263 343 2318 quibusdam
389 2259 549 2302 vicinis
591 2260 782 2301 coloniis
817 2257 952 2316 Lipsii

67 2318 238 2376 priores
259 2326 301 2360 et
323 2317 560 2360 Gruterus,
635 2315 763 2371 Quae
785 2316 819 2358 si
845 2331 952 2359 con·

67 2375 254 2425 tuearis,
302 2374 453 2418 nullus
491 2371 712 2416 dubitabis
747 2373 800 2417 de
837 2371 951 2418 veri-

68 2440 152 2476 tate
174 2441 377 2488 receptae
400 2431 659 2488 scripturae.

123 2490 306 2531 invidia
339 2497 384 2532 et
413 2488 745 2530 aemulatione.
816 2485 954 2530 MSS.

68 2556 110 2590 et
139 2555 240 2589 vett.
277 2546 376 2590 edd.
405 2546 604 2588 invidiae
627 2546 952 2586 aemulatione.

68 2603 289 2648 Suadente
343 2603 525 2645 biureto
569 2599 788 2653 Pichena,
834 2601 953 2643 Ber-

67 2677 195 2762 }Ztgg.
214 2677 312 2718 sqq.
328 2660 511 2758 Ξόῐάενε
530 2660 704 2758 itit—vidi?
727 2666 772 2701 et
793 2674 949 2759 αείνόἵ-

138 2732 256 2760 zone.
367 2733 463 2760 ene.
528 2734 552 2760 c
576 2747 587 2758 .
625 2732 669 2758 m
693 2733 728 2758 r.
775 2732 816 2759 c.
938 2747 952 2760 .

67 2775 385 2817 aemulatione
445 2774 591 2816 etiam
608 2805 621 2809 -
660 2773 924 2829 invidiaque
938 2790 954 2825 ;

67 2847 190 2899 sqpr.
221 2833 258 2882 l,
280 2831 348 2929 (15³5.
381 2835 503 2930 {nde
528 2831 787 2930 αειηιιιῖὲἰιό
812 2837 857 2872 et
879 2833 949 2898 in-

66 2893 951 3002 :aelzecaqhemgtcrzngmffiuerggtqntg

67 3002 329 3060 scripturam
365 3000 532 3045 nemini
565 3001 718 3044 auditi.
779 3000 949 3045 Vitium

67 3058 180 3102 illud
204 3059 377 3116 vulgare
401 3067 466 3102 est
489 3057 532 3100 in
558 3065 660 3100 vett.
689 3056 831 3101 libris.

132 3130 398 3171 quocunque
446 3130 557 3159 casu
606 3117 784 3159 accidit.
872 3115 950 3160 Sic

68 3173 207 3272 &oddi
235 3173 370 3270 MSS.l
396 3173 521 3239 FJor.
557 3173 694 3270 (ἲςρῑεξ
721 3171 948 3270 Εἰοὴςηρ)

68 3231 180 3329 ἐιιιῗι
203 3237 294 3329 Μῗῐ
308 3245 352 3329 οἳ
376 3245 672 3328 viqssgrgdlld.
697 3230 948 3340 {ciimblisilli

67 3341 206 3398 Vict.)
237 3344 334 3387 Ale.
370 3350 412 3386 et
447 3343 606 3386 deinde
637 3341 754 3399 Lips.
783 3344 947 3400 (1607.)

69 3399 204 3456 Ryck.
236 3401 414 3443 Ernest.
445 3399 570 3443 Brot.
593 3415 691 3458 sqq.
718 3429 776 3436 --
826 3405 946 3444 acci-

69 3459 203 3497 derat
239 3457 336 3500 edd.
370 3456 512 3500 Rhen.
537 3456 640 3499 ΑΜ.
664 3472 760 3515 sqq.
833 3457 944 3501 Nam

71 3511 116 3552 in
140 3513 235 3557 MS.
259 3513 372 3558 Bud.
398 3523 462 3556 est
483 3516 680 3565 accidat,
714 3514 834 3571 quod
861 3515 943 3558 iac.

70 3566 327 3616 Gronovius
378 3572 508 3614 etiam
568 3571 615 3613 in
666 3572 767 3614 MS.
820 3572 945 3617 Flor-

1023 1590 1070 1617 se
1112 1572 1277 1619 vidisse
1316 1555 1515 1616 testatu'r.
1555 1600 1613 1608 -
1681 1575 1790 1618 Mox
1836 1560 1916 1620 ed.
1974 1585 1981 1595 “

1024 1630 1145 1688 Spir.
1168 1647 1272 1675 cum
1295 1630 1398 1674 MS.
1415 1629 1564 1674 Guelf.
1588 1634 1629 1684 (a
1650 1639 1738 1675 secL
1758 1637 1914 1691 manu)

1023 1689 1073 1730 in
1107 1690 1202 1730 leui
1236 1690 1396 1730 habitu
1437 1688 1625 1730 reddita
1663 1691 1912 1736 securitate

1025 1755 1373 1845 ‘³¹52200reiane.
1432 1801 1508 1844 510
1523 1801 1622 1845 MS.
1637 1801 1791 1848 θυρὶς.
1812 1805 1915 1852 edd.

1025 1860 1147 1918 Lips.
1183 1876 1278 1917 sqq.
1306 1883 1359 1892 --
1411 1857 1526 1903 Edd.
1555 1859 1672 1917 Spir.
1704 1861 1807 1904 Put.
1841 1864 1911 1909 M.

1027 1925 1068 1959 et
1095 1917 1147 1958 V.
1173 1915 1380 1960 Beroald.
1414 1917 1512 1960 Alc.
1547 1919 1812 1970 merebant,
1843 1937 1913 1965 so-

1024 1974 1099 2017 lita
1122 1974 1321 2026 incuria;
1358 1975 1629 2017 moerebant
1651 1975 1751 2019 edd.
1768 1977 1912 2024 Rhen.

1025 2048 1045 2075 s
1114 2063 1124 2073 .

1050 2047 1351 2143 qiidsumpta.
1389 2088 1465 2132 Sic
1477 2088 1609 2132 MSS.
1623 2098 1668 2133 et
1685 2091 1782 2135 edd.
1795 2092 1915 2152 Spir.

1023 2145 1127 2188 Put.
1149 2162 1243 2203 sqq.
1270 2169 1329 2180 -
1386 2147 1594 2189 Muretus
1617 2148 1810 2192 coniecit
1834 2154 1915 2195 ab·

1022 2212 1233 2258 sumpta,
1263 2203 1385 2261 quod
1397 2203 1511 2261 Lips.
1529 2213 1570 2246 et
1582 2203 1706 2248 Pieh.
1722 2206 1766 2249 in
1785 2223 1910 2253 mar-

1023 2260 1201 2318 ginem,
1233 2259 1456 2304 Gronovii
1475 2261 1662 2316 (1672),
1693 2263 1914 2309 tac.G1-o·

1026 2318 1204 2368 novius,
1237 2317 1478 2369 Ernestius,
1509 2317 1742 2363 Broterius
1766 2329 1809 2364 et
1831 2339 1912 2366 nu-

1024 2391 1103 2432 per
1136 2374 1364 2418 Bekkerus
1398 2374 1445 2418 in
1489 2385 1747 2420 contextum
1791 2396 1911 2424 rece-

1022 2440 1200 2492 perunt.
1275 2433 1480 2475 Veterem
1515 2434 1782 2491 scripturam
1821 2444 1912 2480 ser'-

1024 2498 1189 2533 varunt
1205 2488 1346 2546 Ryck.
1360 2489 1537 2548 Bipont.
1553 2489 1798 2534 Oberlinus
1814 2510 1914 2553 sqq.

1023 2546 1177 2589 Recte.
1239 2547 1352 2588 Nam
1383 2547 1606 2590 sententia,
1627 2555 1717 2596 est,
1749 2565 1804 2593 ne
1829 2567 1913 2595 no-

1024 2612 1139 2646 ctem
1156 2603 1334 2661 quidem
1349 2604 1632 2661 ingruentem
1647 2604 1914 2664 imposuisse

1023 2661 1156 2704 finem
1188 2660 1394 2716 parandis
1427 2661 1654 2717 operibus.
1731 2664 1914 2725 Absque

1023 2717 1282 2761 necessitate
1316 2724 1436 2760 certe
1462 2727 1664 2771 veterum
1689 2719 1912 2767 librorum

1023 2775 1263 2818 auctoritas
1287 2773 1359 2816 hic
1378 2776 1618 2832 spernitur.

1075 2836 1280 2888 pluteos.
1340 2832 1423 2874 Ed.
1447 2832 1563 2890 Spir..
1580 2841 1763 2888 puteos.

1085 2889 1428 2945 perfringendis
1471 2891 1819 2950 „obruendisque
1860 2897 1910 2939 h.

1023 2946 1099 2990 Sic
1121 2945 1255 2989 MSS.
1277 2946 1396 2988 Flor.
1425 2947 1545 3002 (test.
1558 2947 1676 2992 Vict.
1703 2953 1911 2997 cumtac.

1024 3003 1287 3058 Gronovio)
1325 3003 1437 3046 Rud.
1473 3003 1587 3061 Agr.
1619 3005 1730 3065 Reg.
1764 3006 1906 3058 Corb.

1022 3059 1172 3104 Guelf.
1204 3059 1307 3102 edd:
1333 3060 1364 3103 S
1398 3059 1453 3102 ir.
1482 3060 1568 3106 Iac.
1591 3061 1799 3110 Gronov.
1818 3067 1908 3109 Er-

1020 3126 1135 3160 nest.
1157 3133 1254 3174 sqq.
1276 3141 1331 3151 --
1417 3117 1780 3164 SS.Harl.Bodl.
1808 3124 1908 3169 edd.

1019 3175 1122 3217 Put.
1153 3173 1356 3217 Beroald.
1379 3189 1478 3232 sqq.
1516 3176 1573 3220 ad
1605 3176 1692 3222 lac.
1727 3178 1907 3224 Grono-

1020 3233 1144 3276 vium
1186 3239 1288 3289 post
1326 3231 1673 3289 perfringendis»-
1702 3235 1907 3296 interpo-

1021 3297 1136 3331 nunt
1174 3290 1404 3342 operibus.
1428 3315 1482 3322 —-
1544 3291 1644 3334 MS.
1677 3291 1756 3335 les.
1787 3309 1906 3348 per..

1016 3346 1295 3399 stringendis
1321 3349 1559 3400 operibus,
1588 3355 1632 3391 et
1657 3363 1758 3393 mox
1786 3355 1907 3395 utri-

1018 3418 1102 3459 que
1119 3406 1275 3456 pudor
1287 3435 1299 3454 ,
1329 3406 1511 3460 utrique
1529 3407 1702 3459 gloria.

1074 3461 1285 3502 malitiae.
1355 3460 1453 3506 Hoc
1488 3478 1580 3505 voc.
1616 3478 1638 3504 a
1675 3479 1740 3520 pr.
1766 3479 1903 3508 manu

1016 3518 1064 3561 in
1105 3517 1206 3561 MS.
1247 3515 1398 3562 Guelf.
1446 3518 1662 3562 omissum
1704 3522 1900 3567 secunda

1019 3590 1176 3618 manus
1198 3574 1242 3618 in
1272 3574 1469 3632 m‘argine
1490 3575 1675 3620 addidit.
