2138 4030
11 2267 18 2270 ’
78 2262 148 2305 ed.
175 2260 293 2318 Spir.

632 238 808 308 LIB.
843 245 890 308 I.
959 241 1154 307 CAP.
1186 244 1290 308 41.
1316 245 1417 309 42.
1846 250 1929 309 63

74 384 404 463 prodidere.
490 377 596 436 alii
625 370 969 451 suppliciter
995 375 1416 448 interrogasse,
1460 378 1606 453 quid
1634 376 1930 436 malinae-

75 468 326 528 ruisset?
410 482 626 540 paucos
655 462 781 518 dies
811 461 1166 518 exsolvendo
1202 461 1486 519 donativo
1529 463 1929 539 deprecatum:

77 556 275 632 plures
315 549 598 609 obtulisse
638 547 798 604 ultro
840 546 1286 620 percussoribus
1325 546 1629 619 iugulum,
1696 561 1936 623 agerent

2 684 7 698 1
80 652 151 698 ac'
178 637 449 706 ferirent,
502 634 551 690 si
587 632 668 688 ita
695 652 725 688 e
753 652 817 687 re
841 629 1080 707 publica
1102 630 1422 712 videretur.
1510 638 1634 689 non
1668 633 1936 693 interfuit

79 721 499 789 occidentium,
565 716 711 795 quid
761 717 995 776 diceret.
1093 713 1205 792 Ι)οἰ
1232 736 1575 792 percussore
1625 738 1752 774 non
1798 721 1936 777 satis
1998 739 2003 744 ·

79 818 320 866 constat.
407 804 648 882 quidam
672 800 1025 858 Terentium
1063 798 1401 871 evocatum,
1455 802 1560 886 alii
1585 802 1935 861 Lecaniumg

79 893 342 951 crebrior
362 890 518 947 fama
541 887 790 959 tradidit
811 885 1158 944 Camurium
1194 887 1720 963 quintaedecumae
1751 889 1938 963 legio-

79 979 170 1035 nis
198 977 449 1034 militem
473 975 756 1049 impresso
784 972 981 1046 gladio
1005 972 1275 1045 iugulum
1312 970 1437 1028 eius
1474 969 1755 1034 hausisse.
1844 994 1940 1032 ce-

78 1064 187 1120 teri
224 1082 394 1120 crura
428 1054 788 1134 brachiaque
827 1054 992 1135 (nam
1026 1068 1230 1131 pectus
1268 1057 1597 1138 tegebatur)
1642 1060 1813 1116 foede
1850 1060 1941 1143 la-

77 1149 341 1206 niavere:
386 1146 666 1221 pleraque
695 1143 942 1199 vulnera
967 1141 1197 1199 feritate
1224 1154 1281 1200 et
1307 1143 1547 1201 saevitia
1577 1156 1791 1202 trunco
1818 1144 1941 1202 iam

78 1232 312 1310 corpori
336 1231 576 1313 adiecta.

160 249 209 289 A.
224 248 276 287 U.
293 247 378 283 823.

161 292 211 330 A.
224 293 271 329 G.
316 291 377 324 70·

244 1340 435 1400 XLlI.
505 1339 711 1397 Titum
757 1340 896 1396 inde
924 1336 1174 1395 Vinium
1225 1340 1512 1401 invasere.
1612 1343 1686 1397 de
1724 1358 1842 1418 quo
1883 1353 1942 1399 et

82 1431 206 1506 ipso
235 1426 582 1499 ambigitur,
628 1425 1133 1500 consumpseritne
1161 1445 1368 1485 vocem
1393 1427 1518 1483 eius
1556 1426 1782 1483 instans
1814 1447 1943 1483 me-

78 1527 172 1572 tus
200 1533 276 1570 an
299 1503 751 1587 proclamaverit
777 1529 903 1566 non
927 1530 1048 1566 esse
1076 1511 1150 1566 ab
1177 1506 1423 1567 Othone
1457 1513 1804 1587 mandatum
1818 1510 1844 1581 ‚'
1876 1524 1947 1570 ut

78 1600 458 1657 occideretur.
546 1596 706 1672 quod
733 1615 835 1651 seu
874 1595 1044 1652 finxit
1079 1595 1400 1653 formidine
1444 1616 1551 1653 seu
1586 1597 1945 1665 conscientia

79 1681 504 1741 coniurationis
529 1681 826 1737 confessus
841 1692 959 1742 hest:
1005 1676 1122 1737 huc
1148 1681 1346 1755 potius
1374 1682 1505 1738 eius
1523 1682 1649 1738 -vita
1671 1684 1946 1759 famaque
1976 1680 1979 1684 ”

80 1766 356 1836 inclinat,
422 1778 490 1823 ut
524 1767 792 1822 conscius
829 1766 1060 1822 sceleris
1099 1766 1314 1836 fuerit,
1372 1767 1539 1843 cuius
1582 1780 1769 1826 causa·
1803 1780 1946 1829 erat.

82 1852 460 1911 Ante-aedem
485 1850 611 1907 divi
626 1849 766 1907 Iulii
792 1851 971 1907 iacuit
996 1851 1188 1925 primo
1216 1851 1337 1908 ictu
1364 1852 1428 1907 in
1452 1853 1773 1928 poplitem,-
1807 1873 1945 1910 mox

124 2088 388 2146 prodidere.
449 2085 525 2129 Sic
557 2083 657 2130 MS.
678 2083 834 2127 Guelf.
865 2083 968 2127 edd.
1099 2100 1215 2126 nam
1271 2094 1433 2139 pectus
1493 2089 1750 2140 tegebatur.
1821 2088 1946 2136 sMS.

75 2148 176 2191 Put.
203 2162 254 2203 sq
290 2177 301 2188 .
333 2166 392 2176 —
423 2136 673 2197 ’ριὀἀειέε,
701 2141 848 2185 media
873 2143 962 2199 syl·
1043 2141 1181 2186 Corb.
1237 2145 1435 2197 tegebat.
1519 2143 1623 2188 MS.
1666 2146 1775 2204 Agr.
1826 2161 1944 2190 nam

77 2205 172 2247 laba
195 2208 387 2253 1511111133,Ι
414 2199 657 2250 MSAElor.
681 2202 805 2256 (test.
823 2198 971 2254 Vict.)
1037 2208 1200 2255 pectus
1225 2202 1407 2244 thorax
1432 2205 1633 2255 tegebat.
1780 2243 1784 2253 ,
1869 2235 1871 2238 .

890 2313 919 2357 h
1095 2260 1342 2314 pleraque·
1404 2259 1506 2303 MS.
1524 2258 1674 2303 Guelf.
1697 2263 1948 2317 pluraque.

801 2314 888 2373 Xip
923 2315 969 2359 il.

135 2321 245 2376 quid
286 2317 409 2359 mali
448 2308 712 2358 rnerm‘SSet.
1043 2314 1247 2357 Eandem
1297 2316 1560 2362 varietatem
1611 2316 1811 2364 vidimus
1851 2317 1949 2376 An.

77 2379 105 2421 Ι.
130 2378 159 2420 l.
197 2376 273 2418 καὶ
295 2377 343 2417 τί
358 2372 504 2418 κακὸν
523 2374 741 2426 {holmo-a,-

134 2434 436 2477 exsolvendo.
492 2431 566 2473 Sic
580 2430 683 2473 MS.
700 2429 825 2472 FIor.
853 2430 970 2484 (test.

79 2491 214 2547 vict.)
250 2489 349 2533 edd.
386 2488 503 2548 Lips.
540 2499 640 2587 sq&
703 2490 970 2530 exomendo

80 2549 179 2592 edd.
203 2554 310 2591 vett.
338 2556 442 2590 c'um
467 2545 571 2589 MS.
644 2543 752 2587 uelf.

130 2607 172 2650 si
203 2607 277 2648 ita'
303 2619 327 2645 e
360 2605 610 2659 republica
633 2617 676 2645 υ.
736 2599 813 2646 810
835 2600 973 2646 MSS.

80 2664 191 2707 Bud.
231 2661 383 2705 Guelf.
425 2660 524 2704 edd.
556 2659 661 2703 Put.
699 2658 804 2701 Ber.
848 2661 974 2715 (011111

79 2722 220 2765 silent.
239 2719 377 2774 Vict.)
412 2718 512 2761 Alc.
543 2716 689 2761 Rhen.
724 2731 821 2774 sqq.
882 2715 972 2759 Iac.

78 2776 334 2822 Gronovius
356 2776 405 2818 in
426 2775 530 2819 MS.
552 2774 674 2818 Flor.
699 2775 811 2818 vidit
833 2774 882 2814 εἰ
905 2775 974 2815 ita

77 2852 128 2879 re
146 2836 272 2890 publ.
296 2849 339 2875 υ.
354 2864 367 2882 ,
402 2832 523 2875 unde
548 2831 642 2888 ipse
666 2846 772 2875 cum
797 2829 970 2888 Ryckio

78 2889 710 3004 suspicattffislbegqxlidtssmAsgir
729 2889 838 2988 izde
851 2902 972 3003 εἶξε.

78 2966 122 2994 υ.
162 2977 221 2986 --
415 2978 426 2990 .
492 2963 542 2991 or
578 2977 588 2988 .
715 2975 728 2989 .
817 2977 828 2987 .
960 2976 971 2989 .

77 3009 206 3051 si'z‘ta
225 3007 296 3048 rei
307 3007 436 3059 publ.
461 3017 504 3046 υ.

135 3065 243 3120 quid
274 3063 455 3104 diceret.
522 3060 604 3104 Ed.
633 3058 755 3118 Spir'.
787 3063 868 3117 qui
893 3061 971 3102 di-

79 3128 217 3164 ceret.
287 3119 343 3163 cf.
382 3126 478 3162 not.
510 3119 564 3162 ad
605 3134 645 3164 c.
676 3118 751 3162 29.
788 3119 870 3162 3111)
894 3124 972 3162 vv.

80 3181 200 3235 quod
225 3178 409 3219 demus.

137 3234 404 3279 Terentium
437 3240 694 3276 evocatum.
763 3233 840 3278 Sic
870 3233 971 3277 edd.

79 3294 197 3353 Spir.
212 3292 321 3334 Puta
336 3289 439 3333 Ber.
455 3290 556 3333 ΑΙο.
584 3299 626 3333 et
648 3291 807 3346 deinde
828 3290 973 3348 Ryek.

83 3350 168 3395 130.
204 3348 349 3392 Gron.
381 3347 508 3390 Brot.
541 3346 729 3391 Bekker.
790 3349 973 3392 Teren-

85 3408 199 3451 tium
221 3406 495 3448 ‘Evocatum
540 3404 639 3450 edd.
678 3404 822 3449 Rhen.
869 3405 973 3449 Ald.

83 3463 199 3522 Lips.
244 3463 461 3519 aliaeque.
532 3460 620 3505 Sed
655 3462 745 3507 vid.
783 3471 879 3507 not.
919 3463 972 3506 ad

90 3521 172 3565 An.
194 3521 236 3575 2,
258 3519 329 3564 68.

140 3576 406 3621 Lemnium.
468 3576 545 3619 Ed.
568 3575 686 3633 Spir.
710 3579 971 3621 decaniam.

1100 2405 1298 2484 zorpori.
1359 2414 1592 2490 EdAEpir.
1625 2447 1830 2487 corpore.
1872 2430 1874 2432 ’

1102 2488 1300 2530 adiecta.
1357 2487 1403 2531 h.
1438 2506 1478 2532 0.
1517 2505 1652 2547 super
1682 2490 1837 2548 priora
1869 2490 1947 2536 illa

1044 2546 1262 2598 vulnera,
1310 2545 1475 2602 quibus
1510 2547 1685 2590 occisus
1723 2557 1815 2602 est,
1862 2547 1944 2600 ad-

1046 2604 1156 2647 dita.
1239 2601 1497 2647 Groslotius
1545 2603 1709 2647 frustra
1752 2605 1948 2659 coniecit

1045 2664 1235 2703 adacta.
1554 2707 1556 2710 ,

1105 2718 1217 2761 CAP.
1253 2717 1327 2761 42.
1386 2722 1444 2761 de
1479 2734 1568 2773 quo
1603 2727 1651 2761 et
1681 2720 1805 2775 ipso.
1872 2720 1950 2765 Sic

1046 2773 1149 2818 MS.
1177 2773 1329 2818 Guelf.
1355 2776 1456 2818 edd.
1484 2777 1589 2820 Put.
1617 2777 1719 2822 Ber.
1744 2779 1867 2832 (cum
1892 2778 1948 2821 si·

1046 2832 1155 2875 lent.
1168 2831 1308 2889 Vict.)
1329 2831 1475 2877 Rhen.
1501 2849 1598 2892 sqq.
1658 2837 1717 2878 de
1738 2851 1825 2891 quo
1847 2838 1947 2891 ipso

1044 2889 1113 2933 ed.
1137 2888 1257 2947 Spir-

1100 2961 1185 2989 seu
1227 2947 1508 2992 conscientia
1550 2966 1584 2994 c.
1627 2968 1663 2995 c.
1708 2959 1790 2996 est.
1873 2952 1948 2997 Sic

1043 3002 1179 3048 MSS.
1212 3013 1256 3047 et
1275 3013 1384 3050 vett.
1409 3006 1512 3051 edd.
1546 3023 1718 3053 omnes.
1775 3008 1948 3067 Perpe-

1045 3078 1142 3106 ram
1169 3060 1380 3106 Oberlin.
1406 3079 1507 3123 sqq.
1536 3081 1584 3108 ex
1603 3064 1799 3110 Acidalii
1827 3068 1943 3110 alio-

1046 3135 1240 3176 rumque
1284 3120 1502 3179 opinione
1553 3123 1793 3167 ediderunt
1842 3140 1948 3168 con-

1046 3177 1303 3220 scientiam.
1358 3177 1472 3234 Nan»
1498 3180 1687 3224 verbum
1710 3181 1949 3239 consessus

1049 3243 1115 3276 est
1137 3233 1268 3278 habet
1304 3236 1613 3290 accusativum
1647 3254 1777 3281 suum
1809 3244 1947 3295 quod,

1047 3299 1090 3334 et
1114 3289 1162 3332 in
1185 3293 1334 3335 verbis
1358 3292 1480 3336 Vinii
1516 3294 1620 3338 latet
1651 3297 1873 3340 confessio
1901 3315 1946 3340 se

1047 3364 1151 3391 cum
1176 3347 1359 3392 Othone
1394 3352 1678 3410 conspirare,
1710 3347 1945 3410 11111110νὶ-

1046 3404 1148 3448 111113
1186 3413 1282 3448 tuni
1318 3414 1395 3449 aut
1435 3407 1558 3451 finxit
1591 3408 1834 3454 formidine
1871 3420 1946 3455 aut

1046 3462 1322 3507 conscientia
1354 3464 1679 3509 coniurationis
1697 3467 1945 3511 ,confessus

1046 3519 1172 3562 esth.
1202 3537 1239 3563 e.
1268 3529 1343 3564 aut
1370 3522 1584 3566 mentitus
1610 3532 1674 3566 est
1701 3523 1942 3569 formidine

1019 3586 1120 3619 -aut
1152 3592 1252 3620 vera
1286 3578 1389 3621 dixit
1420 3579 1695 3624 conscientia
1730 3583 1943 3626 coniura-

1851 3695 1885 3714 θ»
