2138 4030
1742 195 1792 232 A.
1805 193 1954 233 usu.

1742 241 1794 274 A·
1806 238 1877 279 04-
1897 241 1955 281 71.

194 197 328 277 444
685 179 687 181 ’
761 153 1473 259 uls‘rofflARuM

193 367 228 404 ‚-,
239 327 640 407 pellerentur?
693 327 837 384 socii
863 347 1030 402 saepe
1054 327 1240 385 nostri
1269 329 1530 386 exscindi
1563 331 1741 391 urbes
1777 350 1912 389 suas
1932 350 2040 414 'se-

194 434 358 493 „que
407 434 540 470 cum
585 413 932 486 coniugibus
985 432 1050 467 ac
1098 412 1300 468 liberis
1348 414 1594 480 cremari
1647 416 2039 490 pertulerunt,

191 549 228 573 „
248 518 438 576 neque
463 498 624 555 aliud
645 499 900 572 pretium
926 496 1111 555 exitus
1145 517 1322 573 quam
1361 498 1504 556 fides
1537 500 1827 577 famaque.
1913 499 2039 573 Ta-¹

188 587 424 658 „lerant
449 603 580 649 cum
611 582 862 638 maxime
898 581 1162 656 inopiam
1194 583 1609 660 obsidiumque
1629 584 1804 660 'apud
1825 584 2038 643 Vetera

190 670 499 744 „legiones
523 688 630 724 nec
664 679 886 723 terrore
917 671 1019 722 aut
1050 667 1353 740 promissis
1377 669 1785 730 demoventur.
1843 670 2038 728 mobis

192 774 414 830 „super
459 773 619 809 arma
657 763 714 807 et
752 751 913 818 viros
947 761 1006 806 et
1045 751 1271 824 egregia
1307 764 1630 811 castrorum
1669 754 2038 812 munimenta

190 843 599 913 „framentum
640 847 698 892 et
741 847 1098 892 commeatus
1133 837 1402 911 quamvis
1439 838 1616 912 longo
1658 840 1817 896 bello
1851 859 2037 915 pares.

186 926 480 1002 „pecunia
522 941 712 996 nuper
757 921 930 977 etiam
969 921 1249 977 donativo
1301 922 1556 997 suffecit:
1621 926 1780 1001 quod
1831 925 1953 981 sive
2003 945 2037 981 a

189 1009 595 1086 „Vespasiano
632 1007 754 1061 sive
787 1026 819 1061 a
846 1005 1087 1062 Vitellio
1115 1008 1316 1062 datum
1348 1008 1721 1083 interpretari
1744 1010 2038 1080 mavultiS‚

184 1097 305 1169 „ab
335 1096 685 1169 imperatore
709 1104 862 1148 certe
884 1087 1160 1148 Romano
1190 1093 1508 1166 accepistis,
1587 1091 1715 1151 Tot
1741 1095 2034 1150 bellorum
2099 1097 2105 1106 ‘

183 1183 512 1254 „victoreS,
576 1177 734 1252 apud
771 1173 1140 1245 Geldubam,
1208 1178 1364 1251 apud
1402 1176 1615 1234 Vetera
1650 1179 1782 1235 fuso
1819 1179 2034 1236 totiens

183 1263 425 1338 ‚,hoste‚
464 1263 515 1319 si
537 1261 761 1337 pavetis
789 1262 1003 1330 aciem,
1047 1261 1359 1334 indignum
1396 1262 1457 1318 id
1494 1263 1762 1339 quidem:
1809 1266 1909 1321 sed
1950 1276 2035 1320 est

181 1351 450 1423 „vallum
494 1347 771 1423 murique
810 1359 867 1403 et
902 1343 1177 1403 trahendi
1219 1359 1399 1416 arteS,
1460 1349 1646 1404 donec
1684 1369 1714 1404 e
1749 1349 2033 1424 proximis

179 1433 544 1512 „provinciis
594 1432 810 1489 auxilia
861 1433 1261 1507 exercitusque
1308 1445 1679 1493 concurrant.
1788 1435 1879 1490 sin
1928 1454 2030 1509 ego

181 1569 219 1593 ‚‚
237 1521 607 1596 displiceam,
660 1528 799 1574 sunt
851 1518 954 1573 alii
994 1517 1196 1591 legati,
1246 1519 1503 1587 tribuni,
1561 1520 1826 1577 centurio
1863 1521 2032 1576 deni-

180 1627 346 1684 „que
385 1616 486 1661 aut
515 1604 716 1671 mileS‚
764 1623 839 1659 ne
879 1598 991 1658 hoc
1028 1602 1363 1677 prodigium
1403 1614 1526 1660 toto
1562 1616 1854 1666 terrarum
1887 1606 2030 1662 orbe

179 1693 526 1766 ‚‚vulgetur‚
566 1689 737 1746 vobis
776 1688 1126 1746 satellitibus
1162 1685 1414 1744 Civilem
1449 1699 1506 1744 et
1548 1687 1870 1762 Classicum
1912 1689 2030 1747 Ita-

235 1972 290 1998 σε
309 1955 475 1998 liberis.
527 1952 609 1996 Ed.
625 1951 739 2011 Spir.
764 1960 809 1996 ec
832 1953 998 1996 liberis.
1018 1976 1063 1987 -

1137 1965 1253 1994 sane
1292 1966 1399 2005 ego,
1451 1951 1572 2009 quod
1606 1950 1860 2009 praesu-unt
1893 1951 2027 1995 ceteri

178 2014 288 2058 Mox
318 2012 473 2055 eadem
511 2012 679 2070 pergit:
707 2011 947 2067 saumque
985 2019 1066 2053 tu·
1482 2010 1490 2018 ”

1139 2009 1261 2052 libri.
1332 2010 1445 2052 Nam
1480 2009 1717 2064 indignum
1743 2018 1807 2053 est
1829 2010 1942 2053 duce
1968 2010 2028 2053 fa·

177 2075 365 2115 lerant:
399 2086 504 2112 cum
527 2071 738 2114 maxime
762 2078 846 2111 etc.

234 2169 338 2196 cum
373 2152 599 2194 maxime.
669 2151 746 2195 Sic
775 2152 909 2195 MSS.
940 2153 1064 2195 Flor.

176 2213 292 2268 (test.
328 2210 462 2264 Vict.)
496 2209 603 2266 Reg.
639 2209 757 2252 Bud.
804 2209 905 2252 edd.
943 2209 1062 2267 Spir.

173 2270 382 2314 Rhenan.
408 2267 510 2309 Ald.
535 2282 635 2324 sqq.
661 2290 714 2299 —
760 2281 888 2308 nunc
910 2268 1065 2309 maxi-

173 2345 250 2371 me
275 2325 378 2369 MS.
400 2324 532 2367 Bodl.
567 2324 669 2366 edd.
703 2323 804 2367 Put.
841 2325 906 2366 M.
941 2333 984 2367 et
1009 2325 1063 2368 V.

145 2410 147 2413 ·
171 2384 381 2430 Beroald.
407 2381 564 2426 Alciat.
589 2405 647 2415 —
705 2396 824 2437 quur·
843 2382 916 2425 vel
949 2396 1067 2438 quor

174 2443 249 2499 (h.
281 2459 320 2485 e.
354 2443 463 2493 cur)
513 2453 634 2481 mmo
672 2439 889 2481 maxime
927 2439 1064 2482 MSS.

175 2499 325 2545 Guelf.
346 2497 470 2542 Harl.
497 2497 580 2540 les.
650 2495 710 2540 cf.
734 2505 831 2540 not.
853 2497 907 2541 ad
933 2513 971 2540 c.
996 2498 1064 2541 55.

227 2587 355 2640 apud
367 2583 544 2625 Vetera
564 2582 780 2634 legiones.
833 2580 934 2624 MS.
947 2580 1064 2626 Bud.

173 2650 218 2686 et
242 2643 311 2686 ed.
337 2640 455 2699 Spir.
482 2642 610 2693 apud
643 2645 821 2681 veteres
848 2640 1063 2693 legiones.

171 2700 277 2746 MS.
303 2697 454 2742 Guelf.
481 2699 610 2750 apud
632 2703 816 2739 veteres
836 2698 1061 2750 legiones.

231 2787 553 2827 demoveretur.
612 2779 716 2826 MS.
739 2778 893 2823 Guelf.
917 2783 1063 2826 dimo-

172 2839 478 2943 πέειὲιιὶυνὲοοοὶ.
515 2845 608 2882 not.
643 2837 698 2880 ad
733 2836 826 2881 An.
853 2839 894 2890 2,
915 2839 987 2883 43.
1022 2847 1064 2882 et

233 2989 279 3027 et
299 2982 442 3025 viros.
500 2978 601 3024 MS.
615 2979 764 3023 Guelf.
786 2988 831 3023 et
851 2980 987 3024 vires.
1008 3004 1065 3014 —

173 3041 286 3086 Mox
305 3038 371 3083 ed.
386 3037 504 3097 Spir.
522 3044 567 3080 et
583 3039 806 3080 donativo
821 3053 905 3096 pro
924 3038 1064 3083 etiam

175 3098 412 3148 donativo.

232 3166 423 3222 suffecit.
482 3163 546 3206 Ex
578 3165 891 3209 emendatione
916 3163 1068 3222 Lipsii,

175 3241 310 3284 quam
345 3222 394 3265 in
424 3220 576 3268 locum
610 3224 778 3281 primus
800 3221 971 3280 recepit
992 3222 1064 3264 Pi-

175 3283 331 3328 ebena.
392 3277 526 3324 MSS.
567 3289 608 3322 et
638 3290 808 3323 veteres
845 3281 1064 3326 editiones

173 3339 362 3397 sufficit.
433 3337 492 3380 At
524 3336 784 3381 donativum
818 3338 906 3381 iam
941 3334 1079 3381 acce-'

178 3406 351 3459 perant.

233 3469 308 3510 sin
347 3481 445 3522 ego.
534 3463 611 3508 Sic
643 3464 746 3508 MS.
774 3464 885 3522 Reg.
921 3472 963 3506 et
995 3465 1064 3506 ed.

176 3524 322 3589 Spin,
378 3523 499 3585 quod
551 3520 691 3579 inagis
742 3521 886 3583 placet
931 3537 1063 3585 quam

1139 2068 1222 2108 teri
1273 2076 1406 2125 atque
1459 2065 1732 2109 concedere:
1786 2079 1911 2110 sane
1945 2083 2028 2122 ego

1136 2124 1427 2177 displiceam.
1451 2147 1507 2156 —
1547 2122 1634 2165 Sin
1658 2123 1838 2183 respicit
1862 2125 1916 2168 ad
1942 2127 1995 2169 si.

1191 2222 1398 2262 centurio
1417 2220 1616 2275 denique
1638 2228 1719 2262 aut
1738 2223 1890 2263 miles.
1950 2221 2028 2264 Sic

1136 2277 1238 2319 edd.
1271 2276 1390 2342 Spir.
1426 2277 1527 2320 Put.
1562 2276 1627 2323 M.
1660 2285 1703 2319 et
1724 2277 1780 2320 V.
1814 2277 2024 2321 Beroald.

1137 2339 1262 2388 (cum
1285 2333 1352 2375 sil.
1371 2334 1509 2390 Vict.)
1535 2335 1656 2385 Alc„
1682 2349 1815 2392 quam
1839 2335 2026 2392 scriptu-

1135 2408 1228 2434 ram
1253 2390 1426 2448 Lipsius
1458 2392 1648 2435 restituit
1675 2407 1698 2434 e
1723 2391 1949 2437 veteribus
1976 2391 2026 2435 li-

1136 2449 1245 2492 bris.
1288 2477 1346 2484 —
1415 2450 1707 2505 centurioque
1760 2456 1844 2491 aut
1897 2452 2027 2493 miles

1136 2506 1270 2550 MSS.
1296 2506 1451 2549 Guelf.
1485 2505 1606 2549 Harl.
1636 2505 1767 2550 Bodl.
1803 2507 1883 2555 les.
1913 2508 2025 2551 Bud.

1137 2563 1238 2606 edd.
1265 2564 1463 2610 Rhenan.
1492 2561 1595 2606 Ald.
1618 2563 1794 2621 Micyll.
1816 2593 1876 2600 —
1924 2580 2026 2608 een-

1137 2622 1259 2664 turio
1282 2623 1475 2677 denique
1494 2628 1539 2663 et
1564 2622 1700 2664 miles
1722 2621 1826 2666 MS.
1847 2621 1954 2680 Reg.

1193 2724 1289 2758 toto
1322 2724 1562 2759 terrarum
1595 2720 1718 2760 orbe.
1793 2717 1916 2762 Haec
1946 2719 2024 2763 Er·

1135 2774 1280 2818 uestio
1315 2773 1579 2818 videbantur
1609 2774 1769 2832 frigida
1798 2784 1842 2819 et
1871 2793 2022 2836 suspe-

1136 2840 1223 2875 eta.
1284 2830 1346 2874 At
1371 2831 1484 2874 inest
1514 2833 1687 2890 egregia
1714 2832 1806 2884 vis,
1835 2843 1884 2877 nt
1907 2844 2022 2876 atro·

1135 2888 1368 2931 cissimum
1423 2889 1698 2932 describatur
1749 2891 2024 2948 prodigium.

1134 2945 1270 2989 Levia
1316 2946 1433 2988 enirn
1482 2946 1685 3004 prodigia
1724 2947 1884 3005 procul
1929 2964 2023 2992 non

1135 3002 1401 3047 audiuntur:
1453 3021 1544 3062 quo
1581 3013 1730 3048 autem
1766 3014 1871 3048 sunt
1899 3013 2023 3051 atro-

1136 3061 1284 3111 ciora,
1315 3077 1367 3103 eo
1393 3061 1684 3119 divulgantur
1708 3060 1896 3119 longius.
1942 3062 2023 3107 Ce-

1137 3127 1284 3160 terum
1327 3126 1530 3161 veterum
1580 3119 1801 3162 librorum
1827 3124 2021 3168 auctori·

1138 3183 1227 3218 tate
1293 3175 1470 3234 plenam
1524 3175 1860 3220 distinctionem
1920 3187 2023 3235 post

1136 3235 1269 3276 miles
1299 3233 1480 3285 sustuli,
1510 3250 1642 3292 quam
1670 3232 1909 3279 Rhenanus
1965 3237 2022 3278 ri-

1135 3306 1235 3333 mus
1264 3300 1491 3348 posuerat.
1548 3291 1663 3334 Nam
1689 3293 1907 3335 sententia
1933 3251 2020 3336 foci

1135 3355 1222 3391 est:
1263 3348 1381 3392 Sunt
1405 3348 1475 3390 alii
1502 3365 1551 3391 ex
1576 3349 1737 3406 quibus
1759 3349 1919 3393 ducem
1945 3350 2019 3393 eli-

1137 3405 1269 3463 gatis,
1313 3421 1368 3447 nc
1392 3404 1582 3451 Civilem
1610 3414 1653 3448 et
1673 3403 1915 3450 Classicum
1940 3407 2017 3450 du-

1137 3479 1210 3506 ces
1245 3463 1436 3507 habeatis
1468 3472 1509 3507 et
1540 3477 1600 3506 ne
1633 3466 1720 3507 hoo
1753 3465 2019 3519 prodigium

1139 3531 1225 3565 etc.
