2138 4030
715 34 755 51 ο

230 247 454 326 Ans-8233
670 222 841 311 Lm.
879 248 1022 309 ηιμ
1068 247 1183 308 CA
1199 249 1264 311 P.
1302 252 1356 310 1.
1392 251 1451 309 e.
1863 248 1988 308 253

230 293 346 330 A.c.
401 307 412 327 a

144 384 538 441 tiaedecumae
575 378 822 452 legionis
850 389 1263 437 convenerant.
1347 377 1470 433 illic
1505 377 1822 450 agitavere,
1863 381 1993 454 pla-

144 479 374 525 ceretne
422 465 651 523 obstrui
685 462 1032 520 Pannoniae
1061 459 1274 539 Alpes,
1328 462 1515 518 donec
1555 482 1589 518 a
1633 475 1793 538 tergo
1838 465 1993 522 vires

142 553 448 610 universae
486 559 929 620 consurgerent,
998 569 1074 606 an
1110 550 1196 605 ire
1232 547 1499 604 cominus
1535 558 1591 603 et
1630 561 1846 606 certare
1883 569 1990 625 pro

62 651 70 658 “
142 636 311 694 Italia
338 635 701 692 constantius
725 634 896 692 foret.
983 632 1218 706 Quibus
1243 632 1503 707 opperiri
1530 633 1747 689 auxilia
1779 646 1836 690 et
1871 647 1993 691 tra-=

147 719 287 778 here
329 721 554 777 bellum
589 719 932 788 videbatur,
1004 717 1494 775 Germanicarum
1530 717 1832 791 legionum
1868 720 1993 775 vim

142 809 473 881 famamque
517 804 905 872 extollebant,
962 814 1019 860 et
1057 803 1362 860 advenisse
1398 821 1537 857 mox
1574 822 1710 859 cum
1749 801 1990 860 Vitellio

63 914 71 919 ’
143 889 473 948 Britannici
502 889 785 946 exercitus
822 889 1064 944 robora:
1120 887 1260 963 ipsis
1297 907 1406 943 nec
1441 907 1753 943 numerum
1793 907 1993 963 parem

143 977 446 1051 pulsarum
470 994 661 1048 nuper
684 973 1012 1046 legionum,
1059 985 1113 1029 et
1134 992 1470 1049 quanquam
1493 971 1766 1028 atrociter
1787 973 1994 1050 loque-

143 1072 378 1129 rentur,
416 1056 710 1115 minorem
743 1078 866 1114 esse
898 1059 1055 1133 apud
1079 1058 1264 1113 victos
1299 1057 1583 1116 animum.
1656 1055 1771 1112 ”sed
1804 1057 1995 1113 inses-

146 1146 223 1202 sis
258 1144 497 1201 interim
527 1144 783 1218 Alpibus
816 1155 1132 1200 venturum
1166 1162 1300 1199 cum
1341 1142 1523 1217 copiis
1555 1137 1824 1199 Orientis
1851 1141 1993 1214 Mu-

146 1231 396 1289 cianum.
495 1247 795 1304 superesse
833 1227 1191 1302 Vespasiano
1233 1246 1423 1296 mare,
1495 1227 1734 1296 classeS,
1799 1227 1994 1284 studia

143 1314 612 1390 provinciarum,
653 1333 759 1387 per
785 1332 930 1389 quas
967 1313 1131 1368 velut
1170 1312 1412 1368 alterius
1449 1311 1593 1367 belli
1625 1313 1841 1368 molem
1876 1313 1994 1369 cie-

143 1411 249 1459 ret.
335 1399 415 1454 ita
443 1398 666 1454 salubri
689 1418 856 1454 mora
878 1402 1065 1454 novas
1092 1397 1246 1454 vires
1279 1398 1482 1454 adfore
1508 1408 1566 1454 et
1590 1397 1994 1472 praesentibus

80 1513 84 1517 ⁴
120 1478 296 1540 vnihil
319 1483 666 1558 periturum.

313 1593 390 1654 IL
476 1589 574 1651 Ad
627 1613 692 1650 ea
738 1586 1037 1667 Antonius
1078 1591 1313 1649 Primus
1363 1590 1442 1671 (is
1492 1593 1811 1650 acerrimus
1849 1593 1994 1650 belli

144 1677 491 1758 concitator)
520 1678 954 1748 festinationem
980 1678 1120 1754 ipsis
1148 1679 1383 1748 utilem,
1418 1676 1661 1735 Vitellio
1691 1678 1993 1736 exitiosam

144 1765 437 1824 disseruit.
522 1763 656 1838 plus
682 1763 982 1819 socordiae
1006 1783 1183 1838 quam
1206 1764 1453 1819 fiduciae
1478 1763 1779 1819 accessisse
1808 1764 1995 1821 vict-o-

143 1853 327 1910 ribus,
412 1868 604 1924 neque
633 1848 791 1903 enim
816 1848 879 1902 in
907 1848 1215 1922 procinctu
1252 1859 1311 1904 et
1350 1848 1551 1905 castris
1584 1844 1846 1918 habitos,
1888 1869 1994 1923 per

145 1935 342 1992 omnia
369 1931 570 1990 Italiae
595 1927 915 2006 municipia
943 1933 1197 2002 desideS,
1241 1944 1471 1990 tantum
1503 1929 1835 2007 hospitibus
1867 1953 1995 1989 me-

144 2021 426 2088 tuendOS,
469 2029 689 2094 quanto
715 2017 967 2073 ferocius
991 2028 1124 2076 ante
1150 2037 1208 2073 se
1234 2019 1486 2090 egerint,
1529 2028 1692 2074 tanto
1721 2018 1993 2094 cupidius

147 2105 411 2161 insolitas
447 2102 775 2177 voluptates
813 2097 1091 2162 hausisse.
1177 2102 1330 2159 circo
1373 2123 1606 2183 quoque
1642 2115 1713 2159 ‘ac
1749 2099 1993 2160 theatris

144 2201 199 2247 et
241 2188 590 2247 amoenitate
624 2187 789 2244 urbis
825 2187 1118 2245 emollitos
1161 2198 1262 2244 aut
1309 2188 1749 2246 valetudinibus
1793 2189 1991 2248 fessos.

200 2448 379 2488 obstrui
389 2443 657 2487 Pannoniae
679 2444 836 2496 Alpes.
901 2441 1030 2497 Quae
1146 2444 1517 2501 festinationem.
1593 2444 1674 2490 Ed.
1703 2445 1822 2503 Spir.
1845 2446 1989 2501 fisci·
2065 2489 2071 2497 ,

145 2504 269 2562 prius
299 2502 386 2546 iam
413 2500 641 2560 praesidiis
667 2501 858 2543 insessae
879 2501 931 2542 ad
955 2515 1029 2543 re-
1100 2506 1304 2547 natione.
1366 2504 1576 2560 Neglecta
1617 2511 1680 2545 est
1712 2502 1875 2546 lineola
1910 2520 1991 2546 su-

145 2561 350 2606 tiuendos
364 2559 558 2603 nuntios.
619 2556 680 2601 cf.
706 2573 827 2615 supr.
846 2557 886 2608 2,
910 2558 980 2600 98.
1100 2576 1180 2616 per
1195 2577 1218 2604 e
1239 2570 1454 2604 extremo.
1469 2588 1527 2597 --
1567 2560 1679 2603 Ron
1697 2560 1990 2617 eademfidu-

201 2617 420 2674 opperiri.
487 2615 572 2658 Ed·
605 2615 722 2672 Spir.
757 2616 943 2669 operis-i.
972 2638 1030 2655 ··.-
1101 2619 1209 2662 tiae.
1239 2643 1294 2654 -—
1354 2618 1474 2662 Dein
1513 2631 1662 2674 neque
1695 2617 1746 2659 in
1775 2621 1990 2672 procincta

143 2676 253 2718 Mox
279 2675 433 2717 eadem
461 2673 715 2716 Micianum
744 2687 827 2730 pro
847 2671 1030 2715 Mucia-
1100 2675 1262 2720 omissa
1305 2675 1520 2732 particula
1562 2675 1707 2724 enim,
1756 2690 1869 2732 quae
1911 2691 1991 2733 per

145 2749 275 2776 num.
864 2788 868 2789 ⁷
1101 2733 1420 2790 compendium
1462 2747 1525 2777 .n.
1572 2731 1736 2789 scripta
1775 2730 1990 2776 facillime
2046 2738 2055 2750 ⁸

200 2801 379 2858 adfore.
427 2798 1031 2857 sicMs.F10r.(1est.viet.)
1101 2791 1246 2850 potuit
1263 2789 1492 2834 absorberi
1514 2803 1537 2830 a
1561 2787 1761 2845 sequenti
1782 2790 1842 2832 in-

144 2859 212 2904 ed·
235 2858 352 2916 SPir·
383 2882 439 2889 ···
496 2857 643 2910 0ff01‘8
669 2858 772 2902 edd·
798 2858 832 2900 P
838 2865 899 2901 ²¹¹·
924 2873 1026 2915 sqq·
1157 2881 1363 2918 tantum,
1393 2871 1652 2924 hospitibus
1700 2876 1987 2923 metuendos,

146 2932 248 2962 Cum
273 2915 374 2960 00‘1·
395 2913 545 2958 Guelf·
1099 2939 1276 2986 quanto
1292 2929 1508 2980 ferocius.
1561 2928 1662 2972 MS.
1677 2927 1826 2972 Guelf.
1850 2937 1984 2972 tauto

200 2988 312 3032 (ΞΜ),
343 2988 385 3030 2.
445 2986 713 3029 concitator.
783 2986 858 3030 Sic
888 2987 1025 3031 MSS.
1097 2990 1350 3041 hospitibus
1383 2989 1637 3028 metuendo
1673 2995 1848 3042 quanto
1870 2988 1983 3043 sot·-

143 3045 261 3088 Bnd.
288 3043 410 3086 Harl.
446 3042 574 3085 Bodl.
614 3042 694 3086 les.
729 3042 880 3088 Guelf.
922 3044 1024 3087 edd·
1096 3048 1205 3089 tius.
1536 3043 1544 3048 ⁴

142 3102 246 3146 Put.
277 3099 487 3143 Beroald.
521 3103 642 3152 (cum
671 3100 738 3143 sil.
765 3099 898 3157 vict.)
925 3116 1023 3158 sqq.

140 3185 197 3193 —
242 3157 436 3217 Ryckius
469 3164 651 3200 testatur
681 3157 727 3199 in
761 3157 863 3201 MS.
897 3158 1020 3201 Flor.

138 3212 224 3273 [egi
278 3216 568 3258 commutor.
603 3237 661 3248 —
729 3215 1026 3257 concionator

144 3272 251 3328 (sive
283 3272 595 3324 contionatur)
625 3271 758 3315 MSS.
784 3272 891 3329 Agr.
913 3271 1023 3329 Reg.

143 3331 282 3376 Corb.
300 3327 451 3372 Guelf.
474 3327 542 3382 (in
569 3329 784 3394 margine)
809 3331 880 3373 ed.
904 3328 1021 3387 Spir-

142 3388 270 3444 Quae
299 3385 518 3483 scripkura
548 3384 719 3482 Rycskio
763 3400 857 3428 non
894 3401 1023 3443 sper-
1152 3400 1206 3451 ορ
1235 3383 1446 3481 theaginis.
1524 3381 1605 3479 lllid.
1640 3380 1760 3479 γὸμὶικ
1793 3388 1837 3422 et
1875 3388 1976 3480 ιιῖι-

141 3442 542 3597 ἒὲῗάἳιιζὶἓῖιᾚ
557 3471 604 3541 ‘a
625 3442 724 3546 635‘3
759 3442 831 3543 3ss
856 3445 1021 3558 {225111412
1090 3443 1329 3540 ἕῖἶῖιὶῑῖἱωω
1339 3513 1356 3548 ,-
1381 3445 1790 3551 ιῖἶέρῗιᾭέἔξίῖὶὲἱ
1799 3453 1975 3549 ‘'1532-

143 3559 339 3600 concitat·
396 3570 418 3596 e
457 3557 488 3598 ι’.
1088 3559 1300 3610 niuesque.

1150 3144 1202 3173 se
1237 3128 1425 3181 egerint.
1509 3124 1823 3170 Lallemandus
1865 3125 1983 3170 delet

1094 3202 1158 3231 se.
1205 3183 1376 3227 Verum
1393 3184 1507 3227 inest
1530 3184 1666 3227 verbo
1689 3185 1812 3227 notio
1837 3193 1982 3226 osten-

1094 3243 1216 3288 tandi
1239 3251 1281 3285 et
1315 3256 1366 3284 se
1397 3241 1572 3294 egerint
1599 3242 1770 3284 dictum
1801 3249 1864 3283 est
1895 3256 1979 3298 pro

1093 3316 1142 3345 se
1166 3303 1346 3355 agendo
1366 3300 1667 3342 ostenderint.
