2138 4030
41 2586 48 2594 -
107 2562 234 2608 cavil-

204 260 232 294 A
245 285 252 293 .
272 258 322 293 15.
337 257 422 292 823.

201 306 252 338 A.
273 302 318 337 C.
362 301 423 339 w,

614 264 619 267 ’
639 261 690 319 L
709 260 733 317 Ι
750 260 817 320 Β.
859 259 964 320 Ill.

1045 256 1243 318 CAP.
1282 257 1340 320 5.
1377 261 1435 320 6.

1838 265 1965 346 259

114 416 223 452 nec
253 391 347 450 his
374 402 474 448 aut
512 389 631 447 illis
663 391 955 475 proelium
989 388 1381 459 tentantibUS,
1435 389 1670 448 fortuna
1707 396 1974 471 partium*

114 479 257 538 alibi
284 487 591 539 transacta.

282 561 385 618 vl.

1202 496 1227 515 ,yn

471 557 736 618 Antonio
784 558 1117 614 vexillarios
1165 577 1196 614 e
1245 553 1588 615 cohortibus
1638 571 1694 617 et
1740 574 1963 637 partem

113 649 378 724 equitum
416 647 487 702 ad
526 644 920 700 invadendam
947 641 1177 699 Italiam
1210 641 1469 717 rapienti
1496 663 1688 700 comes
1711 646 1823 705 fuit
1845 646 1987 708 Ar-.

111 734 242 790 rius
258 731 451 788 Varus
465 775 480 799 ,
522 741 795 786 strenuus
831 728 988 783 bello
1005 773 1019 797 ‚

114 818 339 874 buloet
369 833 678 891 prosperae
705 813 769 868 in
794 807 1076 869 Armenia
1103 832 1194 868 res
1228 811 1595 873 addiderant.

1063 747 1236 804 quam
1279 726 1526 799 gloriam
1566 740 1621 785 et
1655 730 1773 786 dux
1814 731 1964 791 Cor..

1681 814 1837 872 idern
1874 838 1965 874 se·-

113 902 285 958 cretis
321 901 477 976 apud
511 899 808 956 Neronem
854 898 1220 971 sermonibus
1269 897 1565 955 ferebatur
1606 894 1964 961 Corbulonis

169 1159 250 1187 nec
270 1145 342 1186 his
360 1153 446 1185 aut
470 1146 578 1188 illz’s.
637 1141 714 1185 Sic,
733 1141 865 1186 MSS.
879 1143 1000 1187 Flor.

113 1206 228 1255 (test.
253 1201 400 1257 Pich.)
431 1201 579 1244 Guelf.
612 1202 730 1243 Harl.
759 1199 1000 1244 Bodlvles.

114 1261 252 1302 Corb.
289 1260 388 1301 edd.
417 1259 518 1302 Pnt.
547 1257 752 1300 Beroald.
781 1259 904 1311 (curn
932 1257 1001 1301 sil.

113 1317 254 1372 Vici.)
282 1317 376 1358 Ate.
401 1326 441 1358 et
468 1316 568 1358 dein
592 1314 713 1358 t‘ieh.
738 1315 872 1357 Grut.
899 1331 998 1371 sqq.

114 1401 168 1409 -
193 1390 274 1416 nec
296 1374 388 1414 illis
411 1381 495 1414 out
525 1375 595 1414 his
619 1374 687 1414 ed.
713 1372 848 1428 Lipsii
878 1373 1000 1416 1607.

115 1458 167 1463 —
197 1446 320 1474 nunc
342 1432 413 1473 his
433 1439 515 1472 auc
542 1432 634 1472 z‘llt‘s
658 1430 758 1473 MS.
781 1429 890 1486 ch.
925 1430 998 1472 ed.

111 1490 226 1548 Spir.
246 1514 298 1521 —-
330 1503 449 1529 mmo
470 1489 564 1529 illis
584 1493 668 1528 aut
689 1490 756 1530 lu's
769 1485 868 1530 MS.
883 1487 999 1530 Bud.

112 1547 210 1589 edd.
236 1546 377 1588 Rhen.
403 1544 506 1587 ΑΜ.
532 1561 630 1602 sqq.

166 1617 279 1659 CAP.
302 1617 344 1658 6.
407 1615 698 1658 vexillarios.
757 1614 840 1657 Ed.
875 1613 996 1671 Spir.

109 1676 375 1717 vexillario.
415 1696 472 1704 —-
542 1674 649 1715 Mox
699 1672 801 1715 MS.
845 1670 994 1714 Guelf.

109 1732 355 1774 Immde'clii
387 1746 468 1788 pro
501 1731 836 1773 invadendam.

166 1803 330 1845 Arrius
344 1801 517 1842 Varus.
575 1799 652 1841 Sic
676 1799 776 1841 odd.
793 1797 997 1841 Reroald.

111 1875 207 1915 sqq.
228 1882 284 1891 -
330 1859 500 1900 Arrius
514 1857 698 1899 Varrus
722 1856 821 1898 MS.
840 1855 994 1901 Guelf.

111 1917 211 1960 edd.
235 1915 351 1972 Spir.
382 1915 483 1957 Put.

168 2003 311 2043 qnam
336 1988 537 2040 gloriam
565 1993 610 2028 et
642 1989 744 2028 dux
768 1994 851 2028 ete.

108 2044 239 2089 R'IJJS.
285 2044 403 2086 Flor.
449 2050 587 2099 (teste
620 2043 822 2100 Ryekio)
869 2041 995 2085 Harl.

110 2102 238 2146 Bodl.
264 2102 340 2143 les‘.
361 2100 509 2144 Guelf.
534 2100 635 2144 edd.
662 2102 761 2145 Put.
788 2098 995 2142 Beroald.

107 2164 228 2216 (cuin
256 2159 322 2201 sil.
350 2159 486 2216 vict.)
508 2155 606 2201 Alc'.
634 2158 776 2202 Rhen.
803 2157 907 2200 Ald.
938 2183 997 2192 --

112 2219 243 2261 MSS,
270 2215 397 2272 l.ipsii
426 2225 468 2259 et
494 2215 602 2272 Reg.
632 2215 769 2260 Corb.
793 2214 994 2272 ed.Spir.

108 2278 275 2319 addunt
306 2274 456 2325 magis
489 2281 589 2315 ante
623 2289 765 2328 quam
797 2281 838 2320 et
863 2288 992 2328 prae-

107 2343 227 2375 tex-ea
251 2330 382 2374 MSS.
399 2329 531 2387 Lipsii
556 2338 597 2372 et
622 2331 821 2394 ed.Spir.
844 2331 994 2371 ferunt

106 2391 261 2445 gloria
314 2403 395 2445 pro
439 2389 667 2442 gloriam.-
725 2388 909 2430 tortasse
952 2394 993 2428 et

108 2447 243 2491 MSS.
275 2445 382 2500 Reg.
412 2454 453 2488 et
490 2445 624 2489 Corb.
725 2445 837 2487 Nam
871 2444 988 2486 Bro-

108 2505 246 2549 terius
271 2518 363 2544 non
390 2502 492 2544 satis
513 2509 719 2544 accurate
748 2502 853 2544 haec
879 2501 992 2542 indi-

307 2558 407 2601 ΜΒ.
435 2560 542 2615 Agr.
575 2568 720 2601 totum
754 2559 902 2602 locum
927 2574 991 2599 re-

415 2625 637 2659 slrenuus
680 2618 796 2657 bello
840 2616 994 2668 magis

920 1984 997 2028 Sic

107 2619 231 2674 fingit
276 2618 356 2660 ita:

30 2666 43 2699 ‚‘
106 2692 245 2734 quum
270 2678 505 2717 honestus.
544 2675 747 2726 gloriam
771 2677 871 2714 dux
889 2674 992 2713 Cor-

821 2727 990 2772 recenti

815 2789 862 2829 ln
889 2785 992 2829 edd.

106 2738 208 2779 bulo
237 2741 318 2776 ete.
410 2731 496 2773 Sed
551 2734 773 2772 honestus

110 2807 240 2834 manu
265 2805 396 2845 supra
427 2787 629 2831 additum
665 2797 739 2832 est.

106 2849 222 2906 Lips.
268 2846 392 2888 Picti.
442 2844 624 2888 Gruter.
664 2861 762 2902 sqq.
806 2844 993 2901 legitur:

103 2915 320 2949 strenuus
358 2905 498 2949 bello,
540 2917 679 2958 quam
713 2903 915 2956 gloriam
951 2901 998 2942 ei

106 2968 207 3005 dux
246 2962 291 3004 C.
325 2970 407 3003 etc.
492 2959 590 3002 Non
627 2959 758 3002 video
796 2974 879 3015 qua
916 2974 990 2999 ue·

107 3019 306 3064 cessitate
342 3017 405 3059 illi
446 3025 490 3058 el
529 3017 794 3058 mutaverint
838 3015 885 3056 in
930 3014 988 3057 ei.

106 3077 365 3119 Addiderat
390 3074 541 3117 saltem
574 3088 666 3116 non
697 3072 883 3129 requirit
912 3071 991 3113 da-

106 3135 271 3179 tivum,
319 3131 371 3174 ad
416 3146 549 3188 quem
593 3130 832 3172 reseratur:
888 3144 990 3171 nam

105 3190 307 3234 absolute
330 3189 500 3245 saepius
524 3189 586 3231 sic
608 3186 817 3245 ponitur,
849 3194 894 3228 ut
919 3185 992 3227 da-

106 3249 223 3290 tivus
262 3245 552 3300 intelligatur.
636 3244 691 3287 cf.
727 3244 812 3286 An.
848 3243 887 3293 4,
921 3243 991 3285 51‘.

108 3318 362 3358 eorumque
406 3304 615 3343 lamenta
659 3304 839 3342 addunt
884 3300 990 3342 (mi-

106 3375 222 3403 mos.
278 3362 361 3419 Avn.
378 3359 418 3408 G,
431 3358 502 3400 27.
524 3372 615 3399 non
634 3358 869 3409 permissa
885 3372 991 3411 pro-

106 3420 250 3460 vincia
270 3416 591 3470 dignationem
612 3416 876 3456 addiderat.
918 3414 991 3455 Er-

110 3472 271 3516 nestius
303 3472 572 3530 scripturam
604 3470 833 3513 Puteolani
870 3471 992 3514 resti·

108 3529 214 3577 tuit,
251 3530 296 3572 in
330 3545 415 3587 qua
451 3528 614 3571 merito
647 3527 991 3571 actuieseimus.

108 3588 335 3632 Strenuus
368 3588 488 3628 hello
521 3595 583 3628 cst
619 3585 704 3643 cpit
739 3592 843 3627 eton
888 3584 991 3642 glo-

1072 1142 1268 1185 riosume
1319 1156 1455 1199 quare
1486 1141 1588 1186 satis
1625 1151 1722 1201 apte
1760 1148 1963 1204 sequitur

1072 1215 1214 1254 quam
1243 1200 1471 1253 gloriam3
1507 1209 1548 1244 et
1575 1203 1731 1253 gloria
1759 1203 1823 1246 sic
1850 1205 1962 1249 dici·-

1071 1267 1146 1300 tur
1167 1273 1249 1314 pro
1273 1255 1468 1314 gloriosa
1493 1256 1636 1300 fama:
1669 1269 1734 1303 est
1760 1277 1863 1304 vero
1887 1262 1961 1307 hic

1070 1314 1188 1356 idem
1227 1313 1437 1370 loquendi
1464 1330 1628 1372 genus,
1659 1315 1712 1358 de
1736 1332 1825 1375 quo
1848 1319 1964 1362 dixi-

1071 1379 1171 1413 'mus
1193 1370 1246 1413 ad
1277 1375 1311 1421 l,
1331 1371 1401 1414 29.
1425 1374 1549 1425 quod
1570 1376 1737 1415 (lomus
1770 1384 1960 1421 nostrae

1072 1439 1156 1471 etc.
1248 1427 1349 1470 Non
1385 1427 1519 1483 igitur
1550 1445 1767 1488 perquam
1808 1448 1959 1485 neces-

1070 1485 1183 1528 saria
1207 1485 1383 1540 videtur
1408 1502 1499 1527 esse
1522 1488 1774 1531 emendatio
1791 1489 1959 1548 Bipon·

1069 1542 1268 1585 tinorum
1309 1543 1383 1584 cui
1423 1545 1626 1595 gloriam
1661 1553 1707 1586 el
1736 1550 1838 1589 dux
1872 1557 1960 1594 etc.

1070 1600 1312 1656 legentium
1372 1609 1415 1642 et
1455 1599 1741 1645 Gutmannus
1794 1604 1960 1650 frustra

1070 1658 1260 1699 miratur
1292 1673 1387 1698 eam
1417 1658 1722 1702 coniecturam
1750 1677 1773 1703 a
1798 1677 1959 1705 recen·
2035 1662 2038 1664 ’

1894 1719 1963 1763 11-

1069 1713 1257 1757 tioribus
1284 1714 1530 1758 editoribus
1558 1714 1822 1772 neglectam.

1069 1772 1144 1815 lud
1199 1773 1347 1824 magis
1397 1771 1684 1828 quorundam
1735 1772 1960 1824 librorum
2024 1798 2038 1829 5

1069 1827 1197 1871 nihili
1221 1837 1308 1875 est,
1340 1827 1477 1871 nisisi
1502 1837 1626 1885 putes
1651 1831 1862 1876 excidisse
1884 1849 1959 1876 vo-

1068 1885 1278 1929 cabulum
1310 1893 1406 1942 post
1442 1901 1600 1940 quom.
1683 1887 1747 1932 lta
1781 1890 1959 1935 volebat

1068 1943 1331 1985 emendator
1359 1943 1460 1985 cod.
1480 1943 1595 2001 Agr.
1662 1976 1680 1993 x

1124 2042 1431 2086 sermonibus.
1520 2043 1595 2086 Sic
1636 2043 1747 2088 MS.
1803 2045 1956 2091 Guelf.

1069 2098 1173 2141 edd.
1207 2099 1322 2156 Spir.
1358 2099 1458 2142 Put.
1494 2099 1562 2143 M.
1594 2108 1636 2143 et
1668 2101 1721 2145 V.
1752 2103 1958 2150 Beroald.

1068 2157 1189 2210 (cum
1214 2157 1282 2198 sit.
1309 2154 1448 2208 Viet.)
1482 2155 1581 2201 Alc.
1603 2158 1745 2202 Rhen.
1770 2176 1868 2219 sqq.
1902 2184 1957 2196 -

1067 2217 1331 2255 rammi-ibus
1354 2214 1453 2256 MS.
1477 2213 1593 2257 Bud.
1620 2215 1722 2260 edd.
1749 2217 1958 2263 Oberlin.

1066 2286 1162 2328 sqq.
1226 2271 1471 2313 Oberlinus
1491 2282 1709 2328 provocat
1727 2275 1780 2317 ad
1806 2277 1957 2319 locum

1065 2328 1153 2370 An.
1179 2327 1244 2377 15,
1268 2328 1337 2369 46.
1362 2329 1460 2370 iam
1483 2329 1765 2382 Spartacum
1799 2340 1844 2374 et
1878 2346 1959 2374 ve-

1066 2393 1172 2426 lera
1204 2387 1335 2427 mola
1364 2387 1631 2428 rumoribus
1649 2387 1838 2441 ferente
1868 2406 1954 2444 ρη-

1060 2444 1175 2496 pulo
1185 2461 1199 2495 ,·
1254 2443 1321 2493 15,
1343 2442 1413 2484 48.
1447 2446 1576 2485 claro
1607 2449 1733 2497 opud
1766 2449 1958 2500 vulgum

1062 2513 1254 2542 rumore
1286 2506 1414 2549 eram
1464 2501 1504 2550 2,
1531 2499 1603 2543 55.
1638 2505 1840 2546 occultus
1867 2515 1952 2545 rte-i

1064 2569 1184 2599 mor.
1271 2556 1359 2599 Sed
1395 2572 1444 2598 ex
1475 2557 1594 2600 hisce
1630 2556 1742 2601 locis
1771 2568 1952 2618 apparel

1062 2627 1276 2656 rumores
1311 2628 1404 2654 esse
1440 2630 1552 2670 quos
1580 2612 1848 2659 Germanice
1881 2618 1952 2661 di.

1065 2670 1210 2712 cimus
1250 2670 1507 2717 (struente,
1560 2671 1605 2713 h.
1637 2687 1675 2713 e.
1708 2689 1954 2728 sermones,

1065 2729 1247 2771 nuntios
1278 2728 1394 2770 sauia
1426 2742 1506 2786 per
1531 2728 1747 2786 populum
1773 2747 1954 2774 manan-

1063 2794 1142 2828 tes.
1228 2784 1318 2826 lain
1365 2799 1471 2827 vero
1515 2801 1609 2827 uon
1660 2786 1785 2830 video
1832 2805 1952 2846 quo·-

1064 2842 1202 2884 modo
1229 2841 1371 2884 Varus
1396 2840 1470 2883 ille
1497 2851 1595 2899 apte
1616 2842 1702 2886 dici
1726 2844 1866 2901 possit
1888 2863 1953 2890 se·

1063 2899 1198 2943 cretis
1257 2898 1372 2954 apud
1422 2897 1646 2941 Neronem
1689 2902 1952 2953 rumoribus

1065 2955 1336 2998 Corbulonis
1410 2955 1601 2998 virtutes
1673 2958 1949 3004 criminatus.

1062 3013 1180 3056 Num
1212 3010 1374 3054 malam
1410 3011 1574 3054 famam
1609 3012 1663 3056 de
1689 3013 1954 3061 Corbulone

1063 3070 1268 3127 dispersit
1297 3068 1431 3126 idque
1465 3069 1574 3126 egit,
1604 3078 1654 3112 ut
1679 3087 1728 3114 ea
1755 3075 1952 3129 perveni-

1061 3136 1130 3169 ret
1153 3126 1205 3168 ad
1231 3126 1422 3168 Neronis
1449 3126 1611 3169 aures?
1668 3128 1814 3171 Immo
1845 3147 1952 3173 sua-

1067 3185 1173 3226 dent
1216 3182 1391 3234 omnia,
1443 3191 1492 3225 ut
1520 3183 1768 3241 cogitemus
1800 3186 1950 3245 ipsum

1065 3241 1236 3283 Varum
1274 3255 1375 3281 cum
1401 3239 1583 3282 Nerone
1614 3251 1784 3285 secreto
1808 3243 1948 3288 collo-

1064 3308 1233 3341 cutum.
1300 3295 1418 3340 Hinc
1440 3295 1617 3339 infamis
1643 3299 1804 3356 gratia,
1840 3316 1951 3358 quae

1065 3371 1158 3397 non
1183 3352 1299 3397 eadit
1324 3351 1371 3394 in
1402 3353 1629 3398 occultum
1661 3355 1848 3399 alicuius
1877 3374 1949 3401 ru-

1065 3412 1201 3453 moris
1233 3417 1475 3455 auctorem.
1539 3410 1715 3468 Quodsi
1746 3429 1849 3457 vera
1884 3430 1948 3457 es-

1063 3477 1128 3512 set
1150 3467 1370 3525 scriptura
1392 3470 1670 3516 rumoribus,
1700 3485 1792 3512 non
1812 3470 1949 3515 credo

1064 3526 1107 3567 id
1146 3524 1418 3570 vocabulum
1452 3525 1536 3568 soli
1574 3525 1766 3569 Budensi
1800 3527 1948 3573 codici

1063 3581 1320 3640 contigisse.

1248 3641 1384 3701 Re
