2138 4030
1773 257 1826 293 Α·
1845 256 1897 293 U..
1914 257 2006 295 82:34

1772 302 1826 338 A.
1844 299 1894 338 Ca
1938 301 2005 346 ἴω

236 257 383 321 284
802 254 1519 335 ffls'rofflAaUM

240 403 362 450 tam
397 400 455 447 et
491 388 1068 466 quintamdecumam
1107 406 1243 443 cum
1278 387 1509 444 vexillis
1540 407 1732 446 nonae
1766 393 2086 450 secundae-

238 496 354 553 que
375 486 432 532 et
456 475 763 531 vicesimae
784 471 1265 530 Britannicarum
1287 471 1589 545 legionum
1609 475 1865 533 mediam
1885 477 2088 548 aciem,

239 561 755 618 sextadecumanos
797 556 1478 634 duoetvicesimanosque
1517 570 1574 616 et
1615 560 1918 635 primanos
1963 562 2086 619 lao-

236 665 378 702 vum
416 665 602 702 cornu
635 643 968 718 complesse.
1065 638 1332 715 Rapaces
1370 654 1544 719 atque
1582 640 1775 701 Italici
1811 647 2088 706 omnibus

237 751 298 788 se
320 729 638 805 manipulis
661 729 1034 793 miscuerant.
1121 745 1296 802 eques
1330 728 1666 805 auxiliaque
1697 730 1812 788 sibi
1844 731 1960 806 ipsi
1995 732 2087 788 lo-

237 835 373 874 cum
425 816 634 888 legere.
748 810 1051 869 Proelium
1107 822 1230 868 tota
1283 823 1454 868 nocte
1508 815 1775 885 varium,
1860 836 2098 892 ancePS,

235 913 434 971 atrox,
471 896 565 956 his
588 917 825 955 rursum
851 896 969 952 illis
996 894 1312 952 exitiabile.
1393 892 1548 964 nihil
1571 900 1805 958 animus
1831 911 1934 958 aut
1959 922 2087 957 ma-

235 1002 380 1055 mm,
420 1006 495 1041 ne
519 983 676 1041 oculi
702 981 940 1057 quidem
965 981 1211 1055 ‘provisu‘
1226 981 1527 1042 iuvabant.
1613 985 1816 1041 eadem
1839 997 2088 1062 utraque

235 1071 377 1136 acies
421 1090 606 1126 arma:
694 1067 914 1122 crebris
967 1066 1536 1139 interrogationibus
1591 1081 1802 1126 notum
1854 1090 2094 1146 pugnae-

235 1158 495 1230 signum:
545 1152 833 1228 permixta
865 1151 1110 1219 vexilla,
1166 1162 1234 1207 ut
1274 1151 1522 1228 quisque
1560 1154 1771 1226 globus
1805 1166 1973 1231 capta
2015 1177 2085 1213 ex

233 1238 502 1298 hostibus
555 1234 673 1293 huc
725 1236 821 1293 vel
873 1236 1016 1292 illuc
1067 1237 1354 1310 raptabat.
1460 1235 1795 1312 Urgebatur
1823 1240 2087 1297 ,maxime

236 1337 500 1401 septuma
527 1322 677 1394 legio
708 1313 898 1396 nuper
926 1341 959 1377 a
985 1319 1179 1376 Galba
1209 1321 1553 1396 conscripta.
1641 1324 1815 1394 occisi
1840 1344 1937 1381 sex
1961 1325 2087 1400 pri-

231 1431 471 1487 morum
507 1408 788 1464 ordinum
824 1405 1224 1474 centurioneS‚
1285 1407 1525 1480 abrepta
1563 1410 1852 1484 quaedam
1889 1410 2080 1483 signa:

232 1497 421 1572 ipsam
463 1493 722 1569 aquilam
758 1487 978 1548 Atilius
1014 1489 1205 1547 Verus
1252 1491 1540 1566 primipili
1588 1494 1853 1553 centurio
1900 1495 2085 1552 multa

235 1601 370 1640 cum
411 1576 674 1635 hostium
718 1588 906 1649 strage
960 1587 1017 1632 et
1070 1577 1141 1631 ad
1201 1587 1526 1633 extremum
1575 1579 1838 1636 moriens
1888 1599 2085 1636 serva-

232 1676 413 1742 verat.

229 1865 271 1900 ei
315 1857 506 1897 laevum
541 1852 656 1910 apud
696 1850 962 1894 Vitellianos
1004 1850 1125 1894 aliud

230 1913 317 1957 fuit
353 1927 488 1970 quam
518 1910 633 1967 apud
657 1910 910 1954 Flavianos.
972 1908 1126 1965 Quare

229 1972 318 2015 iam
343 1967 833 2027 quartas-Maodebebat
860 1965 946 2008 dici
971 1968 1124 2009 dextro

227 2042 423 2073 suorum
451 2040 597 2068 cornu
630 2025 788 2067 locata.
846 2022 1126 2066 Accuratum

228 2085 496 2143 scriptorem
521 2098 761 2139 cognosce.

241 2222 244 2225 ⁴
287 2200 767 2257 quintamdecumam.
877 2193 953 2238 Sic
1021 2194 1123 2237 MS.

229 2259 357 2303 Flor.
369 2265 477 2300 teste
492 2252 713 2296 victorio.
750 2250 835 2293 Vul
863 2268 896 2293 ‘o
914 2253 1124 2307 quintam

228 2316 476 2359 decimam.
546 2312 668 2354 ldem
712 2308 814 2352 cod.
872 2308 977 2352 'lor.
1020 2325 1123 2352 mox

225 2373 526 2425 vicensimae,
562 2368 626 2411 uti
648 2366 780 2411 solet.

282 2475 729 2518 sextadecumanos.
757 2467 842 2511 Ed.
855 2468 885 2511 S
890 2468 971 2527 pir.
983 2475 1123 2512 sexta

227 2533 424 2577 decima.
1020 2546 1023 2549 ·

285 2629 833 2681 duoetvicesimanosque.
894 2625 969 2669 Sic
987 2624 1123 2668 MSS.

226 2689 358 2734 Flor.
395 2688 477 2743 (sc.
515 2687 682 2734 vicens.
710 2691 808 2726 test.
831 2683 968 2735 vict.)
1008 2683 1122 2725 Bud.

227 2746 330 2795 edd.
355 2744 499 2788 Rhen.
526 2742 628 2786 ΑΜ.
655 2756 752 2798 sqq.
786 2765 842 2773 —-
899 2742 1122 2783 duodevi-

227 2805 577 2856 cesimanosque
620 2798 753 2842 codd.
794 2797 931 2851 MSS.
966 2796 1120 2841 Guelf.

227 2861 416 2918 aliique,
451 2858 554 2901 edd.
574 2857 680 2899 Put.
695 2855 761 2898 M.
784 2865 828 2898 et
843 2856 900 2898 V.
916 2853 1121 2898 Beroald.

228 2920 335 2968 Alc.
360 2941 420 2950 --
465 2919 558 2958 duo
581 2913 973 2969 vicesimanosque
987 2911 1120 2955 MSS.

228 2975 340 3078 {¹53⁹
366 2975 477 3040 Agr.
516 2971 586 3035 ed.
612 2970 729 3029 Spir.
792 2971 850 3014 cf.
878 2979 973 3012 not.
998 2968 1053 3012 ad
1077 2970 1121 3018 2,

140 3129 146 3133 ’
224 3161 227 3163 >
289 3135 476 3184 laevum
514 3146 671 3179 corna.
730 3128 807 3173 Sic
838 3123 942 3175 MS,
964 3124 1121 3168 Guelf.

231 3191 335 3239 edd.
398 3189 501 3232 Put.
563 3186 783 3230 Beroald.*
832 3199 933 3242 sqq.
1034 3182 1122 3226 Sed

229 3249 333 3294 MS.
373 3245 498 3292 Flor.
537 3245 665 3300 (teste
704 3243 928 3298 Victorio)
967 3248 1008 3283 et
1054 3240 1124 3283 ed.

233 3306 351 3364 Spir.
382 3302 536 3350 ferunt
570 3306 758 3343 laeuum
796 3315 1013 3346 cornum,
1069 3298 1124 3339 de

230 3380 319 3423 qua
359 3361 506 3405 forma
558 3359 615 3406 ef.
656 3357 923 3402 Ramshorn.
962 3354 1122 3400 Gram.

232 3439 276 3482 p.
304 3419 376 3464 51.
401 3416 459 3475 5).

291 3521 552 3576 complesse..
623 3514 705 3558 Ed.
749 3514 869 3571 Spir.
917 3517 1120 3569 comple-

233 3595 343 3627 καθ.

1255 1853 1519 1907 manipulis.
1591 1850 1695 1896 MS.
1730 1849 1886 1896 Guelf.
1916 1829 2098 1897 'mani-2

1228 1909 1303 1953 lis.

1193 1924 1227 1963 p
1256 1995 1391 2035 eques
1425 1981 1707 2036 auxiliaque.
1780 1982 1854 2027 Sic
1877 1983 2010 2027 MSS.
2047 1992 2089 2026 et

1199 2045 1306 2081 vett.
1331 2038 1433 2082 edd.
1491 2038 1553 2080 Ex
1577 2037 1862 2084 ed.Rhenan.
1883 2039 2019 2083 altera
2042 2043 2086 2084 iu

1199 2094 1339 2137 libros
1371 2095 1473 2137 dein
1505 2095 1647 2138 editos
1680 2105 1865 2140 venerat
1895 2099 2084 2154 equites.

1197 2150 1397 2218 Rus-‘chius
1432 2161 1630 2196 veterem
1657 2153 1926 2212 scripturam
1958 2157 2089 2199 resti-

1197 2216 1299 2252 tu1t.

1254 2290 1449 2319 rursum
1492 2278 1603 2322 illz's.
1685 2277 1762 2322 Sic
1801 2279 1905 2325 MS.
1948 2281 2085 2327 Corb.

1195 2334 1306 2377 edd.
1333 2335 1454 2391 Spir.
1490 2345 1534 2377 et
1564 2336 1771 2380 Brolerii.
1810 2366 1869 2374 —
1924 2353 2090 2385 rursus

1194 2393 1286 2435 illis
1339 2391 1443 2436 MS.
1483 2393 1598 2437 Bud.
1652 2394 1752 2436 edd.
1787 2394 1940 2447 Rhea.
1984 2397 2087 2443 Ald.

1194 2464 1293 2512 sqq.
1357 2473 1413 2482 ——
1499 2465 1752 2507 rursusque
1803 2451 1900 2498 illis
1947 2454 2083 2500 MSS.

1195 2506 1349 2550 Guelf.
1387 2507 1510 2552 Harl.
1551 2507 1684 2552 Bodl.
1721 2506 1805 2561 Ies-
1843 2509 1948 2556 edd.
1982 2510 2084 2556 Put.
2119 2533 2125 2550 ν

1193 2565 1251 2666 {Il
1278 2574 1322 2608 et
1347 2563 1403 2608 V.
1437 2565 1543 2609 Ber.
1583 2566 1706 2620 (cum
1734 2565 1915 2611 silentio
1952 2571 2083 2628 Vici.)

1258 2639 1298 2666 c.
1819 2652 1821 2655 ·

1253 2709 1421 2748 eadem
1443 2714 1657 2763 utraque.
1717 2706 1793 2750 Sic
1812 2707 2082 2755 Mss.F10r.

1197 2765 1313 2819 (test.
1348 2763 1440 2806 lac.
1475 2762 1640 2820 Gron.)
1676 2763 1788 2822 Reg.
1821 2766 1932 2824 Agr.
1978 2769 2079 2812 edd.

1196 2822 1315 2878 Spir.
1369 2819 1513 2877 Ryck.
1559 2821 1649 2864 lac.
1693 2820 1838 2865 Gron.
1881 2840 1980 2883 sqq.
2026 2850 2085 2860 —-

1196 2877 1425 2921 Victorius
1451 2877 1664 2922 intactam
1689 2879 1870 2936 reliquit
1889 2883 2085 2943 seriptu-

1192 2953 1290 2979 ram
1324 2939 1578 2992 eademque
1604 2944 1827 2993 utraque,
1860 2934 1981 2996 quae
2008 2958 2087 2986 ex—

1192 3002 1279 3037 stat
1320 2994 1367 3035 in
1406 2993 1506 3036 edd.
1540 2993 1644 3039 Put.
1677 3010 1779 3052 sqq.
1819 3024 1880 3032 --
1913 3031 1915 3034 .
1946 2998 2083 3042 MSS.

1194 3049 1350 3095 Guelf.
1365 3050 1486 3094 Harl.
1503 3050 1632 3094 Bodl.
1652 3050 1736 3096 les.
1762 3052 1877 3097 Bud.
1903 3059 2083 3107 eadem-

1193 3124 1278 3165 que
1314 3110 1411 3151 acie
1452 3125 1508 3151 ne
1541 3109 1656 3152 lecto
1697 3110 1919 3155 vocabulo
1958 3122 2081 3164 uem,

1195 3166 1316 3267 qugd
1351 3166 1397 3210 in
1422 3163 1520 3209 Gue
1540 3164 1574 3208 f.
1595 3165 1793 3211 secunda
1817 3183 1978 3214 nunnus
2001 3171 2083 3215 ad-

1197 3226 1241 3268 di
1276 3225 1324 3268 it.

1251 3309 1330 3350 vel
1356 3304 1490 3351 illuc.
1536 3307 1619 3352 Ed.
1640 3309 1761 3368 Spir.
1794 3316 1938 3366 atque
1963 3313 2083 3356 illuc.

1194 3363 1307 3408 Mox
1330 3365 1434 3409 MS.
1458 3363 1578 3410 Flor.
1599 3368 1715 3423 (test.
1741 3365 1880 3425 vict.)
1911 3381 2080 3424 urgue—

1196 3424 1365 3475 batur,
1395 3423 1458 3466 uti
1479 3422 1609 3468 solet.

1224 3508 1428 3574 ,Atilius
1462 3510 1627 3551 Verus.
1695 3507 1780 3552 Ed.
1807 3506 1924 3566 Spir.
1957 3512 2080 3556 Atti—

1195 3570 1285 3610 lzus
1311 3568 1446 3609 vetus.

2125 3642 2136 3649 ι

2096 3656 2120 3669 κ
