2138 4030
1761 224 1815 260 A.
1832 222 1872 259 U
1900 225 1985 262 02³.

136 218 146 231 '²
200 202 337 284 '296
793 221 1507 309 msTomARuM
1760 265 1881 305 tc.
1927 269 1990 307 ω.
2037 295 2041 298 .

216 352 446 412 vernile
469 351 693 412 dictum
717 371 956 412 omnem
980 353 1268 411 invidiam
1300 355 1366 412 in
1391 375 1527 412 eum
1550 356 1755 427 vertit,
1789 367 2074 436 tanquam

219 439 455 514 signum
527 439 929 497 incendendae
989 437 1316 498 Cremonae
1385 439 1672 511 dedisset,
1745 462 1899 519 quae
1956 444 2075 501 iam

219 524 524 599 flagrabat.
1608 543 1610 546 ·

393 632 680 696 XXXIII.
768 634 1174 708 Quadraginta
1236 647 1599 693 armatorum
1657 636 1848 694 millia
1911 638 2082 696 inru-

221 742 390 797 pere,
432 723 707 778 calonum
741 720 1110 795 lixarumque
1145 720 1399 796 amplior
1436 741 1720 779 numerus
1752 733 1808 779 et
1842 721 1908 779 in
1941 724 2085 780 libi-

223 807 426 864 dinem
476 826 542 863 ac
591 805 890 863 saevitiam
943 805 1295 880 corruptior.
1336 837 1338 839 >
1416 827 1541 864 non
1594 807 1881 881 dignitaS‚
1957 829 2083 865 non

226 902 381 957 aetas
429 891 802 968 protegebat,
860 911 978 968 quo
1030 890 1231 946 minus
1277 901 1477 967 stupra
1519 893 1823 963 caedibUS‚
1883 894 2084 950 caedes

226 977 445 1052 stupris
484 978 888 1035 miscerentur.
1000 977 1362 1049 grandaevos
1402 996 1602 1047 seneS,
1662 988 1859 1035 exacta
1897 990 2084 1036 aetate

225 1062 475 1119 feminas
498 1061 644 1130 viles
668 1063 740 1117 ad
774 1059 1054 1136 praedam
1090 1060 1155 1117 in
1194 1061 1540 1118 ludibrium‘
1562 1057 1896 1123 trahebant.
1979 1064 2087 1122 ubi

220 1148 429 1208 adulta
477 1146 644 1219 virgo
693 1157 795 1203 aut
835 1145 966 1222 quis
1004 1147 1195 1202 forma
1237 1147 1587 1221 conspicuus
1638 1146 1966 1217 incidisset,
2023 1149 2087 1206 vi

227 1233 620 1308 manibusque
646 1231 1002 1307 rapientium
1032 1232 1298 1290 divulsus
1323 1231 1482 1309 ipsos
1508 1243 1805 1308 postremo
1828 1233 2097 1309 direpto--

228 1337 322 1375 res
358 1317 423 1373 in
465 1327 733 1373 mutuam
773 1315 1096 1392 perniciem
1135 1318 1358 1392 agebat.
1460 1317 1604 1375 dum
1643 1318 1954 1393 pecuniam
1994 1319 2090 1375 vel

229 1402 428 1478 gravia
458 1422 601 1459 auro
630 1403 986 1478 templorum
1016 1402 1174 1459 dona
1214 1402 1328 1459 sibi
1370 1402 1619 1480 quisque
1655 1397 1929 1472 trahunt,
1962 1416 2118 1460 ma-'

229 1488 355 1545 iore
387 1487 640 1544 aliorum
680 1487 741 1543 vi
778 1487 1223 1548 truncabantur.
1310 1487 1552 1564 quidam
1591 1488 1766 1544 obvia
1798 1489 2094 1564 aspernati

230 1573 577 1632 verberibus
638 1573 1062 1650 tormentisque
1123 1572 1506 1630 dominorum
1561 1573 1763 1631 abdita
1796 1574 2094 1644 scrutari,

233 1658 458 1716 defossa
491 1678 712 1717 eruere.
797 1660 950 1716 faces
990 1658 1054 1714 in
1089 1658 1400 1728 manibuS‚
1449 1678 1620 1735 quaS‚
1670 1657 1777 1715 ubi
1813 1659 2094 1734 praedam

184 1760 187 1763 “
234 1756 589 1820 egesserant,
633 1744 698 1800 in
727 1737 938 1802 vacuas
967 1743 1174 1803 domos
1201 1754 1257 1800 et
1287 1742 1488 1803 inania
1524 1742 1741 1820 templa
1779 1763 1886 1820 per
1921 1744 2094 1801 lasci-

236 2014 323 2099 ?ua
350 1999 486 2042 verba
513 1999 586 2043 illa
611 2001 664 2043 ab
692 2017 770 2044 ore
793 2002 982 2049 Antonii
1017 2018 1128 2061 pro·

260 2064 353 2099 ecta
386 2065 429 2099 et
461 2056 696 2102 minaciter
728 2059 844 2102 dicta
884 2062 1124 2118 accipiunt.

237 2113 392 2158 Recte.
460 2114 613 2165 „Nam
645 2132 668 2159 a
698 2132 831 2162 servo
867 2117 1023 2161 dicta'’
1054 2119 1130 2161 in·-

237 2169 336 2229 quit
376 2168 666 2217 Gutmannus
707 2191 838 2222 „non
887 2183 1130 2232 potuerunt

239 2227 457 2272 invidiam
483 2229 791 2276 in'Antonium
819 2240 1009 2276 vertere.
1054 2233 1131 2277 Est

239 2285 359 2330 haud
392 2286 527 2335 dubia
559 2303 643 2331 vox
669 2289 877 2334 Antonii.
951 2290 1001 2334 Id
1030 2300 1133 2335 tan-'-

241 2351 339 2386 tum
405 2344 691 2398 uaerebatur,
721 2355 872 2390 utrum
910 2346 1136 2394 Cremona

239 2400 328 2444 iam
406 2414 429 2446 a
462 2409 586 2447 rante
629 2419 686 2446 an
728 2413 832 2449 ante
872 2403 1135 2451 incendium

244 2457 418 2513 dixisset
476 2492 486 2503 .
506 2474 542 2503 e.
559 2475 616 2502 an
639 2459 760 2505 bisce
783 2462 934 2510 verbis
957 2462 991 2506 si
1027 2481 1133 2507 num

242 2515 553 2564 incendendae
611 2517 862 2563 Cremonae
923 2520 978 2566 de
1013 2521 1135 2566 isset.

247 2572 403 2628 Quare
421 2574 604 2618 Tacitus
631 2585 811 2620 excusat
830 2576 958 2621 illum
984 2579 1135 2622 addito

243 2631 406 2676 urbem
459 2641 555 2678 tum
605 2634 692 2678 iarn
734 2634 1001 2690 flagrasse.”
1080 2638 1137 2680 At

245 2703 358 2746 quae
405 2690 552 2739 adfert
591 2692 645 2736 de
687 2692 968 2737 excusatione
1011 2692 1139 2737 nihili

247 2756 367 2792 sunt.
460 2751 609 2792 Immo
652 2750 814 2794 verba:
875 2766 996 2808 quae
1042 2752 1139 2794 iam

234 2804 479 2862 flagrabat
507 2807 721 2862 (welches
743 2806 863 2860 jetzc
896 2811 943 2851 in
972 2809 1139 2852 Flam-

1258 2001 1305 2043 in
1335 2001 1601 2044 ludibrium.
1667 1993 1750 2043 Ed.
1783 1997 1904 2067 Spir.
1936 1999 1986 2042 ίη
2020 2000 2097 2040 Ια-

1201 2060 1443 2101 dribrium.
1512 2056 1722 2098 Ceterum
1757 2063 1929 2115 primus
1964 2057 2095 2099 huius

1203 2114 1290 2158 loci
1317 2123 1466 2173 partes
1480 2113 1719 2156 Rhenanus
1740 2122 1860 2158 reete
1886 2113 2094 2156 distinxit.

1203 2172 1382 2214 Priores
1458 2173 1652 2214 editores
1732 2170 2094 2228 coniungebant:

1205 2229 1516 2271 Grandaevos
1545 2241 1679 2269 senes
1707 2231 1879 2270 exacta
1911 2234 2094 2270 aetate.-

1192 2289 1405 2342 semt'nas
1426 2287 1539 2328 viles
1564 2288 1628 2326 ad
1649 2288 1881 2347 praedqm
1907 2293 1993 2328 etc.

1264 2359 1510 2401 incidisset.
1571 2357 1669 2403 Hoc
1688 2356 1736 2400 in
1749 2357 1848 2409 MS.
1866 2357 1976 2418 Agr.
2002 2347 2098 2402 non

1206 2425 1402 2476 apparet.
1960 2419 1964 2426 '

1265 2488 1313 2531 vi
1349 2489 1673 2544 manibusque.
1753 2486 1858 2532 MS.
1891 2485 2046 2531 Guelf.
2075 2482 2096 2535 ἲ

1208 2547 1516 2602 manibusque
1539 2546 1599 2601 (h.
1623 2561 1663 2588 e.
1686 2546 1735 2588 in
1760 2545 2098 2602 manibusque).

1267 2632 1623 2673 truncabantur.
1684 2625 1738 2669 H.
1763 2642 1801 2670 e.
1830 2625 1877 2681 in
1912 2628 2098 2671 univer·

1209 2706 1307 2732 sum
1342 2686 1677 2730 mutilabantur.
1739 2684 1971 2729 Ernestius
1994 2700 2099 2729 cum

1209 2745 1394 2789 Heinsio
1446 2741 1638 2785 malebat
1685 2743 2102 2795 obtruncabantur,

1210 2813 1260 2846 ut
1290 2802 1397 2845 infr.
1427 2797 1468 2851 4,
1495 2800 1592 2850 50„
1624 2799 1698 2844 vel
1731 2802 2099 2844 trucidabantur.

247 2879 354 2909 men
384 2867 604 2925 oufiging)
632 2866 834 2910 indicant
874 2867 1016 2926 ipsam
1065 2882 1141 2910 ra-

249 2925 446 2977 tionem,
476 2942 558 2969 cur
579 2923 832 2968 Antonium
856 2924 1139 2983 suspicaren-

249 2990 323 3026 tur
344 2983 521 3042 signum
541 2982 735 3029 incendii
762 2980 947 3026 dedisse.

777 3065 879 3110 MS.
915 3065 1054 3110 Corb.
1091 3065 1142 3107 in

307 3068 356 3109 in
402 3082 508 3109 eum
548 3066 695 3110 vertit.

251 3141 355 3170 oum
378 3126 619 3168 oonverttt.

311 3241 431 3283 quae
465 3227 559 3268 iam
587 3224 847 3279 flagrabat.
906 3222 990 3267 Ed.
1021 3221 1141 3281 Spir-

255 3301 372 3344 quae
401 3286 561 3326 omm'a
580 3281 842 3338 flagrabat.
910 3279 1140 3323 Nimirum

257 3342 525 3401 compendia
549 3341 600 3382 Γᾶ
623 3338 682 3393 (h.
708 3356 745 3382 e.
766 3340 883 3395 iam)
913 3348 955 3381 et
978 3339 1056 3383 οΤα
1082 3336 1140 3392 (h.

257 3420 295 3446 e.
317 3402 492 3456 omnia)
520 3395 652 3442 tacite
671 3405 1000 3454 permutantur.

313 3502 427 3548 CAP.
455 3499 527 3544 83.
607 3514 664 3542 ac
693 3499 958 3542 saevitiam.

258 3559 399 3604 corb.
425 3566 563 3616 atque
589 3557 861 3605 monilium.

1037 3499 1139 3542 MS.

1211 2861 1300 2905 Sed
1323 2860 1409 2902 hoc
1428 2858 1601 2900 videtur
1623 2856 1814 2901 nimium
1839 2872 1951 2910 esse.
1995 2858 2101 2903 Ver-

1213 2919 1268 2963 ba
1311 2917 1491 2959 maiore
1521 2916 1726 2962 aliorum
1756 2916 1805 2957 ω’
1838 2917 1991 2974 accipe
2025 2915 2101 2958 ab·

1212 2975 1357 3023 solute
1393 2972 1576 3032 posita,
1641 2982 1691 3016 ut
1744 2973 1962 3016 sententia
2020 2972 2100 3016 sit:

1214 3031 1397 3091 quando
1458 3031 1606 3075 maior
1657 3029 1852 3089 aliorum
1902 3031 1971 3077 vis
2015 3029 2098 3074 'in-

1213 3096 1406 3149 gruere-t.

1269 3175 1460 3232 quidam
1490 3171 1625 3215 obvia
1664 3172 1917 3227 aspernati.
1998 3171 2101 3220 MS.

1214 3231 1366 3277 Guelf.
1402 3230 1593 3289 quidam
1625 3230 1679 3271 ob
1711 3229 1837 3277 iram
1868 3242 2099 3284 asperna-

1215 3291 1275 3333 tis
1298 3297 1380 3332 ete.
1438 3286 1523 3331 Ed.
1551 3285 1667 3346 Spir.
1697 3286 1891 3344 quidam
1916 3286 2100 3333 obviam

1214 3346 1469 3402 aspernati.

1271 3416 1606 3471 dominorum..
1635 3392 1642 3411 '
1679 3414 1742 3459 cf.
1788 3429 1909 3471 supr.
1956 3413 1998 3465 2,
2028 3413 2102 3458 56.

1216 3474 1337 3520 dices
1361 3472 1597 3516 dominos.

1277 3566 1461 3614 eruere.
1523 3548 1624 3594 MS.
1645 3546 1799 3592 Guelf.
1825 3533 2013 3594 cruore:
2043 3566 2046 3568 ·
