2138 4030
576 257 750 325 me,
789 261 891 323 Ν.
977 234 1176 324 οΑΡ.
1210 220 1271 327 6.
1312 265 1372 326 6.
1775 256 1902 330 369

45 415 248 455 versus
285 392 530 453 fortuita
563 411 692 449 rem
731 392 1031 468 publicam
1067 404 1406 468 capesseret.
1492 395 1758 454 doctores
1777 367 1896 456 ssa-··

45 481 339 558 pientium
361 478 590 537 secutus
617 488 731 547 est,
776 478 879 555 qui
903 477 1028 534 sola
1056 477 1216 535 bona
1243 498 1399 554 quae
1421 473 1710 557 honesta,-
1734 484 1892 542 mala

46 577 277 624 tantum
313 584 462 644 quae
501 563 726 637 turpia,
779 563 1133 637 potentiam,
1182 563 1556 620 nobilitatem
1586 579 1890 646 ceteraque

48 663 208 709 extra
250 651 519 708 animum
562 667 755 723 neque
801 647 976 704 bonis
1025 667 1214 725 neque
1263 649 1434 704 malis
1480 650 1887 713 adnumerant.

46 736 410 814 quaestorius
442 729 636 791 adhuc
664 751 698 789 a
723 730 902 790 Paeto
929 728 1192 790 Thrasea
1217 751 1393 807 gener
1415 733 1674 792 delectus
1703 757 1732 792 e
1757 758 1889 795 mo—

42 823 210 880 ribus
244 820 430 878 soceri
462 813 619 876 nihil
651 837 834 895 aeque
861 839 926 875 ac
956 817 1288 874 libertatem
1313 814 1540 876 hausitz'
1562 820 1754 890 -civiS‚
1799 842 1891 877 se-
1967 842 1974 855 .

43 918 244 976 nator,
297 905 575 973 marum,
631 922 840 977 gener,
899 902 1154 972 aunem,
1214 904 1438 960 cunctis
1481 903 1637 961 vitae
1681 907 1890 963 officiis

43 991 395 1069 aequabili5‚
449 994 631 1065 opum
657 998 1055 1066 contemptor,
1100 988 1247 1045 recti
1268 989 1572 1065 pervicax,
1611 1002 1889 1048 constans

42 1078 321 1134 adversus
349 1085 561 1135 metUS.
627 1124 629 1126 .

135 259 362 342 2:312&

207 1183 315 1246 VI.
385 1182 577 1243 Erant
633 1183 851 1260 quibus
907 1176 1277 1259 adpetentior
1328 1183 1518 1241 famae
1569 1185 1891 1259 videretur,

40 1272 278 1351 quando
307 1271 481 1329 etiam
506 1267 867 1344 sapientibus
893 1268 1108 1344 cupido
1132 1269 1352 1342 gloriae
1378 1270 1701 1329 novissima
1727 1274 1893 1331 exui-

38 1369 156 1418 tur.
236 1354 444 1415 Ruina
476 1354 662 1412 soceri
697 1354 761 1410 in
796 1353 1067 1410 exsilium
1091 1353 1295 1429 pulsus
1321 1365 1389 1411 ut
1415 1353 1640 1413 Galbae
1664 1357 1890 1433 princi-

38 1453 181 1518 patu
202 1441 411 1512 rediit,
451 1439 806 1498 Marcellum
829 1434 1084 1513 Eprium
1111 1439 1432 1498 delatorem
1458 1436 1756 1500 Thraseae
1793 1462 1892 1500 ac-

39 1546 240 1584 cusare
264 1526 623 1601 adgreditur.

40 1623 309 1686 senatum
332 1611 398 1667 in
418 1611 613 1669 studia
637 1609 967 1670 diduxerat.

38 1716 246 1772 agmen
278 1717 517 1754 reorum
550 1695 935 1755 sternebatur.

93 1930 197 1958 rem
222 1914 460 1972 publicam
497 1920 771 1970 capesseret.
843 1911 928 1956 Ed.

36 1973 159 2032 Spir.
202 1986 303 2027 rep.
344 1978 621 2026 capesceret.
711 1970 926 2014 Formam

37 2037 295 2086 capesceret
318 2030 481 2073 retinet
510 2028 580 2072 ed.
607 2027 714 2072 Ald.

91 2131 394 2187 sapientium.
479 2127 560 2173 Sic
608 2126 744 2171 MSS.
801 2126 924 2170 Flor.

37 2192 152 2242 (test.
185 2188 325 2245 vict.)
365 2187 502 2231 Corb.
540 2212 599 2220 —-
656 2186 926 2239 sapientum

0 2260 7 2263 “
33 2246 137 2290 MS.
155 2245 274 2293 Bud.
295 2244 368 2289 ed.
392 2244 511 2303 Spir.
554 2265 615 2275 —-
669 2243 929 2297 sapientiae

33 2303 135 2348 MS.
156 2301 309 2347 Guelf.
335 2301 440 2346 edd.
462 2301 566 2344 Put.
589 2315 685 2359 sqq.
720 2298 775 2342 ad
804 2298 928 2342 hunc.

33 2361 170 2406 diem.
231 2360 408 2418 Sequor
434 2357 678 2402 meliorum
703 2356 928 2399 lib'rorum

35 2418 329 2475 scripturam,
371 2431 483 2474 quae
518 2414 697 2461 videtur
723 2412 927 2471 exquisi-

33 2476 140 2519 tior.
211 2473 449 2530 Coniunge
497 2472 789 2526 sapientium
829 2503 841 2514 .
869 2500 882 2515 .
910 2501 922 2513 .

4 2533 134 2590 ἐμά,
188 2540 243 2577 ut
278 2530 494 2575 sententia
533 2529 615 2581 sit,
665 2527 924 2572 Helvidium

35 2606 128 2635 esse
167 2597 373 2634 secutum
406 2587 619 2645 dqctores
656 2602 705 2629 ex
739 2585 921 2629 illorum

33 2645 405 2707 philosophorum
431 2644 616 2693 ordine,
647 2643 724 2703 qui
749 2651 835 2687 etc.

89 2750 223 2792 mala
242 2754 446 2790 tantum.
505 2744 605 2789 MS.
617 2742 771 2790 Guelf.
792 2744 928 2786 mala

33 2814 211 2850 tamen.

85 2889 361 2946 potentiam.
434 2886 537 2930 Hoc
570 2884 693 2940 abest
730 2883 783 2927 ab
822 2881 925 2926 edd.

33 2949 139 2992 Put.
163 2947 227 2991 M.
249 2945 361 2990 et'v.
421 2946 475 2988 In
494 2941 597 2987 MS.
611 2940 762 2985 Gu‘elf.
785 2939 922 2983 altera

34 3020 192 3050 manus
244 3003 290 3047 id
342 2999 614 3046 vocabulum
664 2997 835 3042 addidit
873 2996 922 3040 in

32 3062 247 3120 margine.

91 3153 332 3200 ceteraque
354 3149 500 3185 extra
524 3141 758 3183 animum.
817 3137 920 3183 MS.

31 3204 146 3262 Agr.
176 3209 418 3257 ceteraque
442 3213 563 3255 quae
587 3206 674 3241 ete.

87 3304 254 3345 adhuc.
307 3298 417 3376 ⁸MS.
439 3297 592 3342 Guelf.
620 3299 780 3342 adhec.

87 3415 227 3458 gener
256 3402 472 3443 delectus.
532 3398 590 3441 ef.
626 3397 715 3439 An.
755 3394 822 3445 16,
844 3393 917 3437 28.

31 3458 114 3502 Ed.
144 3458 266 3517 Spir.
303 3465 406 3515 post
441 3458 644 3498 delectus
680 3453 802 3496 addit
835 3459 921 3501 est,

32 3515 198 3559 omittit
236 3529 342 3558 vero
380 3528 405 3556 e
444 3522 547 3556 ante
589 3511 820 3560 moribus,
872 3524 921 3552 ea

31 3570 295 3617 confusione
332 3586 418 3629 qua
449 3568 624 3628 saepius
650 3564 920 3626 praepositio

112 3638 357 3689 TAcirus
387 3633 482 3687 111.

709 1544 777 1581 ea
800 1525 982 1595 ultio,
1025 1524 1320 1581 incertum
1343 1525 1536 1582 maior
1559 1546 1637 1582 an
1664 1527 1891 1599 iustior,

1054 1628 1194 1665 nam
1225 1610 1274 1664 si
1298 1610 1529 1670 caderet
1553 1610 1889 1683 MarcelluS,

1020 1691 1223 1751 Primo
1258 1695 1462 1752 minax
1500 1708 1793 1756 certamen
1833 1710 1890 1754 et

1001 1926 1026 1954 e
1069 1910 1181 2026 {nbiit
1217 1911 1267 1955 in
1307 1912 1628 1971 compendium
1674 1905 1699 1957 ἓ
1743 1913 1807 1972 (h.
1853 1930 1891 1960 e.

1000 1979 1068 2013 est
1091 2002 1104 2015 α

1053 2053 1335 2098 libertatem.
1396 2051 1564 2111 Xiphil.
1601 2053 1672 2103 66,
1705 2055 1774 2099 12.
1807 2054 1891 2102 τὴν

997 2110 1081 2153 τοῦ
1133 2111 1343 2167 Θρασέου
1387 2111 1651 2170 παῤῥησίαν
1699 2110 1753 2158 οὐ
1805 2112 1892 2158 σὺν

998 2168 1141 2227 καιρῷ
1163 2164 1452 2229 μιμούμενος
1473 2185 1517 2214 κ.
1540 2185 1578 2213 τ.
1601 2171 1655 2213 λ..

1057 2255 1179 2297 civis.
1219 2270 1224 2274 ·
1253 2253 1354 2297 MS.
1381 2251 1533 2297 Guelf.
1564 2254 1733 2310 quoius
1754 2254 1823 2311 ⁹(h.
1851 2271 1890 2300 e.

999 2312 1173 2368 cuius),
1200 2309 1322 2355 facili
1349 2326 1518 2356 errore.

1050 2413 1294 2469 pervicax.
1354 2410 1438 2456 Ed.
1462 2411 1580 2471 Spir.
1596 2412 1852 2468 pervicax.

1053 2511 1166 2556 CAP.
1204 2512 1249 2555 6.
1322 2511 1480 2554 Erant
1518 2511 1697 2568 quibus.
1781 2511 1885 2556 MS.

995 2567 1148 2613 Guelf.
1173 2586 1196 2612 a
1224 2569 1421 2612 secunda
1441 2585 1579 2611 manu
1601 2577 1644 2610 et
1668 2569 1740 2613 ed.
1765 2568 1886 2627 Spir.

996 2634 1105 2669 erat
1143 2628 1329 2681 quibus,
1380 2626 1553 2681 sublata
1589 2625 1889 2670 distinctionis

991 2691 1099 2728 nota
1128 2691 1228 2740 post
1250 2691 1416 2727 metus.
1487 2684 1490 2685 ⁷
1860 2684 1862 2686 ’

1054 2768 1360 2821 adpetentior.
1440 2747 1518 2809 Sic
1559 2765 1628 2809 ed.
1672 2765 1792 2824 Spir.
1829 2789 1890 2803 -·

995 2824 1290 2881 appetentior
1315 2823 1418 2868 edd.
1443 2821 1550 2867 Put.
1571 2839 1671 2881 sqq.

1050 2909 1237 2964 quando
1260 2939 1272 2951 .
1287 2937 1299 2952 .
1317 2939 1328 2950 .
1351 2907 1562 2950 exuitur.
1622 2906 1693 2951 De
1711 2917 1886 2953 senten-

992 2966 1053 3009 tia
1078 2966 1134 3009 cf.
1155 2964 1282 3007 Plato
1303 2964 1427 3022 apud
1441 2963 1608 3008 Athen.
1634 2966 1702 3017 11,
1730 2967 1887 3024 p.250.

990 3021 1143 3125 {Tagen
1183 3021 1333 3066 Flacc.
1374 3023 1413 3072 1,
1451 3021 1522 3065 76.
1592 3020 1737 3068 Tacit.
1779 3023 1886 3081 Agr.

989 3166 1096 3266 331'71
1132 3163 1352 3208 exsilium
1375 3164 1558 3216 pulsus.
1621 3162 1681 3206 cf.
1704 3162 1794 3207 An.
1819 3164 1887 3216 16,

1049 3312 1098 3347 ut
1126 3303 1305 3346 Galbae
1326 3277 1609 3359 principatu.
1669 3305 1752 3349 Ed.
1769 3305 1885 3363 Spir.

995 3370 1045 3405 ut
1068 3360 1248 3404 Galbae
1267 3361 1573 3416 principatus.

1048 3446 1311 3488 delatorem
1355 3446 1607 3490 Thraseae.
1692 3445 1753 3490 cf.
1794 3446 1887 3489 An.

997 3504 1063 3551 16,
1088 3502 1159 3544 22.
1187 3509 1298 3545 extr.
1327 3511 1370 3546 et
1390 3520 1431 3547 e.
1452 3504 1526 3547 28.
1566 3528 1616 3535 -
1675 3503 1786 3544 Mox
1810 3503 1884 3546 ed.

995 3560 1114 3618 Spir.
1148 3567 1339 3604 senatus
1363 3576 1447 3618 pro
1471 3568 1707 3603 senatum.

1253 3618 1353 3677 Aa
