2138 4030
51 2240 53 2244 ι
121 2199 214 2234 tur.

219 247 268 283 Α.
287 249 340 285 U.
360 248 444 285 923.

218 298 267 328 Α.
288 293 333 328 C.
370 292 440 354 ¹70·

711 251 887 333 Lm.
927 249 1034 312 111.

1114 250 1163 310 C
1177 249 1308 314 ΑΡ.
1339 253 1400 314 5.
1852 263 1979 324 257

297 381 372 443 V.
458 380 734 440 Ceterum
769 391 835 437 ut
870 381 1263 438 transmittere
1301 382 1366 438 in
1388 379 1618 442 Italiam
1647 388 1887 466 impune
1919 406 1976 455 et

126 468 260 526 usui
303 468 484 536 foret,
538 465 820 540 scriptum
860 463 1096 540 Aponio
1135 465 1494 538 Saturnino,
1550 490 1682 527 cum
1719 479 1975 537 exercitu

126 551 387 609 Moesico
423 551 717 610 celeraret.

804 547 891 606 Ac
934 571 1010 606 ne
1044 551 1296 607 inermes
1328 554 1668 628 provinciae
1708 559 1995 622 barbaris

125 638 463 695 nationibus
513 646 973 710 exponerentur,
1028 637 1322 712 principes
1362 635 1766 699 Sarmatarum
1809 644 1976 726 Iazy-

126 742 293 795 gmn,
368 740 547 798 penes
603 739 750 796 quos
794 720 1044 776 civitatis
1088 721 1382 794 regimen,
1453 723 1518 778 ‘in
1564 729 1975 790 commilitium

123 807 349 866 adsciti.

434 806 663 881 plebem
699 825 934 885 quoque
972 816 1029 861 et
1065 805 1186 860 vim
1228 806 1519 882 equitum,
1570 831 1684 886 qua
1717 813 1840 871 sola
1871 839 1976 874 va-

124 892 278 960 lent,
321 891 670 948 offerebant:
715 891 1022 946 remissum
1066 890 1127 946 id
1159 910 1405 960 numm,
1448 913 1524 949 ne
1559 894 1715 953 inter
1749 899 1975 958 discor-

183 1161 293 1205 CAP.
314 1161 360 1204 5.
423 1167 472 1201 ut
495 1159 821 1202 transmittere
843 1161 891 1200 tn
909 1157 1009 1200 Ita-

124 1222 239 1262 liam
278 1221 470 1271 impune
514 1224 557 1258 et
597 1218 706 1258 usui
741 1218 876 1270 joret
923 1223 1011 1257 etc.

126 1277 189 1319 Ila
231 1274 424 1318 Pichena
477 1274 629 1317 locum
668 1272 857 1315 restituit
897 1272 1012 1314 iuxta

125 1333 227 1377 cod.
242 1331 566 1375 Florentinum.
628 1330 747 1373 Ante
768 1328 1012 1372 Piehenam

125 1390 426 1448 vulgabanlur
455 1386 588 1430 haec:
634 1394 686 1428 ut
716 1388 1010 1429 transmitte-

124 1456 199 1490 ret
221 1451 268 1489 in
291 1446 487 1487 Italiam
520 1443 709 1496 ιἠιριὶηε
741 1451 785 1485 et
817 1459 869 1485 eo
904 1443 1015 1484 usui

122 1505 268 1555 soret,
315 1517 426 1559 quae
462 1501 756 1546 inveniuntur
791 1502 838 1544 in
873 1499 1008 1543 MSS.

123 1561 246 1604 Harl.
280 1558 411 1602 Bodl.
449 1559 527 1602 les.
572 1557 721 1600 Guelf.
765 1559 864 1601 edd.
903 1558 1008 1600 Put.

123 1618 329 1663 Beroald.
352 1617 473 1669 (cum
499 1615 718 1671 sihvict.)
739 1615 841 1659 Ale.
869 1615 1011 1657 Rhen.

125 1692 221 1734 sqq.
241 1703 298 1710 --
340 1673 440 1715 MS.
457 1673 745 1715 Farnesian.:
774 1683 824 1714 ut
851 1682 1011 1714 trans-

121 1737 387 1777 mitteretur
419 1731 468 1772 in
501 1731 697 1772 Italiam
731 1733 919 1784 impune
957 1743 1011 1771 eo

107 1792 244 1834 ,visui
307 1795 408 1831 oret
450 1788 672 1841 scriptum
703 1789 884 1842 Aponio
917 1785 1011 1827 Sa-

126 1850 242 1890 tium
273 1849 551 1889 revirescere
576 1849 856 1887 crederetur.
917 1844 1012 1886 Nec

124 1905 252 1948 aliter
265 1906 386 1952 Vat„
410 1901 493 1944 nisi
511 1901 635 1958 quod
659 1904 786 1953 usui,
814 1911 856 1945 et
879 1917 927 1943 su
965 1917 1012 1942 er

123 1963 313 2008 Sotium
349 1960 531 2003 adnotat
565 1957 767 2000 Sotium.
798 1987 858 1995 —-
947 1958 1010 2000 Ἤ.

123 2019 267 2078 Spin:
304 2025 360 2074 μὶ
382 2019 721 2060 transmitteret
742 2017 789 2058 in
815 2017 1010 2058 Italiam

40 2111 47 2116 ,
123 2091 360 2130 ηηριιηεηι
397 2089 450 2115 eo
479 2075 586 2116 usai
613 2075 746 2129 foret
788 2074 1008 2127 scriptum

112 2134 484 2189 'Apomnsncium
515 2132 773 2172 reuirescer-
793 2135 953 2172 creder
961 2137 1006 2170 ἔ-

286 2190 336 2232 Ιη
371 2190 717 2231 transmitteret
742 2220 755 2232 .
780 2219 792 2230 .
817 2221 829 2231 .
853 2189 1009 2239 impu-

120 2264 228 2292 nem
253 2263 305 2290 eo
327 2248 433 2288 usui
456 2243 1008 2300 consentiuntMSS.Reg.

123 2306 262 2350 Corb.
287 2333 344 2341 —
392 2302 494 2346 MS.
515 2302 652 2359 Aga:
684 2309 732 2344 ut
755 2302 1006 2344 transmit-

123 2370 300 2406 teretur
337 2364 383 2403 in
415 2360 617 2403 Italiam
644 2361 831 2413 impune
861 2362 905 2402 si
936 2359 1012 2400 cui

123 2422 231 2463 usui
253 2420 388 2476 soret
428 2418 655 2469 scriptum
693 2418 904 2471 Aponio.-
952 2431 1008 2457 ac

122 2492 230 2519 eum
256 2477 456 2518 revisere
480 2476 760 2516 crederetur.
796 2500 851 2508 --
902 2473 1004 2515 MS.

120 2534 262 2578 Bud.:
306 2540 510 2575 ceterum
535 2533 582 2572 in
602 2530 799 2573 Italiam
822 2532 1008 2585 impune

123 2600 168 2634 et
200 2606 252 2632 eo
288 2591 395 2633 usui
405 2590 540 2644 foret
570 2589 798 2642 scriptum
827 2589 1007 2643 Aponio

121 2649 297 2691 socium
325 2650 602 2689 reon-escere
630 2648 915 2688 credebatur.
953 2669 1006 2676 ——

120 2703 486 2764 Transpositione
541 2702 614 2745 hie
667 2701 794 2745 loeus
845 2701 1008 2745 misere

121 2771 359 2820 corruptus
381 2770 447 2804 est
472 2761 519 2802 in
538 2766 642 2803 vett.
666 2759 805 2802 libris.
864 2761 900 2801 A
929 2775 1008 2801 no-

123 2821 244 2864 mine
278 2820 458 2874 Aponio
498 2817 662 2859 omissa
705 2818 864 2874 pagina
917 2832 1006 2859 una

119 2883 350 2921 transeunt
380 2875 433 2918 ad
473 2873 625 2916 ultima
659 2874 794 2917 verba
834 2890 926 2930 cap.
961 2874 1006 2917 7.

118 2936 394 2978 revirescere
428 2933 694 2974 crederetur
729 2940 816 2974 etc.
863 2946 1005 2988 usque

121 2993 175 3035 ad
210 2992 358 3035 locum
391 2996 441 3030 ut
466 2987 646 3030 inimici
662 3003 757 3045 cap.
778 2988 820 3030 9.
892 2988 1005 3030 Inde

123 3065 175 3092 eo
211 3048 417 3097 redeunt,
472 3044 592 3087 unde
635 3054 760 3087 erant
804 3044 1004 3102 digressi.

120 3106 177 3149 Et
201 3105 301 3147 MS.
325 3104 450 3146 Flor.
483 3100 663 3158 quidem
694 3100 802 3143 inde
822 3117 844 3143 a
867 3102 1002 3144 verbo

119 3164 336 3216 scriptum
376 3154 571 3217 pergin'
605 3160 784 3210 Aponio
823 3157 1006 3200 Sotium

117 3220 395 3263 revirescere
418 3223 525 3265 etc„
555 3222 603 3257 ut
617 3215 914 3257 Farnes.Vat.
949 3239 1005 3249 -

119 3277 171 3319 ln
203 3275 290 3317 sune
325 3272 579 3329 iranspositi
618 3271 704 3315 loci
744 3272 846 3315 cod.
880 3272 1004 3315 Flor-

120 3333 268 3377 habet:
312 3333 421 3372 nino
454 3345 556 3370 cum
589 3332 843 3370 exercitum
874 3329 1006 3371 Moe-

122 3394 210 3433 sico
233 3391 478 3434 celeraret,
510 3385 626 3427 unde
649 3387 753 3427 salis
777 3394 894 3441 patet
910 3386 1003 3428 Sa-

123 3450 239 3489 lium
279 3453 322 3488 et
360 3446 469 3486 nino
514 3442 691 3484 efficere
731 3443 1005 3486 Saturnino.

128 3503 175 3544 ln
208 3505 432 3546 celeraret
466 3500 686 3542 consentit
717 3499 1009 3553 MS..Corb.;

123 3561 368 3601 celebraret
387 3557 488 3599 MS.
502 3555 616 3598 Bud.
637 3580 683 3588 -
719 3556 817 3600 MS.
831 3554 1005 3600 Gnelf.=

205 3625 448 3675 TAcvrus
489 3621 585 3673 ΙΙΙ.
618 3631 620 3633 ’

1083 1155 1320 1209 Scriptum
1340 1172 1372 1199 a
1389 1160 1530 1211 pom‘o
1544 1161 1719 1202 sotium
1737 1165 1976 1210 reuiuz‘scee

1083 1229 1135 1255 re
1158 1223 1267 1262 etc„
1308 1223 1350 1257 et
1381 1214 1428 1257 in
1453 1215 1541 1258 fine
1570 1221 1824 1275 transpositi
1854 1224 1973 1268 loci:

1083 1279 1134 1312 ut
1178 1273 1431 1314 innocuum
1476 1275 1734 1318 emercz‘tum
1778 1284 1977 1324 moesico

1083 1330 1379 1371 celebrarent.
1442 1327 1547 1373 MS.
1574 1330 1713 1388 Agn:
1747 1351 1846 1379 una
1870 1354 1975 1383 cum

1084 1387 1295 1428 exercitu
1336 1386 1536 1430 Moesico
1582 1392 1800 1434 celerare.
1885 1395 1970 1440 Ed.

1081 1441 1200 1499 Spir.
1233 1445 1442 1485 exercitu
1485 1449 1683 1489 moesico
1726 1452 1974 1498 celebrare.

1081 1500 1194 1543 Edd.
1223 1500 1325 1542 Put.
1351 1517 1449 1559 sqq.
1473 1510 1523 1543 ut
1543 1504 1798 1548 innocuum
1830 1524 1974 1552 exer...

1082 1559 1223 1599 citu‘m
1242 1557 1498 1600 Moesz'cu‘m
1521 1563 1755 1606 celebrare
1780 1564 1900 1615 (Pnt.
1914 1567 1972 1612 V.

1083 1615 1361 1667 messicum;
1400 1615 1502 1659 Put.
1534 1618 1600 1660 M.
1635 1623 1854 1664 mesicum
1888 1640 1973 1683 pro

1085 1672 1370 1728 Moesicum).
1433 1673 1500 1715 De
1521 1677 1718 1719 sanando
1737 1677 1841 1723 loco
1859 1682 1975 1726 bene

1083 1739 1346 1772 meruerunt
1382 1729 1603 1784 savinus,
1653 1735 1888 1782 Mercerus
1931 1749 1975 1784 et

1082 1786 1366 1846 potissimum
1391 1787 1600 1836 Pichena.

1114 1858 1418 1925 ¹provinciae.
1498 1859 1584 1904 Ed.
1624 1862 1741 1920 Spir.
1774 1868 1971 1919 provin-

1083 1922 1193 1983 trae.
1221 1943 1279 1950 --
1327 1917 1438 1959 Mox
1465 1918 1691 1974 principis
1721 1937 1806 1980 pro
1837 1927 1975 1978 prin-

1085 1986 1379 2085 ω’(ἶεὲγςυνη.
1468 2029 1545 2073 Sic
1601 2033 1702 2078 edd.
1755 2035 1970 2082 Beroald.

1081 2087 1202 2137 (cum
1227 2086 1296 2129 sil.
1319 2085 1459 2144 Vict.)
1492 2086 1597 2132 Ale.
1619 2090 1762 2139 Rhen.
1786 2110 1883 2153 sqq.
1914 2123 1974 2133 -

1079 2143 1322 2196 Lazugum
1344 2143 1446 2188 MS.
1474 2144 1626 2190 Guelf.
1653 2150 1757 2193 edd.
1780 2150 1883 2195 Put:
1912 2183 1971 2190 -—

1079 2204 1292 2301 ἰιῖιιὲεὸιηι
1315 2202 1383 2245 ed.
1405 2203 1525 2262 spir.
1600 2205 1661 2249 cf.
1686 2217 1781 2252 not.
1804 2210 1859 2266 ad
1882 2210 1972 2256 An.

1134 2329 1319 2394 quciti.
1408 2330 1485 2374 Sic
1524 2331 1628 2377 MS.
1665 2333 1822 2382 Guelf.
1866 2340 1968 2384 edd.

1079 2386 1198 2442 Splr.
1223 2385 1324 2429 Put.
1347 2387 1555 2435 Beroald.
1587 2399 1709 2443 (cum
1732 2394 1803 2438 sil.
1829 2394 1969 2450 vict.)

1078 2442 1181 2487 Alc.
1204 2442 1346 2488 Rhen.
1370 2445 1472 2488 Ald.
1499 2471 1556 2481 —-
1586 2453 1721 2492 asciti
1737 2452 1837 2496 edd.
1848 2452 1970 2512 Lip&

1078 2500 1245 2556 (1574.)
1271 2517 1370 2559 sqq.

1132 2559 1320 2611 plebem
1351 2575 1529 2616 quoque
1551 2570 1596 2604 et
1620 2563 1715 2605 vim
1742 2566 1969 2621 equitum.

1077 2614 1359 2659 Boxhornius
1385 2618 1598 2662 malebat:
1622 2623 1828 2674 peditem
1848 2639 1966 2680 quo-

1078 2688 1165 2728 que
1199 2679 1284 2731 etc.
1363 2673 1452 2716 Sed
1479 2678 1661 2728 plebem
1692 2677 1803 2721 ferri
1835 2696 1968 2738 posse

1078 2736 1228 2774 censet
1249 2729 1502 2783 Ernestius,
1536 2734 1638 2792 quia
1671 2736 1794 2793 plebs
1824 2753 1966 2797 oppo-

1077 2795 1207 2828 natur
1235 2786 1528 2845 principibus.
1594 2790 1760 2836 Addit:
1794 2795 1967 2843 „Pedi-

1077 2853 1140 2886 tes
1183 2844 1474 2887 sumebantur
1517 2862 1540 2889 e
1576 2846 1734 2904 plebe,
1789 2853 1968 2898 nobiles

1077 2899 1200 2958 equis
1235 2902 1489 2952 mereban13
1528 2903 1646 2947 unde
1672 2909 1852 2961 pedites
1883 2925 1968 2970 pro

1068 2960 1202 3013 plebe
1234 2958 1349 3015 apud
1375 2957 1531 3004 Horat.
1553 2961 1612 3004 Α.
1636 2962 1690 3006 Ρ.
1717 2964 1852 3008 113.”

1133 3043 1227 3084 qua
1249 3030 1387 3071 sola..
1429 3029 1528 3072 MS.
1556 3028 1711 3077 Guelf.
1736 3049 1824 3090 que
1845 3039 1965 3081 sola.

1134 3099 1400 3141 remissum.
1440 3136 1442 3141 ,
1461 3099 1536 3142 Sic
1554 3099 1687 3145 MSS.
1702 3102 1826 3148 Flor.
1849 3107 1966 3159 (test.

1078 3154 1217 3210 Viet.)
1244 3155 1358 3196 Bud.
1379 3155 1486 3213 Reg.
1515 3157 1632 3202 (fest.
1657 3159 1802 3217 Brot.)
1825 3162 1967 3207 Corb.

1077 3212 1202 3255 Harl.
1224 3212 1324 3255 edd.
1349 3211 1467 3270 Spir.
1492 3212 1635 3258 Rhen.
1663 3216 1770 3260 Ald.
1790 3235 1886 3276 sqq.
1907 3244 1964 3253 -

1075 3298 1133 3306 .....
1163 3271 1388 3311 omissum
1413 3269 1545 3313 MSS.
1565 3270 1717 3315 Guelf.
1739 3276 1867 3318 nodi.
1885 3278 1967 3322 les.

1078 3326 1179 3368 edd.
1204 3326 1306 3368 Put.
1332 3327 1397 3370 Μ.
1423 3337 1465 3369 et
1482 3327 1537 3371 V.
1564 3329 1772 3373 Beroald.
1796 3332 1964 3377 Aleiat.

1077 3383 1165 3426 Sed
1189 3383 1279 3428 vid.
1302 3385 1392 3428 An.
1414 3386 1481 3435 11,
1500 3385 1543 3428 3.
1569 3389 1805 3430 remittere
1830 3391 1965 3432 bene-

1063 3441 1230 3495 ficium
1257 3449 1299 3483 el
1320 3448 1417 3484 not.
1437 3442 1492 3484 ad
1516 3445 1602 3485 An.
1633 3446 1669 3496 1,
1695 3445 1737 3488 9.
1757 3468 1814 3478 —
1854 3447 1965 3490 Mox

1078 3497 1176 3539 MS.
1204 3496 1356 3540 Guelf.
1379 3501 1702 3543 molier-entur.
1725 3528 1784 3539 --·
1831 3503 1965 3549 Faer-

1077 3570 1160 3596 nus
1207 3554 1402 3612 legebat:
1456 3571 1513 3599 ne
1549 3557 1660 3611 quid
1706 3559 1967 3605 discordiae

1360 3615 1420 3675 R
1489 3647 1491 3649 ,
