2138 4030
159 279 213 312 A.
230 263 389 309 uisu.

160 318 213 353 A.
231 318 280 353 e.
325 318 384 352 71.

629 275 802 336 ΜΒ.
834 258 937 336 Ν.

1030 273 1226 336 CAP.
1266 274 1365 336 53.

50 439 55 442 ·
74 409 285 466 licihus
299 408 478 466 ramis
493 429 504 463 :
537 405 683 463 dein
696 402 1219 479 virginesVestales
1236 424 1369 462 cum
1382 393 1929 488 pueris'puellisque'

73 494 339 570 patrimis
364 488 768 568 matrimisque
805 497 953 568 aqua
983 491 1135 548 vivis
1169 510 1199 546 e
1231 490 1495 547 fontibus
1531 484 1919 573 amnibusque

74 577 279 637 hausta
303 579 587 659 perluere.
639 588 764 634 tum
777 575 1089 633 Helvidius
1100 574 1338 633 Priscus
1356 586 1589 652 praetor
1606 594 1920 653 praeeunte

78 836 176 893 qui)
206 833 355 879 vatic.
382 832 510 878 1863.
547 831 654 891 Reg.
688 832 825 876 Corb.
862 834 966 892 Agr.

77 894 148 937 ed.
169 892 304 949 Spir.
334 907 416 950 pro
449 893 631 944 quibus,
678 891 799 949 quod
833 899 969 934 exstat

78 951 127 994 in
171 948 304 1003 MSS.
347 948 499 993 Guels.
544 948 677 992 Bodl.
714 948 838 993 Harl.
882 949 966 991 les.

77 1007 194 1051 Bud.
229 1006 332 1050 edd.
365 1005 470 1048 Put.
505 1021 604 1064 sqq.
645 1006 699 1049 ad
735 1005 821 1049 Iac.
851 1003 968 1048 Gro-

76 1064 285 1110 novium.
357 1063 533 1106 Deinde
561 1065 761 1105 nomina
796 1062 970 1107 reduxit

77 1121 252 1181 Lipsius
281 1137 305 1164 e
325 1120 423 1164 MS.
448 1118 576 1171 Vat.,
607 1136 711 1163 cum
739 1136 831 1178 quo
853 1135 970 1166 con-

2 1206 10 1212 -
78 1177 278 1223 sentiunt
303 1179 431 1221 ‘Flor.
468 1178 582 1232 (test.
605 1177 722 1221 Viet.
759 1194 862 1220 cum
886 1176 967 1219 Pi-

81 1236 239 1286 chena)
271 1235 382 1293 Reg.
411 1234 548 1279 Corb.
581 1234 712 1278 Bodl.
744 1235 861 1279 Bud.
896 1234 968 1277 ed.

84 1294 203 1352 Spir.
273 1292 395 1335 Idem
431 1291 479 1334 in
504 1291 638 1335 MSS.
660 1291 784 1337 Harl.
820 1301 862 1335 et
885 1292 968 1333 les.

79 1350 393 1409 superscripsit
407 1349 601 1393 secunda
628 1364 803 1400 manus,
829 1363 967 1407 quum

81 1425 103 1450 a
128 1408 269 1466 prima
300 1423 434 1450 manu
469 1406 529 1449 ibi
559 1407 612 1449 sit
640 1407 821 1457 omina,
851 1404 969 1450 utin

81 1465 184 1509 cod.
200 1465 308 1520 Agr.
332 1464 431 1506 edd.
447 1463 550 1507 Put.
571 1479 669 1521 sqq.
692 1463 743 1505 ad
757 1462 971 1521 Lipsium.

81 1522 183 1566 MS.
213 1519 368 1565 Guelf.
403 1522 583 1577 omnia.
652 1519 827 1576 Lipsius
859 1519 971 1562 bene

83 1577 352 1635 emendavit.
401 1576 460 1621 cf.
479 1577 574 1621 Cic.
599 1577 653 1620 de
665 1577 820 1633 Divin.
851 1580 887 1626 1,
902 1576 972 1627 45,

85 1638 184 1681 102.
239 1635 358 1697 Plin.
381 1635 450 1684 28,
473 1635 514 1677 2.
570 1634 675 1677 Ille:
711 1634 866 1693 Quum
888 1636 973 1689 im·

78 1701 272 1749 perator
305 1693 585 1740 exercitum,
625 1706 794 1734 censor
819 1708 971 1747 ροριιωι

82 1755 181 1793 lum
226 1753 479 1799 lustraret,
530 1752 660 1791 bonis
710 1751 973 1791 nominibus

85 1809 164 1864 qui
201 1808 379 1850 hostias
410 1810 627 1848 ducerent
660 1807 975 1858 eligebantur-e

85 1869 206 1921 quod
238 1866 362 1923 idem
387 1866 436 1906 in
458 1866 632 1906 delectu
657 1866 865 1906 eonsules
890 1864 971 1904 ob-

83 1930 274 1965 servant
291 1954 304 1975 ,
366 1929 418 1964 ut
465 1922 654 1976 primus
712 1923 843 1963 miles
876 1920 973 1974 fiat

85 1983 204 2022 bono
223 1980 422 2022 nomine.
478 1977 564 2021 Hie
585 1977 616 2020 l.
638 1979 694 2022 l.=
719 1979 810 2021 Cur
827 1979 974 2032 publi·

84 2039 149 2080 cis
178 2038 341 2087 lustris
366 2037 513 2079 etiam
537 2036 740 2077 nomina
761 2035 975 2077 victimas

85 2095 353 2136 ducentium
379 2108 607 2148 prospera
631 2094 846 2148 legimus.
908 2091 970 2135 cf.

86 2151 243 2195 Davis.
278 2151 332 2194 ad
362 2149 463 2195 Cic.
489 2149 589 2193 Nat.
614 2148 676 2192 D.
711 2149 752 2201 2,
774 2149 845 2192 27.
874 2148 973 2192 init.

86 2209 228 2251 Beier.
247 2208 301 2251 ad
316 2207 410 2252 Cic.-
431 2221 500 2250 or.
521 2221 606 2266 pro
623 2207 795 2250 Scauro
831 2221 875 2264 p.
895 2206 971 2248 181

87 2281 166 2323 sq.·
210 2284 212 2286 ’

155 2335 263 2378 dein
313 2334 515 2389 virgines
566 2332 793 2377 Vestales.

91 2394 207 2452 Spir.
231 2393 334 2434 deth
356 2391 606 2446 virginibus
630 2392 838 2434 vestales.

152 2450 371 2506 patrimis
421 2449 762 2503 matrimisque.
861 2447 977 2490 Sunt

89 2501 218 2566 pueri
240 2505 500 2564 puellaeque
518 2521 541 2548 e
562 2502 851 2548 matrimonio
867 2519 974 2547 con·

90 2567 283 2610 farreato
299 2563 492 2606 oriundi.
530 2562 586 2606 cf.
600 2559 836 2613 Liv.37,3.
878 2559 973 2604 Cic.

93 2625 146 2667 de
166 2621 319 2679 harup.
342 2635 459 2678 resp.
483 2622 549 2671 11,
575 2618 643 2663 31.
706 2616 793 2660 Sed
821 2634 978 2660 secun·

91 2682 198 2723 dum
211 2678 393 2721 Festum
409 2677 584 2735 patrimi
609 2684 651 2719 et
669 2674 978 2718 matrimi'sunt

92 2739 249 2784 etiam,
283 2736 358 2794 qui
419 2742 555 2778 atrem
587 2741 867 2791 matremque
897 2748 974 2775 su-

92 2794 294 2855 perstites
333 2751 522 2842 hagenn
571 2791 767 2847 talesque
803 2790 874 2832 hic
908 2788 974 2831 in·

93 2849 356 2907 telligendos
397 2847 527 2891 facile
558 2848 637 2891 tibi
671 2845 973 2906 persuadebis-

92 2908 207 2953 Nam
237 2905 440 2950 homines
468 2904 757 2950 cOnfarreatis
785 2903 976 2962 parenti-

94 2970 177 3011 bus
214 2964 306 3006 nati
336 2970 445 3005 tunc
475 2970 600 3005 erant
633 2962 738 3004 rari.
812 2960 869 3005 cf.
893 2959 975 3002 Ta-

95 3025 171 3068 cit.
201 3022 289 3065 An.
315 3020 357 3071 4,
386 3020 454 3062 16.
533 3019 742 3062 Ceterum
773 3033 856 3075 pro
883 3033 976 3071 pa-

96 3081 251 3123 trimis
301 3078 621 3131 matrimisque
670 3073 771 3118 MS.
823 3071 977 3117 Guelf.

95 3138 182 3180 sert
220 3135 432 3190 paternis
475 3135 804 3187 maternisque.
891 3129 975 3174 Ed.

95 3193 214 3251 Spir.
236 3191 442 3246 patrinis
459 3191 789 3245 maternisque.
932 3242 936 3245 ¹

153 3251 278 3307 aqua
312 3249 425 3291 vivis
454 3263 479 3290 e
498 3246 711 3303 sontibus
731 3247 976 3288 amnibus-

97 3323 184 3365 que
233 3309 420 3348 hausta.
517 3304 554 3346 E
607 3303 977 3361 praestantissima

97 3363 406 3408 emendatione
422 3362 510 3404 lac.
525 3360 756 3408 Gronovii‚
783 3375 915 3418 quam
933 3360 979 3402 iu

97 3422 337 3464 verborum
350 3417 557 3460 ordinem
567 3417 980 3473 reeepitErnestius.

97 3480 156 3522 At
177 3477 344 3520 dudum
356 3468 587 3518 'Victorius
610 3475 760 3529 eadem
787 3482 981 3524 suaserat

97 3534 144 3576 in
175 3548 255 3576 suo
285 3532 523 3590 exemplari
555 3529 854 3582 Beroaldino‚
896 3530 980 3573 nisi

100 3591 219 3650 quod
247 3590 281 3632 55
313 3589 436 3663 legitt
476 3604 602 3644 aqua
626 3588 741 3631 vivis
767 3595 812 3629 et
825 3587 982 3643 fonti-

890 2330 973 2378 Ed.

1037 836 1124 876 bus
1149 835 1455 891 amnibusque
1477 835 1667 878 hausta.
1742 837 1923 882 Veteres

1032 891 1142 934 'libri
1213 892 1363 934 locum
1432 892 1547 935 varie
1612 905 1925 952 corrumpunt.

1038 949 1140 992 MS.
1182 947 1308 992 Flor.
1354 949 1480 1003 (test.
1517 948 1751 1007 Ryckio):
1800 969 1926 1008 aqua

1038 1006 1190 1048 trimis
1215 1021 1238 1047 e
1246 1004 1464 1059 fontibus
1483 1008 1787 1064 amnibusque
1809 1011 1925 1052 lmu-

1039 1071 1132 1106 stu.
1224 1061 1451 1106 Victorius
1489 1064 1698 1107 intactam
1745 1065 1928 1123 reliquit

1039 1121 1304 1178 scripturam
1318 1136 1335 1162 z.
1372 1137 1403 1162 a
1432 1122 1680 1176 quatriml's
1707 1129 1752 1166 et
1768 1123 1929 1183 sonti-

1040 1178 1128 1220 bus
1153 1179 1452 1232 omnibusque
1481 1179 1675 1230 hausta,
1738 1196 1818 1222 uae
1853 1197 1929 1224 ex-

1039 1243 1125 1277 stat
1143 1234 1190 1276 in
1215 1233 1317 1278 edd.
1345 1235 1446 1279 Put.
1466 1235 1531 1279 M.
1559 1233 1605 1279 et¹
1621 1233 1679 1278 V.
1751 1238 1926 1283 eroald.

1042 1291 1203 1335 Alciat.
1236 1315 1287 1323 --
1349 1307 1479 1348 aqua
1505 1293 1614 1336 rivis
1643 1300 1688 1335 et
1713 1294 1929 1349 fontibus

1041 1350 1350 1404 amnibusque
1389 1352 1560 1393 hausta
1607 1350 1740 1395 MSS.
1771 1351 1927 1397 Guelf.

1042 1405 1165 1448 Harl.
1202 1405 1332 1449 Bodl.
1374 1408 1455 1450 les.
1483 1435 1541 1442 —-
1604 1410 1931 1464 aquarihiset

1029 1463 1246 1519 fontibus
1266 1465 1438 1506 hausta
1461 1464 1560 1507 MS.
1576 1465 1691 1508 Bud.
1713 1490 1770 1500 —
1803 1482 1929 1523 aqua

1042 1521 1175 1562 trinis
1204 1536 1228 1562 e
1249 1523 1465 1576 sontibus
1499 1524 1716 1565 omnibus
1757 1525 1933 1568 hausta

1042 1577 1143 1621 MS.
1164 1577 1276 1634 Agr.
1348 1577 1557 1622 Secunda
1592 1595 1752 1623 manus
1785 1597 1809 1623 e
1841 1583 1932 1624 tri—

1041 1635 1120 1676 nis
1161 1633 1270 1678 fecit
1311 1636 1473 1679 ternis.
1508 1661 1563 1670 -—
1622 1642 1864 1692 aquaturis
1906 1643 1954 1682 ε’

1029 1691 1241 1747 fontibus
1262 1694 1435 1736 hausta
1451 1693 1554 1737 MS.
1571 1693 1682 1751 Reg.
1708 1722 1766 1731 --
1803 1712 1933 1752 aqua

1044 1750 1158 1791 riuis
1192 1758 1236 1792 et
1256 1750 1468 1805 fontibus
1487 1752 1788 1808 amnibusque
1809 1755 1929 1796 hau-

1043 1813 1120 1848 sta
1151 1807 1250 1851 edd.
1274 1806 1476 1850 Rhenan.
1498 1808 1602 1851 Ald.
1623 1825 1727 1875 sqq.
1761 1811 1816 1852 ad
1841 1810 1930 1855 Er·-

1044 1866 1252 1907 nestium.
1304 1863 1503 1922 Ryckius
1531 1874 1783 1908 coniecerat
1805 1883 1935 1924 aqua
1974 1876 1978 1878 ’
2030 1902 2039 1912 .

1042 1921 1203 1964 vicim's
1225 1938 1250 1965 e
1259 1922 1481 1977 fontibus
1498 1923 1800 1980 amnibusque
1814 1927 1934 1968 hau-

1044 1987 1123 2021 sta
1148 1995 1309 2037 parum
1330 1979 1536 2023 feliciter.

1095 2050 1329 2116 perluere.
1383 2047 1448 2090 Ex
1477 2048 1795 2093 emendatione
1819 2051 1932 2096 Rhe-

1048 2121 1182 2155 nam,
1230 2120 1366 2162 quam
1404 2105 1500 2162 ipse
1536 2105 1586 2148 in
1623 2105 1777 2150 locum
1814 2118 1936 2153 rece·
2012 2134 2017 2139 ·

1269 2163 1438 2216 pluer-e
1464 2161 1598 2206 MSS.
1633 2162 1783 2207 Guelf.
1811 2165 1936 2212 Harl.

1046 2219 1178 2262 ssodl.
1210 2218 1293 2262 Ies.
1331 2219 1432 2263 edd.
1463 2219 1570 2262 Put.
1595 2221 1663 2263 M.
1692 2230 1734 2264 et
1759 2220 1811 2266 V.
1841 2223 1931 2266 Be-

1046 2275 1188 2322 roald.
1211 2277 1336 2332 (cum
1359 2275 1429 2320 sil.
1451 2275 1587 2332 Vict.)
1616 2278 1774 2322 Alciat.
1850 2280 1933 2324 Ni-

1048 2333 1215 2377 mirum
1259 2332 1480 2377 debebant
1515 2335 1712 2378 scribere
1748 2339 1934 2394 pluere,

1047 2392 1169 2448 quod
1214 2399 1278 2434 est
1312 2391 1628 2448 compendium
1669 2394 1790 2437 verbi
1821 2410 1932 2446 per-

1045 2451 1186 2493 luere.
1218 2471 1276 2481 ·-
1318 2450 1504 2501 plueret
1529 2449 1627 2492 MS.
1649 2449 1767 2493 Bud.
1793 2459 1836 2493 et
1860 2452 1930 2496 ed.

1046 2504 1163 2562 Spir.
1255 2504 1309 2547 In
1332 2504 1433 2548 MS.
1459 2502 1612 2550 Guelf.
1645 2522 1827 2564 quoque
1855 2526 1928 2552 se-

1048 2562 1193 2605 cunda
1223 2576 1380 2605 manus
1403 2563 1716 2621 superscripsit
1731 2565 1930 2610 litteram

1047 2626 1083 2661 t.
1102 2642 1160 2652 —
1185 2620 1421 2673 perlueret
1444 2618 1546 2665 MS.
1570 2617 1708 2664 Corb.
1730 2643 1790 2655 -
1827 2624 1934 2667 An-

1046 2674 1197 2718 to'nius
1249 2674 1522 2732 Augustinus
1576 2675 1768 2722 malebat
1818 2695 1930 2735 per-

1040 2735 1232 2789 pluere,
1275 2732 1399 2791 quod
1428 2732 1636 2777 Ernestio
1673 2735 1806 2780 etiam
1842 2753 1933 2780 ma·

1045 2791 1109 2848 gis
1143 2789 1288 2847 placet
1329 2804 1461 2845 quam
1497 2791 1728 2842 perluere.
1818 2793 1933 2838 Nam

1046 2846 1380 2904 adspersionem
1415 2845 1538 2890 illam
1564 2846 1624 2891 ait
1643 2846 1781 2896 fuisse
1807 2866 1934 2896 areae

1048 2903 1300 2947 lustrandae
1332 2918 1487 2952 causa,
1537 2903 1591 2947 de
1625 2921 1712 2962 qua
1742 2922 1791 2951 re
1821 2920 1932 2962 per-

1041 2963 1208 3016 pluere
1246 2957 1334 3004 dici
1401 2977 1520 3010 osse,
1571 2977 1664 3005 non
1699 2967 1932 3018 perluere.

1048 3018 1252 3072 Fallitur.
1345 2975 1459 3061 bpam
1509 3018 1760 3065 lustrationi
1815 3021 1932 3066 haud

1050 3074 1183 3118 dubie
1239 3073 1397 3117 melius
1449 3075 1665 3120 convenit
1714 3081 1934 3131 perluere

1047 3147 1182 3190 quam
1215 3131 1351 3182 illud,
1382 3131 1486 3189 quip
1522 3147 1544 3174 e
1577 3147 1602 3175 a
1634 3136 1771 3178 verb‘o
1799 3139 1932 3180 luere

1050 3187 1281 3239 descendit
1315 3186 1488 3236 vocab'u
1512 3204 1586 3233 um
1629 3192 1932 3245 lustrationis,

1047 3261 1194 3303 neque
1209 3262 1231 3288 a
1247 3247 1426 3299 pluere.
1636 3293 1640 3298 ,

1101 3310 1374 3354 praeeunte.
1465 3302 1552 3348 Int.
1593 3305 1739 3350 verba
1775 3321 1929 3364 preca-

1052 3360 1198 3403 tionis.
1281 3359 1342 3403 cf.
1375 3360 1562 3411 Sueton.
1596 3361 1753 3406 Claud.
1797 3378 1838 3406 c.
1862 3363 1933 3407 22.

1051 3416 1169 3460 l’lin.
1187 3416 1259 3465 28,
1281 3417 1324 3460 2.
1381 3415 1716 3464 Strombeckius
1738 3433 1831 3462 non
1859 3435 1930 3462 sa-

1051 3475 1105 3516 tis
1153 3481 1272 3516 recte
1337 3472 1649 3532 interpretatus
1698 3483 1784 3519 est:
1849 3490 1934 3519 vor

1051 3532 1269 3599 welchem
1288 3533 1372 3574 der
1397 3530 1709 3590 Oberpriefter
1730 3564 1741 3577 .
1757 3563 1768 3577 .
1785 3563 1796 3574 .
1823 3534 1929 3576 her-

1050 3602 1172 3644 gang.

1234 3645 1333 3705 Ee
1378 3651 1418 3706 2

1046 2163 1127 2221 pit.
1158 2185 1216 2196 —·

1792 279 1916 340 435
1998 319 1999 327 κ
