2138 4030
165 262 290 323 250

734 255 1449 323 HISTORIARUM

1691 260 1693 262 ’
1722 263 1936 300 A.U.823.

1720 307 1770 342 A.
1790 305 1836 342 C.
1876 309 1936 344 τυ.

165 415 311 473 que,
335 432 341 449 .
366 414 439 450 ue
476 395 550 450 ab
585 394 718 451 aliis
742 395 899 470 apud
931 391 1243 449 Vitellium
1269 394 1624 464 anteiretur,
1675 398 2022 471 pervertisse

162 481 359 556 ipsum
381 479 634 537 videtur.

718 478 977 537 Caecina·
992 477 1254 550 legiones
1275 480 1584 536 adsecutus
1606 483 2022 540 centurionum

162 566 540 641 militumque
566 564 796 622 animos
823 564 1148 621 obstinatos
1174 583 1282 637 pro
1313 562 1560 621 Vitellio
1589 566 1770 623 variis
1796 568 2021 626 artibus

167 650 506 709 subruebat.

582 648 763 706 Basso
803 649 1005 704 eadem
1040 648 1311 704 molienti
1336 649 1534 706 minor
1562 650 1875 709 difficultas
1899 666 2022 711 erat

161 736 391 796 lubrica
414 736 488 791 ad
514 735 861 792 mutandam
886 733 1061 789 fidem
1102 734 1280 789 classe
1320 735 1396 790 ob
1433 737 1780 794 memoriam
1817 757 2029 816 recen-t

161 822 238 879 tis
265 841 373 897 pro
401 816 645 877 Othone
671 820 965 876 militiae-²

159 998 303 1044 stituit
326 1013 350 1040 e
370 996 475 1042 MS.
498 994 645 1043 Flor„
684 1008 790 1038 eum
824 1005 921 1049 quo·
948 1007 1053 1036 con·

157 1057 358 1100 sentiunt
416 1053 519 1097 MS.
573 1051 726 1095 Guelf.
792 1049 891 1092 edd.
953 1057 1054 1093 ante

157 1113 305 1158 Rhen.
344 1135 396 1147 —
456 1111 536 1154 Ed.
559 1110 680 1167 Spir.
705 1109 977 1164 invidiaque.

215 1184 481 1229 anteit-etur
501 1211 514 1224 .
528 1211 539 1223 .
554 1210 589 1223 ..
611 1180 808 1223 videtur.
849 1178 928 1222 Sic
951 1178 1053 1223 edd.

157 1243 339 1288 Ernest.
364 1255 464 1298 sqq.
479 1271 492 1290 ,
522 1244 572 1280 ut
593 1253 617 1280 e
642 1237 746 1280 MS.
762 1235 918 1280 Guelf.
942 1254 965 1280 a
989 1253 1052 1279 se·

158 1299 309 1346 cunda
360 1311 498 1340 mauu
549 1302 592 1336 et
644 1294 783 1338 Corb.
868 1294 956 1337 Sed
1006 1294 1053 1337 in

156 1355 316 1403 Guelf.
339 1370 451 1414 pure
473 1359 609 1396 exstat
631 1354 870 1395 videntur.-
899 1367 947 1394 ex
973 1367 1052 1393 an-

156 1417 389 1460 teirentur
417 1409 612 1454 secunda
647 1425 808 1453 manus
832 1408 939 1453 feeit
968 1425 1052 1451 an-

155 1474 369 1518 teit-etur.
405 1493 464 1501 —
522 1470 782 1510 anteit-etur
804 1498 816 1511 .
830 1497 843 1511 .
859 1499 869 1510 .
888 1498 899 1509 .
925 1468 1051 1508 viste-

157 1537 293 1574 ναίω·
315 1527 386 1571 ed.
409 1526 647 1584 Spirensis.
689 1548 749 1557 —-
806 1527 1050 1566 anteiren-

156 1597 322 1632 ίαν...
349 1586 565 1627 videntur
594 1582 730 1626 MSS.
761 1582 885 1625 Harl.
917 1581 1050 1625 Bodl.

155 1643 313 1689 Guelf.
351 1660 375 1687 a
410 1641 555 1701 prima
593 1654 756 1688 manu,
811 1638 912 1682 edd.
946 1638 1052 1683 Put.

155 1705 264 1748 Ber.
287 1703 412 1758 (cum
437 1697 585 1743 silent.
607 1696 747 1754 Vici.)
770 1712 870 1756 sqq.
895 1695 947 1738 ad
973 1696 1053 1738 Er-

157 1768 275 1805 nest.
314 1781 373 1795 -·-
443 1756 682 1800 anteirent
716 1788 727 1800 .
752 1786 765 1798 .
790 1787 803 1800 .
836 1754 1051 1797 'videntur

153 1813 406 1862 MS.'Bud.
450 1838 508 1847 -
565 1813 807 1856 anteirent
833 1841 893 1856 ...
921 1813 1050 1854 vide-

154 1884 288 1921 retm-
316 1872 423 1917 MS.
452 1872 563 1929 Reg.
605 1894 663 1903 -
720 1871 923 1913 anteiret
951 1869 1052 1913 MS.

155 1934 239 1979 les.
309 1931 382 1975 De
414 1946 509 1974 uno
542 1937 718 1972 tantum
751 1927 942 1971 Caecina
979 1926 1053 1970 hic

153 2005 415 2035 sermonem
462 2003 557 2030 esse
596 1985 809 2028 'Ernestio
856 1993 976 2041 patet
1029 2000 1052 2027 e

154 2047 310 2092 verbis
346 2048 538 2102 prodito
577 2044 757 2092 Galba,
814 2058 926 2100 quae
965 2041 1051 2085 soli

155 2105 376 2150 Caecinae
418 2100 691 2146 conveniant
738 2099 815 2154 (cf.
858 2099 969 2151 Hist,
1013 2104 1050 2150 1,

153 2162 270 2219 53.),
310 2171 408 2205 tum
445 2176 468 2203 e
509 2158 798 2218 sequentibus
828 2159 1047 2198 aemula-

153 2223 280 2265 tione
298 2221 583 2274 invidiaque,
606 2230 666 2257 ne
686 2224 769 2259 etc.
828 2213 957 2279 Quae
981 2222 1051 2256 ta-

153 2293 264 2322 men
293 2293 364 2320 res
399 2276 602 2321 nondum
626 2273 751 2315 omni
779 2271 1051 2314 dubuationi

154 2343 358 2392 exempta
390 2332 499 2376 mihi
531 2332 723 2377 videmr.
781 2329 898 2371 Nam
929 2329 965 2371 si
997 2330 1051 2371 de

154 2409 250 2436 uno
285 2391 476 2436 Caecina
510 2389 585 2433 hic
620 2402 769 2431 sermo
805 2394 895 2439 est,
942 2386 1050 2452 quid

153 2450 334 2495 tandem
355 2448 503 2506 potuit
525 2459 682 2490 causae
706 2460 821 2495 esse,
862 2451 910 2486 ut
943 2460 1050 2487 scr-1-

149 2516 256 2565 ptor
272 2521 413 2565 porro
436 2505 490 2548 de
509 2504 701 2549 Caecina
722 2503 955 2544 locuturus
974 2501 1048 2543 ad-

150 2566 277 2611 deret
299 2565 446 2623 ipsum
468 2577 636 2607 nomen
658 2560 858 2607 Caecina
876 2562 900 2602 ,2
955 2559 1043 2603 De-

1125 993 1258 1035 bebat
1282 1009 1490 1050 pergere:
1520 996 1751 1051 Legiones
1771 1001 2021 1042 adsecutus

1126 1058 1213 1094 etc.
1242 1067 1333 1093 non
1359 1051 1512 1096 addito
1535 1055 1720 1098 nomine
1745 1055 1961 1100 Coecma.

1176 1109 1480 1161 pervertisse.
1540 1109 1644 1155 MS.
1667 1110 1778 1166 Reg.
1802 1112 1872 1156 ed.
1897 1113 2017 1172 Spir.

1119 1165 1924 1268 ssrf‘ffmgoe’dvfi¹·lg³{i4⁰}⁰fu⁵i⁰ne'
1958 1169 2018 1214 cf.

1173 1238 1218 1265 ra
1238 1239 1306 1265 ·en
1345 1255 1357 1267 .
1380 1240 1405 1268 a
1501 1242 1553 1269 ιν.
1637 1258 1648 1275 ,
1702 1255 1716 1271 .

1182 1279 1354 1334 ipsum.
1429 1281 1724 1335 MS.,Guelf.
1769 1283 1870 1328 edd.
1910 1272 2019 1328 Put.¹

1124 1337 1195 1380 M.
1222 1347 1264 1380 et
1287 1336 1340 1379 V.
1368 1337 1577 1383 Beroald.
1610 1341 1708 1386 Alc.
1742 1340 1885 1385 Rhen.
1919 1357 2017 1400 sqq.

1124 1395 1180 1437 ad
1206 1393 1366 1439 Oberl.
1387 1398 1536 1452 'Josum
1552 1399 1809 1442 Vitellium.
1870 1398 2016 1442 Ober-

1124 1452 1244 1495 linus
1289 1469 1387 1510 sqq.
1434 1455 1648 1498 suadente
1684 1455 1834 1512 Lipsio
1870 1457 2016 1500 Vitel-

1124 1511 1239 1551 lium
1264 1510 1564 1555 sustulerunt:
1604 1513 1727 1556 abest
1750 1515 1796 1557 id
1821 1515 2015 1558 vocabu-

1123 1568 1218 1610 lum
1259 1583 1284 1612 a
1316 1569 1417 1612 MS.
1447 1568 1557 1628 Reg.
1598 1578 1640 1613 et
1675 1572 1744 1615 ed.
1777 1571 1894 1629 Spir.
1964 1572 2015 1614 In

1124 1624 1225 1668 cod.
1258 1626 1366 1684 Agr.
1410 1627 1554 1670 eidem
1590 1627 1815 1674 vocabulo
1849 1636 2018 1687 puncta

1121 1681 1360 1725 subiuncta
1381 1693 1498 1728 sunt.
1861 1712 1870 1734 ι

1181 1742 1442 1785 adsecutus.
1485 1741 1589 1786 MS.
1603 1741 1728 1786 Flor.
1750 1743 1867 1798 (test.
1878 1742 2016 1800 vict.)

1122 1795 1193 1841 ed.
1218 1797 1364 1854 spir-5
1394 1808 1623 1842 assecutus
1645 1800 1745 1843 edd.
1765 1799 1868 1844 Put.
1889 1816 2018 1859 sqq-3

1122 1864 1399 1910 assequutus
1423 1855 1526 1901 MS.
1551 1855 1702 1901 Guelf.
1738 1867 1782 1902 et
1813 1857 1872 1901 ita
1905 1872 2016 1943 ξοη-

1123 1920 1305 1956 stanter.

1180 1972 1452 2015 obstinatos.
1531 1971 1614 2016 Ed.
1644 1973 1763 2032 Spir.
1805 1975 2016 2016 destina-

1123 2034 1210 2069 tos.

1178 2085 1388 2128 militene.
1448 2087 1555 2131 Post
1577 2088 1663 2132 hoc
1683 2087 1948 2133 vocabulum
1968 2089 2016 2131 in

1119 2140 1389 2185 MS.Guelf.
1415 2143 1624 2200 leguntur
1645 2146 1777 2190 haec:
1809 2148 2014 2201 „Tel-(ug.

1123 2198 1171 2242 Si
1204 2215 1418 2264 reperero
1452 2204 1584 2245 {inem
1611 2203 1886 2261 septidecimi
1912 2204 2013 2246 libri

1123 2263 1164 2298 et
1197 2257 1468 2315 principium
1505 2261 1646 2304 octavi
1674 2261 1861 2312 decimi,
1901 2276 2015 2317 quae

1122 2323 1309 2371 utraque
1335 2317 1521 2360 confusa
1544 2326 1648 2361 suut
1679 2319 1852 2362 cunetis
1885 2317 1934 2361 in
1964 2317 2013 2360 li-

1122 2371 1215 2413 bris
1250 2379 1292 2413 et
1322 2374 1467 2423 varia,
1506 2374 1659 2418 locum
1682 2377 1934 2419 annotabot
1973 2375 2013 2418 si

1121 2429 1265 2471 lector
1295 2429 1534 2475 offenderis
1570 2441 1613 2475 et
1646 2441 1694 2476 tu
1730 2434 1875 2491 signes
1910 2449 2011 2478 orn.

1120 2500 1286 2578 Valeas,
1302 2508 1339 2559 g
1370 2500 1551 2559 legeris:
1599 2511 1642 2547 et
1675 2512 1797 2550 recte
1829 2513 2011 2550 annota-

1117 2574 1246 2602 vens.
