2138 4030
184 220 234 258 A.
250 208 304 255 Π.
323 218 411 251 823.

178 268 231 302 A,
253 263 301 299 ο,
344 262 407 297 70.
691 213 867 277 ΜΒ.
895 214 939 276 1.
969 212 971 214 ’
1011 211 1208 274 CAP.
1241 215 1345 275 30.
1862 223 1945 282 49

95 345 227 425 „vit
254 352 475 410 animo,
560 342 703 404 haec
728 342 1105 419 'principatus
1136 343 1398 416 praemia
1434 360 1633 420 putat,
1686 372 1941 429 quorum

44 503 47 507 ,
92 438 328 510 „libido
358 455 424 492 ae
451 431 724 506 voluptas
757 447 937 503 penes
975 427 1170 502 ipsum
1204 427 1308 498 sit,
1362 431 1549 487 rubor
1587 454 1652 491 ac
1688 438 1940 496 dedecus

96 541 320 600 „penes
354 536 575 577 omnes,
660 534 836 570 nemo
875 512 1033 567 enim
1069 531 1332 588 unquam
1366 513 1681 590 imp'erium
1715 523 1938 596 flagitio

92 606 471 686 „quaesitum
502 598 938 659 bonis‘artibus
976 597 1249 656 exercuit.
1338 596 1594 657 Galbam
1622 624 1953 665 consensus⁴

92 691 367 768 „generis
399 683 681 752 humani,
722 702 815 740 me
844 681 1038 739 Galba
1063 682 1566 743 consentientibus
1598 690 1766 746 vobis
1790 691 1939 751 Cae.

90 797 324 847 „sarem
350 773 516 831 dixit.
603 770 653 826 si
676 787 768 845 res
793 767 1031 843 publica
1061 778 1116 850 et
1145 778 1377 824 senatus
1412 781 1468 826 et
1503 773 1760 847 populus
1785 797 1937 836 vana

91 861 384 932 „nomina
419 867 588 925 sunt,
629 865 849 922 vestra,
895 852 1353 922 commilitoneS‚
1396 854 1668 926 interest,
1715 880 1790 916 ne
1821 861 1936 917 im-

89 956 463 1023 „peratorem
501 939 741 1016 pessimi
779 938 1014 995 faciant.
1108 934 1441 1010 Legionum
1478 942 1688 999 seditio
1725 946 1937 1003 adver-

86 1052 261 1102 „sum
304 1032 480 1087 duces
520 1044 656 1082 suos
690 1023 890 1080 audita
927 1031 1011 1077 est
1043 1021 1392 1097 aliquando:
1446 1038 1637 1083 vestra
1672 1029 1815 1086 fides
1850 1033 1941 1088 fa—

87 1135 344 1192 „maque
372 1113 594 1169 inlaesa
629 1110 703 1166 ad
734 1105 894 1164 hunc
927 1106 1084 1162 diem
1117 1108 1352 1167 mansit.
1439 1122 1495 1168 et
1517 1109 1674 1170 Nero
1703 1136 1940 1193 quoque

38 1263 41 1265 ,
86 1222 236 1272 „vos
260 1197 553 1266 destituit,
590 1214 719 1251 non
741 1212 846 1250 vos
857 1190 1173 1267 Neronem.
1243 1191 1452 1251 Minus
1476 1197 1719 1270 triginta
1744 1212 1938 1258 trans-

87 1288 303 1360 „fugae
345 1295 401 1340 et
435 1283 791 1346 desertoreS,
856 1295 1003 1352 quos
1042 1278 1447 1335 centurionem
1484 1294 1584 1338 aut
1622 1285 1954 1350 tribunum¹

85 1370 246 1440 „sihi
299 1369 576 1442 eligentes
630 1384 804 1420 nemo
858 1362 1066 1429 ferret,
1133 1361 1449 1436 imperium
1502 1368 1952 1442 adsignabunt‘?¹

84 1452 465 1525 „Admittitis
491 1447 865 1524 exemplum?
909 1459 966 1504 et
991 1445 1344 1522 quiescendo
1374 1456 1687 1510 commune
1710 1456 1933 1514 crimen

87 1538 359 1610 „facitis‘?
442 1535 815 1594 transcendet
865 1528 1008 1588 haec
1053 1531 1290 1589 licentia
1337 1534 1402 1590 in
1446 1538 1811 1610 provincias:
1879 1555 1936 1600 et

84 1627 201 1695 „ad
240 1643 350 1679 nos
386 1622 670 1678 scelerum
710 1618 924 1687 exitus,
966 1616 1259 1674 bellorum
1288 1620 1362 1675 ad
1394 1641 1498 1676 vos
1530 1624 1934 1697 pertinebunt.

83 1710 250 1781 „Nec
286 1720 370 1765 est
407 1707 541 1782 plus
577 1704 738 1781 quod
773 1724 881 1778 pro
921 1703 1096 1758 caede
1129 1703 1414 1778 principis
1445 1727 1621 1782 quam
1649 1712 1808 1786 quod
1838 1712 1936 1769 in-

84 1793 480 1868 „nocentibus
513 1793 710 1846 datur:
770 1790 869 1843 sed
908 1787 1159 1861 proinde
1200 1807 1232 1843 a
1272 1789 1446 1845 nobis
1479 1792 1763 1854 donativo
1798 1797 1934 1871 plus

82 1881 204 1949 „ob
229 1880 403 1935 fidem
431 1895 608 1953 quam
633 1874 707 1930 ab
734 1873 865 1929 aliis
887 1892 995 1947 pro
1020 1871 1282 1929 facinore
1306 1875 1620 1950 accipietis·
1636 1878 1666 1899 '⁸

83 2058 187 2102 lent.
220 2054 358 2110 Vici.)
397 2053 503 2099 Ale.
541 2052 684 2096 Rhen.
724 2050 831 2095 Ald.
875 2050 967 2095 Iac.

80 2114 283 2158 GI'ODOV.
304 2111 482 2155 ΒΓΟῘΕΓ.
505 2109 877 2155 ComeSSalioneS·
911 2133 965 2142 *-

0 2199 4 2219 i
76 2170 429 2214 comissationes
447 2160 548 2212 edd'.
561 2169 678 2226 Lips.
699 2181 798 2224 sqq.
821 2175 865 2210 et
885 2176 966 2209 nu*

81 2245 158 2286 per
180 2225 386 2271 oberlin.
410 2227 506 2284 sqq.
547 2225 606 2269 cf.
632 2233 728 2267 not.
750 2223 807 2267 ad
825 2225 868 2275 2,
890 2223 962 2268 76.

79 2285 176 2329 MS.
189 2283 340 2328 Guelf.
360 2283 433 2328 hic
451 2283 540 2327 fert
563 2282 932 2326 coffzessationes.

35 2405 38 2421 ·
120 2386 267 2429 'libido
295 2399 351 2426 ac
380 2386 607 2438 voluptas,
675 2380 796 2427 Haec.
825 2381 964 2425 Roth.

75 2460 119 2502 p.
140 2446 181 2487 8.
204 2442 322 2485 inter
343 2457 596 2500 synonyma
621 2439 771 2482 refert.

131 2548 342 2600 dedecus.
419 2540 501 2583 Ed.
543 2540 662 2598 Spir.
711 2556 817 2583 cum
861 2539 962 2583 MS.

74 2600 227 2645 Guelf.
271 2604 425 2642 decus.
502 2598 612 2640 Mox
653 2596 774 2640 idem
809 2597 961 2640 Guelf.

73 2659 235 2723 qugstil
272 2673 355 2715 pro
395 2658 679 2712 quaesitum:
729 2655 776 2697 in
815 2670 959 2712 marg.

72 2716 312 2773 quesitum.

127 2814 251 2841 vana
279 2797 486 2840 nomina.
548 2796 677 2840 MSS.
699 2797 822 2841 Flor.
844 2797 961 2851 (test.

75 2858 189 2901 Viet.
216 2870 318 2897 cuin
343 2854 556 2908 Pichena)
584 2854 692 2911 Reg.
719 2855 833 2897 ssud.
852 2856 959 2911 Agr.

71 2915 173 2957 edd.
221 2908 341 2970 Spir.
404 2910 545 2966 Ryek.
603 2911 693 2955 lae.
753 2910 958 2956 Gronov.

72 2985 218 3014 vacua
245 2982 441 3011 nomina
482 2992 537 3001 —-
604 2982 734 3009 vana
767 2984 960 3010 nomina

76 3027 204 3070 MSS.
233 3025 356 3069 Harl.
381 3025 513 3069 Bodl.
544 3024 623 3068 les.
649 3025 797 3069 Guelf.
823 3025 959 3070 Corb.

73 3085 175 3129 edd.
192 3084 294 3127 Put.
316 3098 412 3140 sqq.
433 3090 476 3125 et
501 3098 643 3140 nuper
657 3082 833 3125 Ernest.
850 3083 959 3124 Bro-

74 3154 152 3185 ter.
170 3140 329 3183 Obert.
353 3155 450 3197 sqq.
474 3149 517 3182 et
540 3155 666 3181 vana
688 3156 792 3183 sane
815 3141 958 3196 aptius

69 3204 117 3243 in
154 3199 237 3242 hac
271 3197 485 3239 sententia
518 3197 731 3240 dicuntur
773 3197 956 3239 nomina

70 3273 202 3316 quam
235 3269 406 3307 vacua,
453 3254 573 3310 quod
602 3271 657 3296 an
693 3255 780 3296 dici
819 3254 958 3311 possit

24 3331 27 3335 ·
70 3330 151 3373 pro
171 3314 332 3357 inania
355 3310 526 3353 dubito.
588 3310 785 3354 Bahrdtii
807 3326 958 3353 emen·

69 3370 187 3415 datio
211 3369 266 3409 m'
286 3384 367 3426 pro
393 3368 436 3410 si
457 3368 637 3422 legentis
659 3369 788 3426 plane
812 3369 960 3409 turbat

68 3426 305 3483 genuinam
321 3425 419 3481 *ioci
443 3424 703 3467 seutentiam
720 3458 731 3475 ‚
760 3441 870 3482 quac
894 3433 958 3466 est

71 3487 200 3529 haec:
238 3483 286 3525 Si
319 3498 388 3525 res
414 3481 591 3538 publica
615 3490 656 3523 et
682 3490 858 3524 senatus
885 3482 954 3523 ni-

71 3542 128 3585 hil
163 3539 334 3589 valent,
381 3548 427 3582 ut
449 3539 506 3580 ita
532 3554 666 3581 onme
691 3540 758 3582 ius
782 3538 955 3595 imperii

150 3606 393 3657 TAcrrus
424 3602 518 3654 III.

1041 2049 1306 2095 conferendi
1328 2054 1383 2097 sit
1409 2057 1525 2113 apud
1551 2073 1657 2109 vos,
1694 2068 1836 2106 vestra
1857 2063 1932 2107 in-

1039 2114 1174 2150 terest
1208 2117 1291 2153 etc.
1353 2110 1433 2154 Sin
1465 2124 1623 2158 auctor
1651 2117 1846 2163 dixisset:
1884 2123 1939 2164 m‘

1038 2173 1108 2208 etc
1127 2198 1138 2215 ,
1161 2175 1256 2209 tuin
1281 2167 1468 2212 debebat
1488 2188 1697 2229 pergere:
1724 2177 1932 2231 absistite,

1038 2223 1393 2276 commilitones,
1433 2229 1486 2270 ab
1518 2230 1778 2289 adrogantia
1813 2236 1930 2278 deli-

1009 2280 1167 2334 ·gendi
1202 2282 1519 2338 imperatorem
1555 2295 1597 2329 et
1627 2290 1799 2333 reddite
1834 2308 1929 2337 eam

1038 2346 1300 2392 potestatem
1325 2343 1493 2397 populo
1515 2359 1566 2387 ac
1587 2347 1776 2390 senatui.

1090 2396 1294 2446 pessimi.
1352 2398 1573 2457 E‹1.Spir.
1598 2406 1872 2456 pessimum.

1082 2453 1292 2518 ‘inlapsa-
1378 2456 1454 2499 Sic
1499 2459 1598 2502 MS.
1639 2461 1764 2505 Flor.
1808 2465 1927 2518 (test.

1036 2508 1291 2563 Victoria).
1308 2534 1362 2542 —
1393 2515 1526 2557 illesa
1551 2517 1620 2560 vel
1644 2518 1814 2562 illaesa
1827 2522 1928 2566 Μ5.

1035 2565 1184 2608 Guelf.
1211 2566 1311 2608 edd.
1338 2578 1445 2615 vett.

1091 2624 1413 2676 adsignabzmt.
1456 2629 1531 2670 Sic
1545 2630 1645 2673 MS.
1666 2631 1703 2674 F
1706 2633 1789 2676 lor.
1812 2636 1928 2689 (test.

1032 2680 1192 2733 vien).
1218 2703 1276 2713 ——-
1320 2685 1627 2738 assignabunt
1650 2690 1752 2734 MS.
1772 2690 1926 2738 Guelf.

1035 2739 1136 2780 edd.
1160 2744 1264 2781 vett.

1095 2804 1138 2836 ec
1161 2799 1226 2836 ad
1245 2810 1333 2838 nos
1360 2828 1371 2839 .
1388 2829 1420 2840 ..
1444 2802 1509 2840 ad
1533 2815 1625 2843 vos.
1685 2804 1761 2849 Sic
1787 2807 1924 2866 vulgo

1033 2853 1168 2896 MSS.
1193 2861 1231 2894 et
1257 2853 1355 2896 edd.
1372 2855 1473 2897 Put.
1501 2872 1595 2915 sqq.
1624 2862 1753 2915 (eum
1777 2864 1924 2910 silent.

1031 2910 1187 2966 vien),
1209 2935 1267 2946 ....
1296 2919 1346 2953 ut
1371 2916 1435 2954 acl
1458 2927 1544 2957 nos
1566 2946 1576 2958 .
1592 2948 1603 2960 .
1620 2949 1631 2960 .
1659 2923 1724 2960 od
1743 2935 1834 2964 nos
1855 2924 1925 2967 ed.

1032 2968 1149 3024 Spir.
1167 2991 1220 3002 --
1242 2970 1306 3008 ad
1328 2984 1431 3011 vos.
1450 3001 1460 3012 .
1478 3002 1487 3013 .
1502 2976 1569 3014 ad
1586 2989 1677 3017 nos
1690 2976 1790 3022 MS.
1804 2979 1928 3023 Harl.

1032 3024 1121 3066 Sed
1146 3025 1316 3081 vulgata
1343 3027 1452 3070 bene
1473 3044 1516 3070 sc
1539 3030 1717 3076 habent.

1090 3085 1211 3137 quod
1229 3086 1543 3127 innocentibus
1561 3098 1647 3132 etc.
1696 3091 1798 3135 MS.
1812 3093 1922 3150 fleg.

1032 3140 1101 3180 ed.
1121 3140 1228 3194 &pin
1243 3143 1367 3194 quod
1380 3157 1469 3194 pro
1491 3144 1814 3191 innocentibus.
1842 3156 1925 3193 sed

1025 3198 1224 3248 proinde
1250 3213 1281 3237 α
1315 3199 1443 3241 nobis
1476 3204 1701 3246 donativo
1730 3209 1835 3260 plus
1867 3212 1923 3249 ob

1019 3255 1170 3310 fidem
1187 3286 1196 3301 ‚
1237 3268 1376 3308 quam
1402 3265 1484 3300 etc.
1544 3259 1620 3302 Sic
1644 3261 1744 3307 MS.
1770 3263 1921 3308 Guelf.

1032 3310 1132 3353 edd.
1158 3310 1258 3352 Put.
1283 3312 1348 3354 M.
1374 3323 1415 3356 et
1434 3313 1483 3360 V.
1502 3315 1601 3358 Ber.
1628 3319 1919 3372 (camsilem.

1031 3366 1288 3420 Vict.)Alc.
1323 3394 1375 3400 —
1430 3371 1668 3417 Rhenanus
1690 3376 1802 3420 duee
1819 3378 1922 3421 MS.

1031 3424 1145 3466 und.
1196 3427 1399 3482 expunxit
1443 3433 1552 3483 plus
1600 3441 1648 3474 ut
1700 3451 1721 3474 e
1772 3435 1921 3490 priore

1028 3497 1159 3545 versu
1180 3481 1269 3524 huc
1293 3483 1537 3542 delapsum.
1601 3490 1673 3531 Sic
1696 3498 1739 3532 et
1763 3491 1921 3534 Aldus.

1033 3537 1202 3594 Lipsius
1254 3540 1482 3598 adoptavit
1534 3545 1802 3600 scripturam
1852 3550 1922 3591 ed.

1285 3601 1340 3657 D
