<?xml version="1.0" encoding="UTF-8"?>
<!DOCTYPE html PUBLIC "-//W3C//DTD XHTML 1.0 Transitional//EN"
    "http://www.w3.org/TR/xhtml1/DTD/xhtml1-transitional.dtd">
<html xmlns="http://www.w3.org/1999/xhtml" xml:lang="en" lang="en">
 <head>
  <title>
</title>
<meta http-equiv="Content-Type" content="text/html;charset=utf-8" />
  <meta name='ocr-system' content='tesseract 3.04.00' />
  <meta name='ocr-capabilities' content='ocr_page ocr_carea ocr_par ocr_line ocrx_word'/>
</head>
<body>
  <div class='ocr_page' id='page_1' title='image "./operarecensuitet03taciuoft_0452.png"; bbox 0 0 2138 4030; ppageno 0'>
   <div class='ocr_carea' id='block_1_1' title="bbox 72 667 297 724">
    <p class='ocr_par' dir='ltr' id='par_1_1' title="bbox 72 667 297 724">
     <span class='ocr_line' id='line_1_1' title="bbox 72 667 297 724; baseline -0.004 0"><span class='ocrx_word' id='word_1_1' title='bbox 72 667 77 670; x_wconf 73' lang='grc'><strong>’</strong></span> <span class='ocrx_word' id='word_1_2' title='bbox 117 688 120 689; x_wconf 61' lang='grc'>’</span> <span class='ocrx_word' id='word_1_3' title='bbox 207 669 297 724; x_wconf 85' lang='lat' dir='ltr'><strong>sit.</strong></span> 
     </span>
    </p>
   </div>
   <div class='ocr_carea' id='block_1_2' title="bbox 1740 200 2056 282">
    <p class='ocr_par' dir='ltr' id='par_1_2' title="bbox 1740 200 2056 282">
     <span class='ocr_line' id='line_1_2' title="bbox 1740 200 2056 246; baseline 0 -10"><span class='ocrx_word' id='word_1_4' title='bbox 1740 200 1971 246; x_wconf 46' lang='lat' dir='ltr'><strong>mum.</strong></span> <span class='ocrx_word' id='word_1_5' title='bbox 2050 229 2056 236; x_wconf 76' lang='grc'><em>,</em></span> 
     </span>
     <span class='ocr_line' id='line_1_3' title="bbox 1740 243 1968 282; baseline -0.004 0"><span class='ocrx_word' id='word_1_6' title='bbox 1740 243 1864 282; x_wconf 49' lang='grc' dir='ltr'><strong>με.</strong></span> <span class='ocrx_word' id='word_1_7' title='bbox 1911 247 1968 281; x_wconf 74' lang='grc' dir='ltr'><strong>τι.</strong></span> 
     </span>
    </p>
   </div>
   <div class='ocr_carea' id='block_1_3' title="bbox 209 195 1483 262">
    <p class='ocr_par' dir='ltr' id='par_1_3' title="bbox 209 195 1483 262">
     <span class='ocr_line' id='line_1_4' title="bbox 209 195 1483 262; baseline -0.001 -2"><span class='ocrx_word' id='word_1_8' title='bbox 209 198 336 260; x_wconf 71' lang='grc'><strong>442</strong></span> <span class='ocrx_word' id='word_1_9' title='bbox 779 195 1483 262; x_wconf 75' lang='lat' dir='ltr'><strong>HISTORIA&#39;RUM</strong></span> 
     </span>
    </p>
   </div>
   <div class='ocr_carea' id='block_1_4' title="bbox 120 325 2106 2099">
    <p class='ocr_par' dir='ltr' id='par_1_4' title="bbox 120 325 2106 2099">
     <span class='ocr_line' id='line_1_5' title="bbox 209 325 2055 410; baseline 0.004 -24"><span class='ocrx_word' id='word_1_10' title='bbox 209 328 375 388; x_wconf 81' lang='lat' dir='ltr'><strong>cibus</strong></span> <span class='ocrx_word' id='word_1_11' title='bbox 414 325 850 407; x_wconf 77' lang='lat' dir='ltr'><strong>Germanorum</strong></span> <span class='ocrx_word' id='word_1_12' title='bbox 882 341 1049 405; x_wconf 86' lang='lat' dir='ltr'><strong>pacta</strong></span> <span class='ocrx_word' id='word_1_13' title='bbox 1086 330 1410 391; x_wconf 87' lang='lat' dir='ltr'><strong>firmavere.</strong></span> <span class='ocrx_word' id='word_1_14' title='bbox 1518 344 1764 410; x_wconf 87' lang='lat' dir='ltr'><strong>tumque</strong></span> <span class='ocrx_word' id='word_1_15' title='bbox 1797 335 2055 410; x_wconf 73' lang='lat' dir='ltr'><strong>primum</strong></span> 
     </span>
     <span class='ocr_line' id='line_1_6' title="bbox 207 412 2056 491; baseline 0.004 -20"><span class='ocrx_word' id='word_1_16' title='bbox 207 412 442 473; x_wconf 86' lang='lat' dir='ltr'><strong>discreti</strong></span> <span class='ocrx_word' id='word_1_17' title='bbox 467 433 499 470; x_wconf 87' lang='lat' dir='ltr'><strong>a</strong></span> <span class='ocrx_word' id='word_1_18' title='bbox 525 414 856 488; x_wconf 86' lang='lat' dir='ltr'><strong>legionibus</strong></span> <span class='ocrx_word' id='word_1_19' title='bbox 878 414 1120 489; x_wconf 87' lang='lat' dir='ltr'><strong>proprio</strong></span> <span class='ocrx_word' id='word_1_20' title='bbox 1145 416 1303 471; x_wconf 78' lang='lat' dir='ltr'><strong>vallo</strong></span> <span class='ocrx_word' id='word_1_21' title='bbox 1329 427 1513 473; x_wconf 89' lang='lat' dir='ltr'><strong>castra</strong></span> <span class='ocrx_word' id='word_1_22' title='bbox 1543 436 1647 475; x_wconf 85' lang='lat' dir='ltr'><strong>sua</strong></span> <span class='ocrx_word' id='word_1_23' title='bbox 1674 419 2056 491; x_wconf 70' lang='lat' dir='ltr'><strong>circumdant,</strong></span> 
     </span>
     <span class='ocr_line' id='line_1_7' title="bbox 209 497 2052 567; baseline 0.004 -12"><span class='ocrx_word' id='word_1_24' title='bbox 209 500 534 558; x_wconf 81' lang='lat' dir='ltr'><strong>obtestante</strong></span> <span class='ocrx_word' id='word_1_25' title='bbox 544 497 771 556; x_wconf 86' lang='lat' dir='ltr'><strong>Vocula</strong></span> <span class='ocrx_word' id='word_1_26' title='bbox 793 520 916 555; x_wconf 90' lang='lat' dir='ltr'><strong>non</strong></span> <span class='ocrx_word' id='word_1_27' title='bbox 941 500 1085 555; x_wconf 90' lang='lat' dir='ltr'><strong>adeo</strong></span> <span class='ocrx_word' id='word_1_28' title='bbox 1112 501 1407 565; x_wconf 86' lang='lat' dir='ltr'><strong>turbatam</strong></span> <span class='ocrx_word' id='word_1_29' title='bbox 1430 501 1703 559; x_wconf 88' lang='lat' dir='ltr'><strong>civilibus</strong></span> <span class='ocrx_word' id='word_1_30' title='bbox 1727 504 1904 561; x_wconf 85' lang='lat' dir='ltr'><strong>armi-s</strong></span> <span class='ocrx_word' id='word_1_31' title='bbox 1928 525 2052 567; x_wconf 83' lang='lat' dir='ltr'><strong>rem</strong></span> 
     </span>
     <span class='ocr_line' id='line_1_8' title="bbox 205 581 2053 664; baseline 0.003 -22"><span class='ocrx_word' id='word_1_32' title='bbox 205 581 568 653; x_wconf 81' lang='lat' dir='ltr'>Romanam,</span> <span class='ocrx_word' id='word_1_33' title='bbox 608 596 676 645; x_wconf 91' lang='lat' dir='ltr'><strong>ut</strong></span> <span class='ocrx_word' id='word_1_34' title='bbox 719 584 994 640; x_wconf 86' lang='lat' dir='ltr'><strong>Treveris</strong></span> <span class='ocrx_word' id='word_1_35' title='bbox 1032 584 1208 646; x_wconf 83' lang='lat' dir='ltr'><strong>etiam</strong></span> <span class='ocrx_word' id='word_1_36' title='bbox 1232 583 1725 663; x_wconf 41' lang='lat' dir='ltr'><strong>Lingonibusque*</strong></span> <span class='ocrx_word' id='word_1_37' title='bbox 1754 586 2053 664; x_wconf 77' lang='lat' dir='ltr'><strong>despectui</strong></span> 
     </span>
     <span class='ocr_line' id='line_1_9' title="bbox 384 668 2053 743; baseline 0.002 -19"><span class='ocrx_word' id='word_1_38' title='bbox 384 687 679 743; x_wconf 77' lang='lat' dir='ltr'><strong>superesse</strong></span> <span class='ocrx_word' id='word_1_39' title='bbox 707 668 851 724; x_wconf 89' lang='lat' dir='ltr'><strong>fidas</strong></span> <span class='ocrx_word' id='word_1_40' title='bbox 887 669 1251 742; x_wconf 79' lang='lat' dir='ltr'><strong>provinciaS‚</strong></span> <span class='ocrx_word' id='word_1_41' title='bbox 1294 670 1543 727; x_wconf 87' lang='lat' dir='ltr'><strong>victores</strong></span> <span class='ocrx_word' id='word_1_42' title='bbox 1578 673 1889 743; x_wconf 80' lang='lat' dir='ltr'><strong>exercituS,</strong></span> <span class='ocrx_word' id='word_1_43' title='bbox 1925 675 2053 732; x_wconf 47' lang='lat' dir='ltr'><strong>fota</strong></span> 
     </span>
     <span class='ocr_line' id='line_1_10' title="bbox 205 753 2054 829; baseline 0.004 -20"><span class='ocrx_word' id='word_1_44' title='bbox 205 764 411 810; x_wconf 85' lang='lat' dir='ltr'><strong>tunam</strong></span> <span class='ocrx_word' id='word_1_45' title='bbox 434 754 668 829; x_wconf 90' lang='lat' dir='ltr'><strong>imperii</strong></span> <span class='ocrx_word' id='word_1_46' title='bbox 698 765 754 810; x_wconf 92' lang='lat' dir='ltr'><strong>et</strong></span> <span class='ocrx_word' id='word_1_47' title='bbox 776 753 1006 816; x_wconf 82' lang='lat' dir='ltr'><strong>ultores·</strong></span> <span class='ocrx_word' id='word_1_48' title='bbox 1036 755 1193 813; x_wconf 87' lang='lat' dir='ltr'><strong>deos.</strong></span> <span class='ocrx_word' id='word_1_49' title='bbox 1279 753 1377 811; x_wconf 90' lang='lat' dir='ltr'><strong>Sic</strong></span> <span class='ocrx_word' id='word_1_50' title='bbox 1413 756 1558 811; x_wconf 89' lang='lat' dir='ltr'><strong>olim</strong></span> <span class='ocrx_word' id='word_1_51' title='bbox 1582 755 1966 822; x_wconf 57' lang='lat' dir='ltr'><strong>Sacrovirum&gt;</strong></span> <span class='ocrx_word' id='word_1_52' title='bbox 1997 771 2054 816; x_wconf 80' lang='lat' dir='ltr'><strong>et</strong></span> 
     </span>
     <span class='ocr_line' id='line_1_11' title="bbox 203 833 2052 919; baseline 0.003 -23"><span class='ocrx_word' id='word_1_53' title='bbox 203 833 474 908; x_wconf 63' lang='lat' dir='ltr'><strong>Aednm,</strong></span> <span class='ocrx_word' id='word_1_54' title='bbox 539 858 730 912; x_wconf 83' lang='lat' dir='ltr'>nuper</span> <span class='ocrx_word' id='word_1_55' title='bbox 769 835 1081 895; x_wconf 83' lang='lat' dir='ltr'>Vindicem</span> <span class='ocrx_word' id='word_1_56' title='bbox 1133 837 1472 916; x_wconf 84' lang='lat' dir='ltr'><strong>Galliasque</strong></span> <span class='ocrx_word' id='word_1_57' title='bbox 1523 841 1770 915; x_wconf 84' lang='lat' dir='ltr'><strong>singulis</strong></span> <span class='ocrx_word' id='word_1_58' title='bbox 1813 844 2052 919; x_wconf 84' lang='lat' dir='ltr'><strong>proeliis</strong></span> 
     </span>
     <span class='ocr_line' id='line_1_12' title="bbox 205 923 2052 1004; baseline 0.003 -24"><span class='ocrx_word' id='word_1_59' title='bbox 205 923 546 980; x_wconf 86' lang='lat' dir='ltr'><strong>concidisse.</strong></span> <span class='ocrx_word' id='word_1_60' title='bbox 597 925 601 930; x_wconf 87' lang='grc'><strong>’</strong></span> <span class='ocrx_word' id='word_1_61' title='bbox 631 923 831 979; x_wconf 90' lang='lat' dir='ltr'><strong>eadem</strong></span> <span class='ocrx_word' id='word_1_62' title='bbox 865 943 1069 990; x_wconf 86' lang='lat' dir='ltr'><strong>rursus</strong></span> <span class='ocrx_word' id='word_1_63' title='bbox 1103 924 1384 993; x_wconf 88' lang='lat' dir='ltr'><strong>numina,</strong></span> <span class='ocrx_word' id='word_1_64' title='bbox 1441 926 1644 982; x_wconf 91' lang='lat' dir='ltr'><strong>eadem</strong></span> <span class='ocrx_word' id='word_1_65' title='bbox 1682 928 1802 984; x_wconf 88' lang='lat' dir='ltr'><strong>fata</strong></span> <span class='ocrx_word' id='word_1_66' title='bbox 1841 941 2052 1004; x_wconf 87' lang='lat' dir='ltr'><strong>rupto-</strong></span> 
     </span>
     <span class='ocr_line' id='line_1_13' title="bbox 203 1008 2050 1091; baseline 0.003 -26"><span class='ocrx_word' id='word_1_67' title='bbox 203 1028 297 1065; x_wconf 89' lang='lat' dir='ltr'><strong>res</strong></span> <span class='ocrx_word' id='word_1_68' title='bbox 334 1009 641 1066; x_wconf 86' lang='lat' dir='ltr'><strong>foederum</strong></span> <span class='ocrx_word' id='word_1_69' title='bbox 675 1020 1088 1082; x_wconf 81' lang='lat' dir='ltr'><strong>exspectarent.</strong></span> <span class='ocrx_word' id='word_1_70' title='bbox 1175 1008 1397 1065; x_wconf 89' lang='lat' dir='ltr'><strong>Melius</strong></span> <span class='ocrx_word' id='word_1_71' title='bbox 1431 1010 1570 1067; x_wconf 88' lang='lat' dir='ltr'><strong>divo</strong></span> <span class='ocrx_word' id='word_1_72' title='bbox 1600 1009 1755 1068; x_wconf 92' lang='lat' dir='ltr'><strong>Iulio</strong></span> <span class='ocrx_word' id='word_1_73' title='bbox 1793 1013 2050 1091; x_wconf 86' lang='lat' dir='ltr'><strong>divoque</strong></span> 
     </span>
     <span class='ocr_line' id='line_1_14' title="bbox 201 1091 2050 1167; baseline 0.002 -17"><span class='ocrx_word' id='word_1_74' title='bbox 201 1094 469 1167; x_wconf 80' lang='lat' dir='ltr'><strong>Augusto</strong></span> <span class='ocrx_word' id='word_1_75' title='bbox 499 1103 671 1148; x_wconf 89' lang='lat' dir='ltr'><strong>notos</strong></span> <span class='ocrx_word' id='word_1_76' title='bbox 699 1112 904 1149; x_wconf 87' lang='lat' dir='ltr'><strong>eorum</strong></span> <span class='ocrx_word' id='word_1_77' title='bbox 944 1094 1190 1154; x_wconf 83' lang='lat' dir='ltr'><strong>animos,</strong></span> <span class='ocrx_word' id='word_1_78' title='bbox 1279 1091 1535 1151; x_wconf 83' lang='lat' dir='ltr'>Galbam</span> <span class='ocrx_word' id='word_1_79' title='bbox 1571 1107 1628 1152; x_wconf 89' lang='lat' dir='ltr'><strong>et</strong></span> <span class='ocrx_word' id='word_1_80' title='bbox 1662 1097 1908 1161; x_wconf 80' lang='lat' dir='ltr'><strong>infracta</strong></span> <span class='ocrx_word' id='word_1_81' title='bbox 1941 1099 2050 1156; x_wconf 88' lang='lat' dir='ltr'><strong>tri-</strong></span> 
     </span>
     <span class='ocr_line' id='line_1_15' title="bbox 199 1173 2049 1258; baseline 0.002 -21"><span class='ocrx_word' id='word_1_82' title='bbox 199 1179 340 1237; x_wconf 83' lang='lat' dir='ltr'><strong>buta</strong></span> <span class='ocrx_word' id='word_1_83' title='bbox 371 1173 615 1234; x_wconf 82' lang='lat' dir='ltr'><strong>hostiles</strong></span> <span class='ocrx_word' id='word_1_84' title='bbox 638 1177 877 1252; x_wconf 88' lang='lat' dir='ltr'><strong>spiritus</strong></span> <span class='ocrx_word' id='word_1_85' title='bbox 898 1178 1180 1238; x_wconf 87' lang='lat' dir='ltr'><strong>induisse.</strong></span> <span class='ocrx_word' id='word_1_86' title='bbox 1266 1199 1426 1236; x_wconf 90' lang='lat' dir='ltr'><strong>nunc</strong></span> <span class='ocrx_word' id='word_1_87' title='bbox 1449 1175 1672 1250; x_wconf 79' lang='lat' dir='ltr'><strong>hosteS‚</strong></span> <span class='ocrx_word' id='word_1_88' title='bbox 1709 1182 1845 1258; x_wconf 88' lang='lat' dir='ltr'><strong>quia</strong></span> <span class='ocrx_word' id='word_1_89' title='bbox 1870 1183 2049 1250; x_wconf 86' lang='lat' dir='ltr'><strong>molle</strong></span> 
     </span>
     <span class='ocr_line' id='line_1_16' title="bbox 120 1257 2046 1340; baseline 0.004 -21"><span class='ocrx_word' id='word_1_90' title='bbox 120 1257 127 1265; x_wconf 69' lang='grc'><strong>’</strong></span> <span class='ocrx_word' id='word_1_91' title='bbox 200 1262 534 1332; x_wconf 85' lang='lat' dir='ltr'><strong>servitium,</strong></span> <span class='ocrx_word' id='word_1_92' title='bbox 580 1283 715 1319; x_wconf 91' lang='lat' dir='ltr'><strong>cum</strong></span> <span class='ocrx_word' id='word_1_93' title='bbox 756 1263 990 1338; x_wconf 88' lang='lat' dir='ltr'><strong>spoliati</strong></span> <span class='ocrx_word' id='word_1_94' title='bbox 1030 1264 1303 1340; x_wconf 83' lang='lat' dir='ltr'><strong>exutique</strong></span> <span class='ocrx_word' id='word_1_95' title='bbox 1340 1265 1588 1335; x_wconf 86' lang='lat' dir='ltr'><strong>fuerint,</strong></span> <span class='ocrx_word' id='word_1_96' title='bbox 1645 1267 1861 1323; x_wconf 91' lang='lat' dir='ltr'><strong>amicos</strong></span> <span class='ocrx_word' id='word_1_97' title='bbox 1902 1269 2046 1328; x_wconf 85' lang='lat' dir='ltr'><strong>fore.</strong></span> 
     </span>
     <span class='ocr_line' id='line_1_17' title="bbox 198 1347 2106 1426; baseline 0.003 -22"><span class='ocrx_word' id='word_1_98' title='bbox 198 1347 361 1404; x_wconf 88' lang='lat' dir='ltr'><strong>Haec</strong></span> <span class='ocrx_word' id='word_1_99' title='bbox 411 1347 682 1404; x_wconf 85' lang='lat' dir='ltr'><strong>ferociter</strong></span> <span class='ocrx_word' id='word_1_100' title='bbox 726 1348 984 1418; x_wconf 83' lang='lat' dir='ltr'><strong>locutus,</strong></span> <span class='ocrx_word' id='word_1_101' title='bbox 1043 1359 1356 1425; x_wconf 81' lang='lat' dir='ltr'><strong>postquam</strong></span> <span class='ocrx_word' id='word_1_102' title='bbox 1393 1361 1648 1424; x_wconf 89' lang='lat' dir='ltr'><strong>perstare</strong></span> <span class='ocrx_word' id='word_1_103' title='bbox 1695 1351 1764 1407; x_wconf 88' lang='lat' dir='ltr'><strong>in</strong></span> <span class='ocrx_word' id='word_1_104' title='bbox 1802 1353 2047 1426; x_wconf 89' lang='lat' dir='ltr'><strong>perfidia</strong></span> <span class='ocrx_word' id='word_1_105' title='bbox 2097 1391 2106 1398; x_wconf 57' lang='grc'><strong>«</strong></span> 
     </span>
     <span class='ocr_line' id='line_1_18' title="bbox 197 1423 2044 1509; baseline 0.003 -20"><span class='ocrx_word' id='word_1_106' title='bbox 197 1432 521 1492; x_wconf 89' lang='lat' dir='ltr'><strong>Classicum</strong></span> <span class='ocrx_word' id='word_1_107' title='bbox 569 1431 971 1509; x_wconf 83' lang='lat' dir='ltr'><strong>Tutoremque</strong></span> <span class='ocrx_word' id='word_1_108' title='bbox 1011 1434 1203 1503; x_wconf 86' lang='lat' dir='ltr'><strong>videt,</strong></span> <span class='ocrx_word' id='word_1_109' title='bbox 1259 1454 1428 1491; x_wconf 80' lang='lat' dir='ltr'><strong>verso</strong></span> <span class='ocrx_word' id='word_1_110' title='bbox 1469 1435 1679 1500; x_wconf 87' lang='lat' dir='ltr'><strong>itinere</strong></span> <span class='ocrx_word' id='word_1_111' title='bbox 1721 1423 2044 1496; x_wconf 72' lang='lat' dir='ltr'><strong>Novesium</strong></span> 
     </span>
     <span class='ocr_line' id='line_1_19' title="bbox 184 1510 2046 1594; baseline 0.003 -20"><span class='ocrx_word' id='word_1_112' title='bbox 184 1517 483 1588; x_wconf 77' lang='lat' dir='ltr'><strong>concedit.</strong></span> <span class='ocrx_word' id='word_1_113' title='bbox 572 1515 737 1573; x_wconf 88' lang='lat' dir='ltr'><strong>Galli</strong></span> <span class='ocrx_word' id='word_1_114' title='bbox 759 1518 944 1575; x_wconf 88' lang='lat' dir='ltr'><strong>duum</strong></span> <span class='ocrx_word' id='word_1_115' title='bbox 978 1510 1247 1575; x_wconf 71' lang='lat' dir='ltr'><strong>millium&#39;</strong></span> <span class='ocrx_word' id='word_1_116' title='bbox 1272 1521 1458 1594; x_wconf 89' lang='lat' dir='ltr'><strong>spatio</strong></span> <span class='ocrx_word' id='word_1_117' title='bbox 1498 1521 1851 1578; x_wconf 88' lang='lat' dir='ltr'><strong>distantibus</strong></span> <span class='ocrx_word' id='word_1_118' title='bbox 1889 1543 2046 1579; x_wconf 85' lang='lat' dir='ltr'><strong>cam—</strong></span> 
     </span>
     <span class='ocr_line' id='line_1_20' title="bbox 194 1603 2046 1679; baseline 0.003 -20"><span class='ocrx_word' id='word_1_119' title='bbox 194 1603 286 1679; x_wconf 90' lang='lat' dir='ltr'><strong>pis</strong></span> <span class='ocrx_word' id='word_1_120' title='bbox 324 1603 658 1662; x_wconf 82' lang='lat' dir='ltr'><strong>consedere.</strong></span> <span class='ocrx_word' id='word_1_121' title='bbox 761 1603 904 1661; x_wconf 88' lang='lat' dir='ltr'><strong>illuc</strong></span> <span class='ocrx_word' id='word_1_122' title='bbox 945 1604 1400 1671; x_wconf 80' lang='lat' dir='ltr'><strong>commeantium</strong></span> <span class='ocrx_word' id='word_1_123' title='bbox 1436 1605 1848 1671; x_wconf 82' lang='lat' dir='ltr'><strong>centurionum</strong></span> <span class='ocrx_word' id='word_1_124' title='bbox 1885 1608 2046 1664; x_wconf 91' lang='lat' dir='ltr'><strong>mili-</strong></span> 
     </span>
     <span class='ocr_line' id='line_1_21' title="bbox 193 1686 2041 1772; baseline 0.001 -26"><span class='ocrx_word' id='word_1_125' title='bbox 193 1701 438 1765; x_wconf 84' lang='lat' dir='ltr'><strong>tumque</strong></span> <span class='ocrx_word' id='word_1_126' title='bbox 494 1689 841 1744; x_wconf 80' lang='lat' dir='ltr'><strong>emebantur</strong></span> <span class='ocrx_word' id='word_1_127' title='bbox 894 1689 1105 1758; x_wconf 86' lang='lat' dir='ltr'><strong>animi,</strong></span> <span class='ocrx_word' id='word_1_128' title='bbox 1170 1699 1237 1745; x_wconf 87' lang='lat' dir='ltr'><strong>ut</strong></span> <span class='ocrx_word' id='word_1_129' title='bbox 1290 1686 1604 1766; x_wconf 85' lang='lat' dir='ltr'><strong>(flagitium</strong></span> <span class='ocrx_word' id='word_1_130' title='bbox 1648 1690 2041 1772; x_wconf 81' lang='lat' dir='ltr'><strong>incognitum)</strong></span> 
     </span>
     <span class='ocr_line' id='line_1_22' title="bbox 190 1772 2044 1854; baseline 0.001 -21"><span class='ocrx_word' id='word_1_131' title='bbox 190 1772 501 1833; x_wconf 84' lang='lat' dir='ltr'><strong>Romanus</strong></span> <span class='ocrx_word' id='word_1_132' title='bbox 530 1773 814 1831; x_wconf 84' lang='lat' dir='ltr'><strong>exercitus</strong></span> <span class='ocrx_word' id='word_1_133' title='bbox 843 1774 907 1830; x_wconf 93' lang='lat' dir='ltr'><strong>in</strong></span> <span class='ocrx_word' id='word_1_134' title='bbox 938 1786 1174 1831; x_wconf 84' lang='lat' dir='ltr'><strong>externa</strong></span> <span class='ocrx_word' id='word_1_135' title='bbox 1203 1775 1381 1831; x_wconf 86' lang='lat' dir='ltr'><strong>verba</strong></span> <span class='ocrx_word' id='word_1_136' title='bbox 1418 1775 1682 1832; x_wconf 86' lang='lat' dir='ltr'><strong>iurarent</strong></span> <span class='ocrx_word' id='word_1_137' title='bbox 1717 1775 2044 1854; x_wconf 86' lang='lat' dir='ltr'><strong>pignusque</strong></span> 
     </span>
     <span class='ocr_line' id='line_1_23' title="bbox 190 1858 2045 1933; baseline 0.001 -15"><span class='ocrx_word' id='word_1_138' title='bbox 190 1859 342 1918; x_wconf 85' lang='lat' dir='ltr'><strong>tanti</strong></span> <span class='ocrx_word' id='word_1_139' title='bbox 378 1858 612 1915; x_wconf 89' lang='lat' dir='ltr'><strong>sceleris</strong></span> <span class='ocrx_word' id='word_1_140' title='bbox 641 1879 784 1915; x_wconf 89' lang='lat' dir='ltr'><strong>nece</strong></span> <span class='ocrx_word' id='word_1_141' title='bbox 821 1870 922 1915; x_wconf 92' lang='lat' dir='ltr'><strong>aut</strong></span> <span class='ocrx_word' id='word_1_142' title='bbox 945 1859 1199 1916; x_wconf 86' lang='lat' dir='ltr'><strong>vinculis</strong></span> <span class='ocrx_word' id='word_1_143' title='bbox 1226 1860 1551 1933; x_wconf 86' lang='lat' dir='ltr'><strong>legatorum</strong></span> <span class='ocrx_word' id='word_1_144' title='bbox 1575 1861 1832 1921; x_wconf 87' lang='lat' dir='ltr'><strong>daretur.</strong></span> <span class='ocrx_word' id='word_1_145' title='bbox 1918 1861 2045 1919; x_wconf 89' lang='lat' dir='ltr'><strong>Vo-</strong></span> 
     </span>
     <span class='ocr_line' id='line_1_24' title="bbox 193 1943 2041 2020; baseline 0.002 -19"><span class='ocrx_word' id='word_1_146' title='bbox 193 1945 352 2014; x_wconf 86' lang='lat' dir='ltr'><strong>cula,</strong></span> <span class='ocrx_word' id='word_1_147' title='bbox 394 1943 732 2020; x_wconf 85' lang='lat' dir='ltr'><strong>quanquam</strong></span> <span class='ocrx_word' id='word_1_148' title='bbox 773 1944 1040 2020; x_wconf 89' lang='lat' dir='ltr'><strong>plerique</strong></span> <span class='ocrx_word' id='word_1_149' title='bbox 1077 1945 1277 2018; x_wconf 86' lang='lat' dir='ltr'><strong>fugam</strong></span> <span class='ocrx_word' id='word_1_150' title='bbox 1314 1946 1665 2015; x_wconf 82' lang='lat' dir='ltr'><strong>suadebant,</strong></span> <span class='ocrx_word' id='word_1_151' title='bbox 1705 1947 2041 2010; x_wconf 86' lang='lat' dir='ltr'><strong>audendum</strong></span> 
     </span>
     <span class='ocr_line' id='line_1_25' title="bbox 194 2026 1753 2099; baseline 0.001 -13"><span class='ocrx_word' id='word_1_152' title='bbox 194 2041 356 2087; x_wconf 84' lang='lat' dir='ltr'><strong>ratus</strong></span> <span class='ocrx_word' id='word_1_153' title='bbox 384 2040 589 2099; x_wconf 85' lang='lat' dir='ltr'><strong>vocata</strong></span> <span class='ocrx_word' id='word_1_154' title='bbox 612 2030 895 2086; x_wconf 89' lang='lat' dir='ltr'><strong>concione</strong></span> <span class='ocrx_word' id='word_1_155' title='bbox 921 2029 985 2084; x_wconf 90' lang='lat' dir='ltr'><strong>in</strong></span> <span class='ocrx_word' id='word_1_156' title='bbox 1009 2026 1170 2086; x_wconf 87' lang='lat' dir='ltr'><strong>hunc</strong></span> <span class='ocrx_word' id='word_1_157' title='bbox 1190 2031 1435 2086; x_wconf 89' lang='lat' dir='ltr'><strong>modum</strong></span> <span class='ocrx_word' id='word_1_158' title='bbox 1465 2030 1753 2090; x_wconf 81' lang='lat' dir='ltr'><strong>disseruit.</strong></span> 
     </span>
    </p>
   </div>
   <div class='ocr_carea' id='block_1_5' title="bbox 187 2162 2039 2330">
    <p class='ocr_par' dir='ltr' id='par_1_5' title="bbox 187 2162 2039 2330">
     <span class='ocr_line' id='line_1_26' title="bbox 357 2162 2039 2244; baseline 0.001 -20"><span class='ocrx_word' id='word_1_159' title='bbox 357 2162 580 2225; x_wconf 85' lang='lat' dir='ltr'><strong>LVIII.</strong></span> <span class='ocrx_word' id='word_1_160' title='bbox 668 2162 1036 2242; x_wconf 83' lang='lat' dir='ltr'><strong>„Nunquam</strong></span> <span class='ocrx_word' id='word_1_161' title='bbox 1085 2168 1242 2241; x_wconf 90' lang='lat' dir='ltr'><strong>apud</strong></span> <span class='ocrx_word' id='word_1_162' title='bbox 1289 2186 1395 2222; x_wconf 79' lang='lat' dir='ltr'><strong>vos</strong></span> <span class='ocrx_word' id='word_1_163' title='bbox 1433 2168 1611 2222; x_wconf 87' lang='lat' dir='ltr'><strong>verba</strong></span> <span class='ocrx_word' id='word_1_164' title='bbox 1650 2167 1762 2224; x_wconf 89' lang='lat' dir='ltr'><strong>feci</strong></span> <span class='ocrx_word' id='word_1_165' title='bbox 1799 2179 1902 2235; x_wconf 87' lang='lat' dir='ltr'><strong>aut</strong></span> <span class='ocrx_word' id='word_1_166' title='bbox 1932 2189 2039 2244; x_wconf 89' lang='lat' dir='ltr'><strong>pro</strong></span> 
     </span>
     <span class='ocr_line' id='line_1_27' title="bbox 187 2248 2037 2330; baseline 0 -20"><span class='ocrx_word' id='word_1_167' title='bbox 187 2250 753 2324; x_wconf 63' lang='lat' dir='ltr'><strong>„vohis&#39;sollicitior</strong></span> <span class='ocrx_word' id='word_1_168' title='bbox 778 2262 880 2308; x_wconf 89' lang='lat' dir='ltr'><strong>aut</strong></span> <span class='ocrx_word' id='word_1_169' title='bbox 905 2271 1014 2326; x_wconf 88' lang='lat' dir='ltr'><strong>pro</strong></span> <span class='ocrx_word' id='word_1_170' title='bbox 1051 2271 1147 2307; x_wconf 91' lang='lat' dir='ltr'><strong>me</strong></span> <span class='ocrx_word' id='word_1_171' title='bbox 1184 2251 1461 2308; x_wconf 85' lang='lat' dir='ltr'><strong>securior.</strong></span> <span class='ocrx_word' id='word_1_172' title='bbox 1555 2248 1883 2330; x_wconf 8' lang='lat' dir='ltr'><strong>namdmihi</strong></span> <span class='ocrx_word' id='word_1_173' title='bbox 1918 2254 2037 2310; x_wconf 87' lang='lat' dir='ltr'><strong>exi-</strong></span> 
     </span>
    </p>
   </div>
   <div class='ocr_carea' id='block_1_6' title="bbox 1149 2491 2035 2599">
    <p class='ocr_par' dir='ltr' id='par_1_6' title="bbox 1149 2491 2035 2599">
     <span class='ocr_line' id='line_1_28' title="bbox 1212 2491 2035 2547; baseline 0.005 -12"><span class='ocrx_word' id='word_1_174' title='bbox 1212 2491 1416 2535; x_wconf 80' lang='lat' dir='ltr'><strong>Galbam</strong></span> <span class='ocrx_word' id='word_1_175' title='bbox 1438 2500 1485 2534; x_wconf 80' lang='lat' dir='ltr'><strong>et</strong></span> <span class='ocrx_word' id='word_1_176' title='bbox 1502 2491 1711 2547; x_wconf 79' lang='lat' dir='ltr'><strong>infracta</strong></span> <span class='ocrx_word' id='word_1_177' title='bbox 1729 2493 1916 2536; x_wconf 77' lang='lat' dir='ltr'><strong>tributa.</strong></span> <span class='ocrx_word' id='word_1_178' title='bbox 1974 2495 2035 2539; x_wconf 73' lang='lat' dir='ltr'><strong>ef.</strong></span> 
     </span>
     <span class='ocr_line' id='line_1_29' title="bbox 1149 2547 2034 2599; baseline 0.007 -9"><span class='ocrx_word' id='word_1_179' title='bbox 1149 2547 1266 2592; x_wconf 87' lang='lat' dir='ltr'><strong>Hist.</strong></span> <span class='ocrx_word' id='word_1_180' title='bbox 1292 2553 1331 2599; x_wconf 84' lang='lat'><strong>1,</strong></span> <span class='ocrx_word' id='word_1_181' title='bbox 1355 2550 1424 2591; x_wconf 87' lang='lat'><strong>51.</strong></span> <span class='ocrx_word' id='word_1_182' title='bbox 1482 2548 1598 2592; x_wconf 79' lang='lat' dir='ltr'><strong>Nam</strong></span> <span class='ocrx_word' id='word_1_183' title='bbox 1621 2550 1674 2591; x_wconf 90' lang='lat' dir='ltr'><strong>de</strong></span> <span class='ocrx_word' id='word_1_184' title='bbox 1695 2548 1835 2594; x_wconf 85' lang='lat' dir='ltr'><strong>Gallis</strong></span> <span class='ocrx_word' id='word_1_185' title='bbox 1857 2552 1902 2595; x_wconf 85' lang='lat' dir='ltr'><strong>in</strong></span> <span class='ocrx_word' id='word_1_186' title='bbox 1930 2551 2034 2596; x_wconf 75' lang='lat' dir='ltr'><strong>uni-</strong></span> 
     </span>
    </p>
   </div>
   <div class='ocr_carea' id='block_1_7' title="bbox 1151 2605 1770 2666">
    <p class='ocr_par' dir='ltr' id='par_1_7' title="bbox 1151 2605 1770 2666">
     <span class='ocr_line' id='line_1_30' title="bbox 1151 2605 1770 2666; baseline -0.002 -15"><span class='ocrx_word' id='word_1_187' title='bbox 1151 2622 1331 2651; x_wconf 78' lang='lat' dir='ltr'><strong>versum</strong></span> <span class='ocrx_word' id='word_1_188' title='bbox 1356 2605 1532 2649; x_wconf 82' lang='lat' dir='ltr'><strong>Vocula</strong></span> <span class='ocrx_word' id='word_1_189' title='bbox 1554 2606 1770 2666; x_wconf 82' lang='lat' dir='ltr'><strong>loquitur.</strong></span> 
     </span>
    </p>
   </div>
   <div class='ocr_carea' id='block_1_8' title="bbox 180 2478 1080 2656">
    <p class='ocr_par' dir='ltr' id='par_1_8' title="bbox 180 2478 1080 2656">
     <span class='ocr_line' id='line_1_31' title="bbox 182 2478 1080 2553; baseline -0.009 -12"><span class='ocrx_word' id='word_1_190' title='bbox 182 2493 463 2553; x_wconf 72' lang='lat' dir='ltr'><strong>praegredi,</strong></span> <span class='ocrx_word' id='word_1_191' title='bbox 500 2491 621 2550; x_wconf 89' lang='lat' dir='ltr'><strong>quod</strong></span> <span class='ocrx_word' id='word_1_192' title='bbox 649 2491 687 2535; x_wconf 86' lang='lat' dir='ltr'><strong>si</strong></span> <span class='ocrx_word' id='word_1_193' title='bbox 719 2478 874 2534; x_wconf 73' lang='lat' dir='ltr'><strong>veruln</strong></span> <span class='ocrx_word' id='word_1_194' title='bbox 909 2491 972 2534; x_wconf 79' lang='lat' dir='ltr'><strong>ihi</strong></span> <span class='ocrx_word' id='word_1_195' title='bbox 1002 2499 1080 2541; x_wconf 87' lang='lat' dir='ltr'><strong>est,</strong></span> 
     </span>
     <span class='ocr_line' id='line_1_32' title="bbox 180 2548 1080 2611; baseline -0.006 -14"><span class='ocrx_word' id='word_1_196' title='bbox 180 2551 450 2611; x_wconf 73' lang='lat' dir='ltr'><strong>praegressi</strong></span> <span class='ocrx_word' id='word_1_197' title='bbox 486 2549 593 2594; x_wconf 86' lang='lat' dir='ltr'><strong>huic</strong></span> <span class='ocrx_word' id='word_1_198' title='bbox 634 2565 816 2609; x_wconf 89' lang='lat' dir='ltr'><strong>quoque</strong></span> <span class='ocrx_word' id='word_1_199' title='bbox 855 2548 960 2592; x_wconf 87' lang='lat' dir='ltr'><strong>loco</strong></span> <span class='ocrx_word' id='word_1_200' title='bbox 995 2548 1080 2592; x_wconf 77' lang='lat' dir='ltr'><strong>erit</strong></span> 
     </span>
     <span class='ocr_line' id='line_1_33' title="bbox 188 2610 473 2656; baseline -0.018 0"><span class='ocrx_word' id='word_1_201' title='bbox 188 2610 473 2656; x_wconf 82' lang='lat' dir='ltr'><strong>servandum.</strong></span> 
     </span>
    </p>
   </div>
   <div class='ocr_carea' id='block_1_9' title="bbox 243 2689 1075 2748">
    <p class='ocr_par' dir='ltr' id='par_1_9' title="bbox 243 2689 1075 2748">
     <span class='ocr_line' id='line_1_34' title="bbox 243 2689 1075 2748; baseline -0.007 -10"><span class='ocrx_word' id='word_1_202' title='bbox 243 2696 518 2738; x_wconf 80' lang='lat' dir='ltr'><strong>obtestante.</strong></span> <span class='ocrx_word' id='word_1_203' title='bbox 578 2691 662 2737; x_wconf 87' lang='lat' dir='ltr'><strong>Ed.</strong></span> <span class='ocrx_word' id='word_1_204' title='bbox 693 2689 811 2748; x_wconf 85' lang='lat' dir='ltr'><strong>Spir.</strong></span> <span class='ocrx_word' id='word_1_205' title='bbox 847 2693 1075 2735; x_wconf 78' lang='lat' dir='ltr'><strong>obstante.</strong></span> 
     </span>
    </p>
   </div>
   <div class='ocr_carea' id='block_1_10' title="bbox 184 2789 1080 3010">
    <p class='ocr_par' dir='ltr' id='par_1_10' title="bbox 184 2789 1080 3010">
     <span class='ocr_line' id='line_1_35' title="bbox 244 2789 1076 2844; baseline -0.006 -5"><span class='ocrx_word' id='word_1_206' title='bbox 244 2797 442 2839; x_wconf 78' lang='lat' dir='ltr'><strong>Aeduos.</strong></span> <span class='ocrx_word' id='word_1_207' title='bbox 531 2791 608 2836; x_wconf 84' lang='lat' dir='ltr'><strong>Sic</strong></span> <span class='ocrx_word' id='word_1_208' title='bbox 650 2791 753 2834; x_wconf 83' lang='lat' dir='ltr'><strong>MS.</strong></span> <span class='ocrx_word' id='word_1_209' title='bbox 788 2789 938 2834; x_wconf 88' lang='lat' dir='ltr'><strong>Guelf.</strong></span> <span class='ocrx_word' id='word_1_210' title='bbox 974 2791 1076 2844; x_wconf 81' lang='lat' dir='ltr'><strong>edd.</strong></span> 
     </span>
     <span class='ocr_line' id='line_1_36' title="bbox 185 2849 1080 2910; baseline -0.003 -15"><span class='ocrx_word' id='word_1_211' title='bbox 185 2851 321 2910; x_wconf 83' lang='lat' dir='ltr'><strong>Lipsii</strong></span> <span class='ocrx_word' id='word_1_212' title='bbox 356 2865 452 2908; x_wconf 88' lang='lat' dir='ltr'><strong>sqq.</strong></span> <span class='ocrx_word' id='word_1_213' title='bbox 482 2877 542 2886; x_wconf 90' lang='lat'><strong>—-</strong></span> <span class='ocrx_word' id='word_1_214' title='bbox 601 2849 793 2891; x_wconf 78' lang='lat' dir='ltr'><strong>Heduos</strong></span> <span class='ocrx_word' id='word_1_215' title='bbox 828 2849 929 2892; x_wconf 83' lang='lat' dir='ltr'><strong>edd.</strong></span> <span class='ocrx_word' id='word_1_216' title='bbox 962 2849 1080 2906; x_wconf 78' lang='lat' dir='ltr'><strong>Spir-</strong></span> 
     </span>
     <span class='ocr_line' id='line_1_37' title="bbox 184 2906 1076 3010; baseline -0.004 -57"><span class='ocrx_word' id='word_1_217' title='bbox 184 2910 412 3010; x_wconf 27' lang='lat' dir='ltr'><strong>gpgtoslqu.</strong></span> <span class='ocrx_word' id='word_1_218' title='bbox 450 2909 505 2952; x_wconf 90' lang='lat' dir='ltr'><strong>ad</strong></span> <span class='ocrx_word' id='word_1_219' title='bbox 532 2907 732 2966; x_wconf 82' lang='lat' dir='ltr'><strong>Lipsium</strong></span> <span class='ocrx_word' id='word_1_220' title='bbox 765 2922 870 2950; x_wconf 88' lang='lat' dir='ltr'><strong>cum</strong></span> <span class='ocrx_word' id='word_1_221' title='bbox 898 2906 1076 2950; x_wconf 79' lang='lat' dir='ltr'><strong>silentio</strong></span> 
     </span>
    </p>
   </div>
   <div class='ocr_carea' id='block_1_11' title="bbox 1134 2719 2033 3006">
    <p class='ocr_par' dir='ltr' id='par_1_11' title="bbox 1134 2719 2033 3006">
     <span class='ocr_line' id='line_1_38' title="bbox 1201 2719 2033 2783; baseline 0.007 -20"><span class='ocrx_word' id='word_1_222' title='bbox 1201 2721 1391 2779; x_wconf 52' lang='lat' dir='ltr'><strong>spoliati¹</strong></span> <span class='ocrx_word' id='word_1_223' title='bbox 1435 2721 1667 2776; x_wconf 80' lang='lat' dir='ltr'><strong>exutique.</strong></span> <span class='ocrx_word' id='word_1_224' title='bbox 1751 2719 2033 2783; x_wconf 86' lang='lat' dir='ltr'><strong>Synonyma.</strong></span> 
     </span>
     <span class='ocr_line' id='line_1_39' title="bbox 1150 2775 2033 2850; baseline 0.01 -32"><span class='ocrx_word' id='word_1_225' title='bbox 1150 2775 1208 2820; x_wconf 89' lang='lat' dir='ltr'><strong>cf.</strong></span> <span class='ocrx_word' id='word_1_226' title='bbox 1232 2777 1364 2819; x_wconf 78' lang='lat' dir='ltr'><strong>Roth.</strong></span> <span class='ocrx_word' id='word_1_227' title='bbox 1402 2793 1445 2835; x_wconf 88' lang='lat' dir='ltr'><strong>p.</strong></span> <span class='ocrx_word' id='word_1_228' title='bbox 1471 2777 1538 2820; x_wconf 88' lang='lat'><strong>17.</strong></span> <span class='ocrx_word' id='word_1_229' title='bbox 1564 2802 1621 2811; x_wconf 89' lang='lat'>—</span> <span class='ocrx_word' id='word_1_230' title='bbox 1681 2779 1790 2823; x_wconf 85' lang='lat' dir='ltr'><strong>Mox</strong></span> <span class='ocrx_word' id='word_1_231' title='bbox 1819 2782 1890 2824; x_wconf 89' lang='lat' dir='ltr'><strong>ed.</strong></span> <span class='ocrx_word' id='word_1_232' title='bbox 1913 2783 2033 2850; x_wconf 76' lang='lat' dir='ltr'><strong>Spir-</strong></span> 
     </span>
     <span class='ocr_line' id='line_1_40' title="bbox 1134 2833 2032 2893; baseline 0.009 -17"><span class='ocrx_word' id='word_1_233' title='bbox 1134 2833 1337 2889; x_wconf 83' lang='lat' dir='ltr'><strong>fuerunt</strong></span> <span class='ocrx_word' id='word_1_234' title='bbox 1370 2851 1454 2893; x_wconf 83' lang='lat' dir='ltr'><strong>pro</strong></span> <span class='ocrx_word' id='word_1_235' title='bbox 1475 2838 1674 2892; x_wconf 77' lang='lat' dir='ltr'><strong>suerint.</strong></span> <span class='ocrx_word' id='word_1_236' title='bbox 1740 2836 1865 2881; x_wconf 77' lang='lat' dir='ltr'><strong>Talia</strong></span> <span class='ocrx_word' id='word_1_237' title='bbox 1901 2849 2032 2884; x_wconf 76' lang='lat' dir='ltr'><strong>enam</strong></span> 
     </span>
     <span class='ocr_line' id='line_1_41' title="bbox 1148 2891 2032 2954; baseline 0.01 -21"><span class='ocrx_word' id='word_1_238' title='bbox 1148 2891 1253 2934; x_wconf 75' lang='lat' dir='ltr'><strong>vitia</strong></span> <span class='ocrx_word' id='word_1_239' title='bbox 1286 2908 1310 2934; x_wconf 91' lang='lat' dir='ltr'><strong>e</strong></span> <span class='ocrx_word' id='word_1_240' title='bbox 1345 2892 1616 2950; x_wconf 82' lang='lat' dir='ltr'><strong>compendio</strong></span> <span class='ocrx_word' id='word_1_241' title='bbox 1656 2894 1904 2954; x_wconf 73' lang='lat' dir='ltr'><strong>scripturae</strong></span> <span class='ocrx_word' id='word_1_242' title='bbox 1938 2898 2032 2942; x_wconf 62' lang='lat' dir='ltr'><strong>ori&#39;-</strong></span> 
     </span>
     <span class='ocr_line' id='line_1_42' title="bbox 1147 2949 1874 3006; baseline 0.003 -14"><span class='ocrx_word' id='word_1_243' title='bbox 1147 2949 1296 3006; x_wconf 84' lang='lat' dir='ltr'><strong>ginem</strong></span> <span class='ocrx_word' id='word_1_244' title='bbox 1321 2957 1563 2994; x_wconf 81' lang='lat' dir='ltr'><strong>traxerunt.</strong></span> <span class='ocrx_word' id='word_1_245' title='bbox 1862 2977 1874 2982; x_wconf 27' lang='lat'><strong>5</strong></span> 
     </span>
    </p>
   </div>
   <div class='ocr_carea' id='block_1_12' title="bbox 241 3061 2030 3128">
    <p class='ocr_par' dir='ltr' id='par_1_12' title="bbox 241 3061 2030 3128">
     <span class='ocr_line' id='line_1_43' title="bbox 241 3061 2030 3128; baseline 0.003 -19"><span class='ocrx_word' id='word_1_246' title='bbox 241 3067 454 3109; x_wconf 83' lang='lat' dir='ltr'><strong>numina.</strong></span> <span class='ocrx_word' id='word_1_247' title='bbox 515 3065 578 3109; x_wconf 80' lang='lat' dir='ltr'><strong>lta</strong></span> <span class='ocrx_word' id='word_1_248' title='bbox 612 3063 849 3108; x_wconf 76' lang='lat' dir='ltr'><strong>ediderunt</strong></span> <span class='ocrx_word' id='word_1_249' title='bbox 872 3061 1073 3107; x_wconf 85' lang='lat' dir='ltr'><strong>Rhenan.</strong></span> <span class='ocrx_word' id='word_1_250' title='bbox 1200 3063 1449 3107; x_wconf 77' lang='lat' dir='ltr'><strong>Novesium</strong></span> <span class='ocrx_word' id='word_1_251' title='bbox 1493 3066 1711 3109; x_wconf 79' lang='lat' dir='ltr'><strong>concedit.</strong></span> <span class='ocrx_word' id='word_1_252' title='bbox 1791 3066 1877 3112; x_wconf 82' lang='lat' dir='ltr'><strong>Ed.</strong></span> <span class='ocrx_word' id='word_1_253' title='bbox 1911 3067 2030 3128; x_wconf 74' lang='lat' dir='ltr'><strong>Spir-</strong></span> 
     </span>
    </p>
   </div>
   <div class='ocr_carea' id='block_1_13' title="bbox 185 3122 1076 3523">
    <p class='ocr_par' dir='ltr' id='par_1_13' title="bbox 185 3122 1076 3523">
     <span class='ocr_line' id='line_1_44' title="bbox 187 3122 1076 3183; baseline -0.007 -15"><span class='ocrx_word' id='word_1_254' title='bbox 187 3129 261 3183; x_wconf 85' lang='lat' dir='ltr'><strong>(ex</strong></span> <span class='ocrx_word' id='word_1_255' title='bbox 284 3123 482 3179; x_wconf 61' lang='lat' dir='ltr'><strong>ingenio)</strong></span> <span class='ocrx_word' id='word_1_256' title='bbox 503 3122 727 3180; x_wconf 83' lang='lat' dir='ltr'><strong>Ald.-sqq.</strong></span> <span class='ocrx_word' id='word_1_257' title='bbox 759 3149 816 3158; x_wconf 90' lang='lat'><strong>--</strong></span> <span class='ocrx_word' id='word_1_258' title='bbox 874 3122 1076 3163; x_wconf 84' lang='lat' dir='ltr'><strong>nomina</strong></span> 
     </span>
     <span class='ocr_line' id='line_1_45' title="bbox 187 3171 1075 3239; baseline -0.006 -12"><span class='ocrx_word' id='word_1_259' title='bbox 187 3171 460 3227; x_wconf 81' lang='lat' dir='ltr'><strong>MSS.Flor.</strong></span> <span class='ocrx_word' id='word_1_260' title='bbox 483 3180 609 3234; x_wconf 82' lang='lat' dir='ltr'><strong>(teste</strong></span> <span class='ocrx_word' id='word_1_261' title='bbox 621 3177 816 3239; x_wconf 81' lang='lat' dir='ltr'><strong>Ryckio)</strong></span> <span class='ocrx_word' id='word_1_262' title='bbox 835 3178 944 3235; x_wconf 82' lang='lat' dir='ltr'><strong>Reg.</strong></span> <span class='ocrx_word' id='word_1_263' title='bbox 962 3179 1075 3236; x_wconf 83' lang='lat' dir='ltr'><strong>Agr.</strong></span> 
     </span>
     <span class='ocr_line' id='line_1_46' title="bbox 186 3236 1075 3296; baseline -0.008 -11"><span class='ocrx_word' id='word_1_264' title='bbox 186 3240 261 3284; x_wconf 86' lang='lat' dir='ltr'><strong>ed.</strong></span> <span class='ocrx_word' id='word_1_265' title='bbox 286 3236 432 3296; x_wconf 51' lang='lat' dir='ltr'><strong>Spin,</strong></span> <span class='ocrx_word' id='word_1_266' title='bbox 461 3237 580 3294; x_wconf 87' lang='lat' dir='ltr'><strong>quod</strong></span> <span class='ocrx_word' id='word_1_267' title='bbox 603 3236 717 3280; x_wconf 82' lang='lat' dir='ltr'><strong>haud</strong></span> <span class='ocrx_word' id='word_1_268' title='bbox 747 3236 880 3283; x_wconf 87' lang='lat' dir='ltr'><strong>dubie</strong></span> <span class='ocrx_word' id='word_1_269' title='bbox 904 3244 968 3279; x_wconf 81' lang='lat' dir='ltr'><strong>est</strong></span> <span class='ocrx_word' id='word_1_270' title='bbox 991 3250 1075 3293; x_wconf 85' lang='lat' dir='ltr'><strong>pro</strong></span> 
     </span>
     <span class='ocr_line' id='line_1_47' title="bbox 185 3291 1076 3345; baseline -0.007 -4"><span class='ocrx_word' id='word_1_271' title='bbox 185 3296 401 3345; x_wconf 75' lang='lat' dir='ltr'><strong>numina.</strong></span> <span class='ocrx_word' id='word_1_272' title='bbox 460 3291 520 3338; x_wconf 79' lang='lat' dir='ltr'><strong>cf.</strong></span> <span class='ocrx_word' id='word_1_273' title='bbox 544 3302 640 3336; x_wconf 84' lang='lat' dir='ltr'><strong>not.</strong></span> <span class='ocrx_word' id='word_1_274' title='bbox 666 3294 720 3336; x_wconf 88' lang='lat' dir='ltr'><strong>ad</strong></span> <span class='ocrx_word' id='word_1_275' title='bbox 742 3294 834 3338; x_wconf 87' lang='lat' dir='ltr'><strong>An.</strong></span> <span class='ocrx_word' id='word_1_276' title='bbox 858 3295 897 3341; x_wconf 91' lang='lat'><strong>1,</strong></span> <span class='ocrx_word' id='word_1_277' title='bbox 923 3292 994 3336; x_wconf 81' lang='lat'><strong>73.</strong></span> <span class='ocrx_word' id='word_1_278' title='bbox 1016 3315 1076 3325; x_wconf 93' lang='lat'>—</span> 
     </span>
     <span class='ocr_line' id='line_1_48' title="bbox 186 3349 1075 3404; baseline -0.008 -5"><span class='ocrx_word' id='word_1_279' title='bbox 186 3356 346 3400; x_wconf 80' lang='lat' dir='ltr'><strong>omina</strong></span> <span class='ocrx_word' id='word_1_280' title='bbox 368 3349 514 3403; x_wconf 63' lang='lat' dir='ltr'><strong>xMSS.</strong></span> <span class='ocrx_word' id='word_1_281' title='bbox 532 3350 666 3399; x_wconf 87' lang='lat' dir='ltr'><strong>Bodl.</strong></span> <span class='ocrx_word' id='word_1_282' title='bbox 702 3350 826 3395; x_wconf 83' lang='lat' dir='ltr'><strong>Harl.</strong></span> <span class='ocrx_word' id='word_1_283' title='bbox 867 3351 930 3404; x_wconf 87' lang='lat' dir='ltr'><strong>(in</strong></span> <span class='ocrx_word' id='word_1_284' title='bbox 959 3365 1075 3394; x_wconf 86' lang='lat' dir='ltr'><strong>mar·</strong></span> 
     </span>
     <span class='ocr_line' id='line_1_49' title="bbox 187 3406 1075 3523; baseline -0.008 -7"><span class='ocrx_word' id='word_1_285' title='bbox 187 3406 1075 3523; x_wconf 46' lang='lat' dir='ltr'><strong>aa}.;²÷}2.·..213⁰{·.3;{;.33.V;.¹³33}ss</strong></span> 
     </span>
    </p>
   </div>
   <div class='ocr_carea' id='block_1_14' title="bbox 187 3519 975 3582">
    <p class='ocr_par' dir='ltr' id='par_1_14' title="bbox 187 3519 975 3582">
     <span class='ocr_line' id='line_1_50' title="bbox 187 3519 975 3582; baseline -0.009 -6"><span class='ocrx_word' id='word_1_286' title='bbox 187 3524 329 3579; x_wconf 41' lang='lat' dir='ltr'><strong>MSS&amp;</strong></span> <span class='ocrx_word' id='word_1_287' title='bbox 348 3519 496 3582; x_wconf 30' lang='lat' dir='ltr'><strong>G&#39;uelf.</strong></span> <span class='ocrx_word' id='word_1_288' title='bbox 519 3521 642 3576; x_wconf 70' lang='lat' dir='ltr'><strong>Harl.</strong></span> <span class='ocrx_word' id='word_1_289' title='bbox 670 3523 751 3566; x_wconf 85' lang='lat' dir='ltr'><strong>les.</strong></span> <span class='ocrx_word' id='word_1_290' title='bbox 775 3523 844 3566; x_wconf 86' lang='lat' dir='ltr'><strong>ed.</strong></span> <span class='ocrx_word' id='word_1_291' title='bbox 870 3520 975 3569; x_wconf 81' lang='lat' dir='ltr'><strong>Alc.</strong></span> 
     </span>
    </p>
   </div>
   <div class='ocr_carea' id='block_1_15' title="bbox 1143 3125 2031 3350">
    <p class='ocr_par' dir='ltr' id='par_1_15' title="bbox 1143 3125 2031 3350">
     <span class='ocr_line' id='line_1_51' title="bbox 1143 3125 2031 3171; baseline 0.007 -6"><span class='ocrx_word' id='word_1_292' title='bbox 1143 3125 1389 3165; x_wconf 77' lang='lat' dir='ltr'><strong>nonesium</strong></span> <span class='ocrx_word' id='word_1_293' title='bbox 1410 3127 1684 3167; x_wconf 80' lang='lat' dir='ltr'><strong>conscendit.</strong></span> <span class='ocrx_word' id='word_1_294' title='bbox 1713 3152 1772 3161; x_wconf 90' lang='lat'><em>-</em></span> <span class='ocrx_word' id='word_1_295' title='bbox 1828 3126 1936 3169; x_wconf 85' lang='lat' dir='ltr'><strong>Mox</strong></span> <span class='ocrx_word' id='word_1_296' title='bbox 1964 3144 2031 3171; x_wconf 84' lang='lat' dir='ltr'><strong>ea-</strong></span> 
     </span>
     <span class='ocr_line' id='line_1_52' title="bbox 1146 3179 2030 3237; baseline 0.008 -16"><span class='ocrx_word' id='word_1_297' title='bbox 1146 3179 1250 3222; x_wconf 88' lang='lat' dir='ltr'><strong>dem</strong></span> <span class='ocrx_word' id='word_1_298' title='bbox 1280 3180 1476 3222; x_wconf 80' lang='lat' dir='ltr'><strong>insidere</strong></span> <span class='ocrx_word' id='word_1_299' title='bbox 1506 3196 1589 3237; x_wconf 89' lang='lat' dir='ltr'><strong>pro</strong></span> <span class='ocrx_word' id='word_1_300' title='bbox 1624 3186 1890 3235; x_wconf 79' lang='lat' dir='ltr'><strong>consedere,</strong></span> <span class='ocrx_word' id='word_1_301' title='bbox 1924 3199 2030 3227; x_wconf 85' lang='lat' dir='ltr'><strong>cen-</strong></span> 
     </span>
     <span class='ocr_line' id='line_1_53' title="bbox 1147 3239 2031 3296; baseline 0.009 -18"><span class='ocrx_word' id='word_1_302' title='bbox 1147 3239 1474 3292; x_wconf 83' lang='lat' dir='ltr'><strong>turionumque</strong></span> <span class='ocrx_word' id='word_1_303' title='bbox 1497 3253 1579 3296; x_wconf 82' lang='lat' dir='ltr'><strong>pro</strong></span> <span class='ocrx_word' id='word_1_304' title='bbox 1605 3241 1928 3285; x_wconf 79' lang='lat' dir='ltr'><strong>centurionum</strong></span> <span class='ocrx_word' id='word_1_305' title='bbox 1947 3245 2031 3286; x_wconf 83' lang='lat' dir='ltr'><strong>mi-</strong></span> 
     </span>
     <span class='ocr_line' id='line_1_54' title="bbox 1145 3294 1383 3350; baseline 0.004 -15"><span class='ocrx_word' id='word_1_306' title='bbox 1145 3294 1383 3350; x_wconf 79' lang='lat' dir='ltr'><strong>lituraque.</strong></span> 
     </span>
    </p>
   </div>
   <div class='ocr_carea' id='block_1_16' title="bbox 1145 3393 2027 3576">
    <p class='ocr_par' dir='ltr' id='par_1_16' title="bbox 1145 3393 2027 3576">
     <span class='ocr_line' id='line_1_55' title="bbox 1202 3393 2027 3464; baseline 0.012 -15"><span class='ocrx_word' id='word_1_307' title='bbox 1202 3406 1315 3451; x_wconf 76' lang='lat' dir='ltr'><strong>CAP.</strong></span> <span class='ocrx_word' id='word_1_308' title='bbox 1355 3407 1425 3452; x_wconf 85' lang='lat'><strong>58.</strong></span> <span class='ocrx_word' id='word_1_309' title='bbox 1479 3425 1570 3464; x_wconf 83' lang='lat' dir='ltr'><strong>pro</strong></span> <span class='ocrx_word' id='word_1_310' title='bbox 1589 3426 1666 3455; x_wconf 88' lang='lat' dir='ltr'><strong>me</strong></span> <span class='ocrx_word' id='word_1_311' title='bbox 1687 3393 1919 3458; x_wconf 46' lang='lat' dir='ltr'><strong>secur-abr(</strong></span> <span class='ocrx_word' id='word_1_312' title='bbox 1959 3415 2027 3459; x_wconf 85' lang='lat' dir='ltr'><strong>si-</strong></span> 
     </span>
     <span class='ocr_line' id='line_1_56' title="bbox 1145 3464 2024 3532; baseline 0.013 -26"><span class='ocrx_word' id='word_1_313' title='bbox 1145 3464 1263 3512; x_wconf 81' lang='lat' dir='ltr'><strong>milis</strong></span> <span class='ocrx_word' id='word_1_314' title='bbox 1307 3465 1479 3509; x_wconf 80' lang='lat' dir='ltr'><strong>locutio</strong></span> <span class='ocrx_word' id='word_1_315' title='bbox 1519 3476 1655 3512; x_wconf 76' lang='lat' dir='ltr'><strong>exstat</strong></span> <span class='ocrx_word' id='word_1_316' title='bbox 1697 3469 1745 3512; x_wconf 87' lang='lat' dir='ltr'><strong>in</strong></span> <span class='ocrx_word' id='word_1_317' title='bbox 1788 3470 1880 3518; x_wconf 72' lang='lat' dir='ltr'><strong>vita</strong></span> <span class='ocrx_word' id='word_1_318' title='bbox 1915 3472 2024 3532; x_wconf 71' lang='lat' dir='ltr'><strong>Agr.</strong></span> 
     </span>
     <span class='ocr_line' id='line_1_57' title="bbox 1145 3523 1757 3576; baseline 0.005 -9"><span class='ocrx_word' id='word_1_319' title='bbox 1145 3537 1188 3568; x_wconf 83' lang='lat' dir='ltr'><strong>c.</strong></span> <span class='ocrx_word' id='word_1_320' title='bbox 1213 3523 1284 3567; x_wconf 74' lang='lat'><strong>26.</strong></span> <span class='ocrx_word' id='word_1_321' title='bbox 1304 3536 1395 3576; x_wconf 80' lang='lat' dir='ltr'><strong>pro</strong></span> <span class='ocrx_word' id='word_1_322' title='bbox 1417 3526 1568 3569; x_wconf 76' lang='lat' dir='ltr'><strong>salute</strong></span> <span class='ocrx_word' id='word_1_323' title='bbox 1588 3539 1757 3572; x_wconf 79' lang='lat' dir='ltr'><strong>secure.</strong></span> 
     </span>
    </p>
   </div>
  </div>
 </body>
</html>
