2138 4030
1733 242 1787 280 A.
1800 240 1853 278 U.
1870 242 1956 280 823.

1734 287 1786 323 A.
1805 285 1853 323 C.
1894 286 1954 324 7⁰.

186 200 313 304 2922
762 240 1465 307 HISTORIARUM

189 374 332 449 lere:
378 371 1010 434 maestumfinermium
1035 393 1243 448 agmen
1258 372 1504 449 deiectis
1525 374 1591 431 in
1612 385 1831 434 terram
1852 379 2040 436 oculis

191 459 560 536 sequebatur.
612 482 613 486 ’
646 460 1136 527 circumstiterant
1176 459 1426 516 victores
1477 471 1535 518 et
1574 460 1768 536 primo
1809 461 2043 538 ingere-
2123 454 2126 458 ⁵

190 545 338 601 bant
359 545 575 620 probra
588 590 604 616 ‚
627 546 1000 615 intentabant
1020 544 1196 601 ictus:
1234 564 1372 601 mox
1392 554 1460 602 ut
1483 545 1752 620 praeberi
1770 566 1874 604 ora
1896 568 2043 605 con-

137 679 145 685 .
190 629 449 686 tumeliis
477 642 532 687 et
563 633 750 707 posita
787 630 952 709 omni
985 622 1203 686 ferocia
1239 630 1614 686 cuncta'”victi
1646 631 2044 706 patiebantur,

192 714 352 772 subit
384 717 709 775 recordatio
739 717 873 789 illos
901 734 1049 784 esse,
1105 715 1210 791 qui
1243 734 1434 789 nuper
1454 711 1728 783 Bedriaci
1762 717 2042 775 victoriae

188 799 626 876 temperassent.
711 801 827 859 Sed
864 801 970 858 ubi
1002 797 1254 858 Caecina
1289 810 1584 875 praetexta
1618 801 2043 879 lictoribusque

157 923 159 928 x
190 885 440 960 insignis
465 887 686 943 dimota
713 887 884 942 turba
911 885 1117 943 consul
1141 884 1409 954 incessit,
1465 904 1727 944 exarsere
1760 887 2011 945 victores
2026 909 2050 943 :-

189 971 524 1046 superbiam
548 971 965 1048 saevitiamque
1004 967 1177 1047 (adeo
1210 969 1400 1026 invisa
1424 970 1640 1028 scelera
1656 969 1830 1051 sunt)
1866 973 2040 1030 etiam

84 1090 90 1099 ι
166 1055 494 1130 .perfidiam
543 1057 933 1122 obiectabant.
1018 1055 1247 1112 obstitit
1279 1050 1580 1112 Antonius
1621 1057 1892 1135 datisque
1935 1058 2041 1115 de·-

129 1167 138 1176 *
185 1141 522 1199 sensoribus
545 1143 619 1198 ad
644 1139 1071 1218 Vespasianum
1097 1140 1340 1197 dimisit.
1788 1160 1805 1166 ·

360 1242 613 1310 XXXII.
654 1251 831 1311 Plebs
866 1253 1103 1310 interim
1131 1249 1622 1310 Cremonensium
1660 1250 1818 1310 inter
1848 1270 2044 1328 agma-

192 1349 284 1396 tos
322 1338 799 1396 conflictabatur:
858 1359 965 1395 nec
986 1338 1194 1413 procul
1219 1339 1393 1394 caede
1411 1338 1686 1405 aberant,
1741 1354 1878 1394 cum
1903 1357 2041 1412 pre-

191 1423 359 1479 cibus
390 1423 932 1498 ducum‘mitigatus
959 1433 1044 1480 est
1081 1423 1272 1482 mileS.
1357 1434 1413 1479 et
1437 1423 1675 1479 voc‘atos
1700 1422 1775 1478 ad
1801 1421 2041 1480 concio-

188 1527 326 1579 nem
376 1504 676 1566 Antonius
721 1509 1091 1586 adloquitur,
1157 1508 1460 1582 magnifice
1506 1507 1789 1577 victore8‚
1855 1507 2041 1563 victos

189 1593 546 1651 clementem·
580 1596 652 1652 de
676 1592 968 1668 Cremona
994 1593 1059 1648 in
1089 1605 1384 1651 neutrum.
1468 1588 1777 1650 Exercitus
1811 1603 2042 1669 praeter

188 1676 427 1734 insitam
463 1680 790 1756 praedandi
831 1679 1171 1755 cupidinem
1210 1689 1406 1735 vetere
1444 1677 1586 1734 odio
1629 1677 1704 1734 ad
1751 1677 2043 1734 excidium

337 1816 370 1832 χ

181 1899 354 1944 Ald.Li
389 1902 438 1946 sii
462 1900 650 1961 priores.
690 1901 905 1946 Rhenano
928 1901 1076 1946 fraudi
1155 1901 1265 1945 Bud.
1290 1899 1389 1943 edd.
1410 1899 1528 1957 Spir.
1554 1898 1702 1943 Rhen.
1726 1898 1835 1944 Ald.
1859 1914 1957 1958 sqq.
1985 1928 2044 1936 —

180 1917 401 2024 [it-maija
424 1968 526 2003 vett.
546 1960 764 2004 librorum
784 1960 835 2014 ‘in
855 1960 944 2004 hoc
972 1961 1077 2004 loco
1135 1959 1318 2025 fiducia
1364 1957 1500 2001 MSS.
1544 1956 1696 2001 Guelf.
1741 1956 1866 2001 Harl.
1913 1957 2044 2002 Bodl.

181 1975 498 2074 distinguendo
519 2019 646 2061 ratio.
706 2018 818 2060 Nam
844 2017 944 2062 edd.
972 2018 1075 2061 Put.
1150 2018 1190 2072 (a
1213 2032 1357 2074 prima
1377 2017 1533 2072 manu)
1554 2017 1635 2059 les.
1657 2014 1758 2060 edd.
1785 2015 1889 2059 Pac.
1911 2015 1979 2058 M.
1999 2023 2044 2058 et

180 2072 284 2175 ger.
312 2074 409 2117 Alc.
436 2075 759 2176 copiunguntzl
755 2075 976 2130 fatigant
996 2090 1077 2118 ex·
1148 2074 1205 2117 V.
1227 2074 1331 2116 Ber.
1358 2072 1464 2116 Ale.

186 2174 191 2176 ,
229 2146 386 2179 emam
409 2147 492 2177 ma
511 2147 664 2176 orum.
728 2134 745 2150 '
763 2134 816 2174 ’ot
844 2141 931 2178 etc.

241 2216 428 2260 deiectis
459 2218 506 2259 in
541 2224 724 2260 terram
760 2219 921 2262 oculis.
990 2218 1075 2262 Ed.

184 2271 305 2332 Spir.
326 2275 472 2317 oculis
492 2275 680 2319 deiectis
700 2275 748 2316 in
769 2283 963 2320 terram.

243 2356 645 2402 circumstiterant.
719 2358 797 2404 Sic
835 2358 936 2403 edd.
973 2358 1078 2403 Put.

186 2413 257 2457 M.
293 2423 335 2458 et
359 2414 416 2458 V.
441 2415 543 2460 Ber.
583 2417 704 2472 (cum
735 2409 919 2460 'silentio
942 2416 1077 2474 Vici.)

185 2470 287 2515 Ale.
322 2471 464 2516 Rhen.
500 2488 550 2531 sq
585 2505 597 2518 .
638 2502 697 2511 -
761 2476 1078 2531 circumstete-

185 2536 296 2571 rant
318 2528 451 2574 MSS.
465 2489 618 2574 Gagis.
645 2533 684 2586 (a
709 2531 904 2576 secunda
927 2534 1080 2589 manu)

184 2584 315 2688 {idark
342 2588 382 2655 (a
407 2589 603 2632 secunda
625 2590 782 2647 manu)
804 2587 916 2646 Reg.
943 2589 1082 2635 Corb.

244 2675 254 2687 .
317 2660 404 2703 pir.

188 2772 216 2815 b
244 2716 549 2813 initentabant.
606 2715 691 2760 Ed.
717 2717 838 2774 Spir.
863 2718 1077 2760 intende-

216 2787 279 2814 an
306 2804 318 2815 .

247 2849 297 2884 ut
325 2846 545 2898 praeberi
576 2853 660 2890 etc.
719 2844 857 2890 Unde
920 2847 1079 2891 endeat

183 2900 404 2956 praeberi
427 2902 560 2946 docet
582 2903 837 2954 Ernestius,
873 2863 983 2947 «Γυηι
1004 2905 1077 2948 in-

187 2956 368 3013 telligit:
399 2968 485 3009 „ut
512 2962 714 3018 praeberi
742 2978 818 3004 ora
844 2969 1078 3006 contume-

186 3015 255 3059 liis
279 3022 321 3056 et
343 3026 505 3060 cuncta
527 3018 672 3063 victos
694 3019 784 3078 pati
807 3018 1079 3062 videbant=”

186 3071 510 3125 anacoluthon,
573 3076 699 3120 cuius
739 3077 883 3120 simile
926 3091 1078 3120 exem-

187 3131 312 3189 plum
337 3128 483 3172 adfert
503 3148 550 3174 ex
572 3133 661 3177 An.
681 3134 747 3185 12,
760 3136 829 3177 51.
854 3135 934 3176 ubi
953 3135 1086 3191 quati

188 3195 352 3237 uterus
377 3194 420 3228 et
446 3189 625 3231 m'scera
650 3191 910 3234 vibrantur.
970 3190 1079 3234 Pos-

187 3251 290 3288 sunt
311 3252 460 3287 tamen
482 3247 614 3288 verba
634 3250 855 3302 praeberi
874 3256 918 3291 et
951 3249 1086 3304 quati

189 3301 332 3357 accipi
365 3317 450 3361 pro
487 3301 719 3347 infinitivis
761 3304 1007 3357 historicis,
1055 3321 1078 3348 a

188 3359 351 3418 quibus
393 3358 557 3402 Noster
599 3362 747 3404 subito
794 3361 981 3406 transire
1024 3362 1079 3405 ad

187 3425 365 3475 tempus
390 3415 565 3462 finitum
587 3417 718 3461 solet.

1206 2171 1327 2212 subit
1347 2169 1625 2212 recordatio.
1668 2169 1743 2213 Sic
1755 2167 1891 2213 MSS.
1905 2168 2042 2214 Corb.

1149 2226 1276 2274 Harl.
1306 2227 1347 2279 (a
1380 2227 1575 2270 secunda
1607 2227 1764 2281 manu)
1795 2226 1896 2270 edd.
1924 2226 2043 2284 Spir.

1149 2285 1252 2327 Put.
1281 2283 1349 2326 M.
1371 2292 1415 2327 et
1437 2282 1490 2327 V.
1514 2282 1871 2339 Beroald.-(cum
1896 2283 2044 2326 silent.

1146 2341 1286 2397 Vict.)
1300 2356 1397 2398 sqq.
1413 2363 1468 2374 —
1499 2339 1590 2383 Pro
1612 2344 1872 2384 recordatio
1890 2339 2046 2383 ferunt

1149 2400 1274 2442 ratio
1309 2396 1446 2442 MSS.
1478 2396 1630 2441 Guelf.
1663 2397 1788 2444 Harl.
1825 2400 1868 2453 (a
1903 2398 2047 2457 prima

1153 2458 1308 2511 manu)
1335 2448 1468 2498 Bodl.
1492 2456 1575 2499 les.
1594 2454 1709 2501 Bud.
1768 2454 1920 2511 Quare
1934 2453 2048 2498 Rhe-

1153 2529 1296 2557 nanus
1330 2511 1511 2566 volebat
1547 2514 1800 2571 miseratio.
1871 2510 1924 2556 Bi
1958 2528 2049 2555 on-

1151 2571 1234 2614 tini
1255 2571 1380 2613 ratio
1405 2585 1564 2615 verum
1590 2586 1684 2614 esse
1703 2577 1877 2628 putant.
1977 2586 2048 2612 ro-

1152 2628 1293 2671 terius
1343 2643 1367 2670 e
1413 2627 1681 2685 quibusdam
1724 2626 1859 2670 codd.
1902 2625 2046 2670 adfert

1135 2686 1240 2742 fuit
1266 2700 1348 2742 pro
1370 2685 1511 2740 subit,
1557 2684 1724 2728 mendo
1747 2692 1764 2727 t
1799 2699 1855 2743 po
1888 2701 1954 2733 r.,
1994 2692 2044 2727 ut

1148 2743 1340 2785 videtur.
1428 2741 1542 2785 Nam
1582 2741 1628 2785 in
1671 2701 1807 2786 MSS.
1839 2700 1958 2785 Ῑῗυά.
2002 2749 2045 2785 et

1150 2796 1306 2842 Guelf.
1329 2807 1396 2843 est
1415 2800 1553 2842 subit.

1207 2900 1438 2943 Bedriaci.
1499 2898 1622 2945 Libri
1655 2897 1850 2949 variant,
1880 2905 1943 2941 ,ut
1968 2913 2045 2941 su-

1150 2973 1245 3016 pra.

1207 3060 1408 3102 incessit.
1467 3056 1572 3102 MS.
1595 3055 1751 3100 Guelt.
1771 3056 2046 3099 incessisset.

1152 3116 1261 3159 Mox
1286 3116 1407 3159 idem
1431 3115 1536 3160 cod.
1561 3114 1793 3158 obiectant
1814 3128 1897 3172 pro
1919 3115 2045 3157 obie-

1150 3175 1358 3218 ctabant.

1209 3271 1323 3316 CAP.
1344 3270 1417 3316 32.
1470 3272 1621 3316 Plebs.
1675 3270 1751 3317 sie
1771 3269 1903 3315 MSS.
1919 3268 2045 3314 Flor-

1152 3334 1275 3384 (test.
1296 3329 1463 3429 Ryokss
1483 3329 1596 3387 Agr.
1621 3328 1737 3383 Bud.
1761 3326 1912 3372 Guelf.
1939 3325 2042 3393 edd.

1154 3385 1272 3446 Spir.
1298 3387 1402 3431 Put.
1467 3386 1633 3431 eroald.
1664 3387 1787 3441 (cum
1811 3384 1881 3428 sil.
1904 3382 2045 3434 Vict.)

1153 3460 1252 3503 sqq.
1288 3467 1344 3478 -
1392 3444 1589 3491 Pichena
1619 3443 1851 3489 induxerat
1875 3442 2046 3497 plebes,

234 3500 437 3568 ferocia.
509 3499 586 3544 Sic
625 3500 763 3548 MSS.
797 3501 924 3568 Flpr.
968 3504 1085 3558 (test.
1155 3502 1278 3568 quod
1319 3500 1424 3547 alibi
1464 3517 1488 3544 a
1522 3499 1583 3568 ud
1613 3502 1831 3568 Nostra-m
1872 3497 2046 3555 saepius

189 3557 327 3617 Vnet.)
361 3557 472 3617 Reg.
498 3557 633 3602 Corb.
659 3557 792 3603 Bodl.
827 3560 890 3614 (m
926 3563 1088 3618 marg.)
1156 3560 1337 3617 legitur.
1395 3558 1498 3619 Ryc
1529 3572 1597 3605 ius
1618 3565 1812 3604 restituit
1829 3557 1977 3613 plebs.
