2138 4030
164 205 217 241 Α.
235 203 287 239 U.
304 202 389 237 824.

164 245 284 285 QG,
329 247 391 285 ⁷„
564 203 736 265 Lm.
775 204 885 265 w.
964 202 1158 263 cAP.
1199 200 1295 263 56.
1333 202 1433 265 57.
1799 187 1920 265 441'
1993 185 2000 190 ’

81 336 366 396 Claudius
415 335 645 401 Labeo,
720 352 894 408 quem
957 343 1191 407 captum
1246 342 1303 387 et
1356 343 1514 388 extra
1567 348 1922 393 conventum

83 423 461 480 amandatum
505 420 572 474 in
618 417 842 475 Frisios
888 417 1170 485 diximuS‚
1243 417 1532 490 corruptis
1587 418 1926 476 custodibus

84 507 354 583 perfugit.
438 503 880 580 pollicitusque,
924 502 974 556 si
1006 499 1365 575 praesidium
1393 501 1657 571 daretur,
1700 505 1924 561 iturum

85 593 149 647 in
183 590 436 647 Batavos
489 600 545 645 et
591 589 880 662 potiorem
923 586 1173 642 civitatis
1216 596 1439 660 partem
1486 586 1559 640 ad
1599 588 1928 645 societatem

85 675 435 734 Romanam‘
464 685 885 739 retracturum,
956 682 1189 745 accepta
1236 669 1502 744 peditum
1549 672 1928 750 equitumque

85 762 314 825 modica
353 775 535 815 manu
574 753 728 812 nihil
763 757 918 829 apud
944 755 1196 811 Batavos
1230 773 1432 823 amm,
1474 757 1756 830 quosdam
1779 756 1931 816 Ner-

86 846 320 902 viorum
346 842 829 916 Betasiorumque
853 841 915 895 in
945 861 1105 902 arma
1142 840 1333 898 traxit.
1418 850 1473 908 et
1505 840 1708 895 furtim
1747 843 1931 914 magis

88 950 265 1006 quam
293 930 449 985 bello
479 926 893 984 Canninefates
918 924 1332 999 Marsacosque
1370 924 1721 983 incursabat.
1808 925 1933 982 Vo-

89 1015 218 1072 cula
243 1012 556 1070 Gallorum
580 1013 786 1067 fraude
813 1011 1059 1066 inlectus
1088 1010 1162 1064 ad
1185 1005 1413 1065 hostem
1446 1010 1765 1069 contendit.

259 1108 447 1168 LVII.
533 1108 652 1166 Nec
687 1107 895 1182 procul
925 1105 1238 1162 Veteribus
1276 1098 1504 1175 aberat,
1548 1127 1680 1163 cum
1717 1104 1935 1165 Classi-

93 1217 192 1255 cus
217 1217 282 1252 ac
308 1194 501 1252 Tutor
522 1214 628 1269 per
655 1193 906 1268 speciem
935 1191 1279 1266 explorandi
1306 1192 1625 1268 praegressi
1660 1213 1791 1249 cum
1825 1193 1937 1251 du-
2010 1253 2017 1260 ,

155 1462 390 1506 Claudius.
460 1460 558 1504 MS·
592 1458 745 1503 Guels.
776 1459 976 1514 gladius.

95 1520 177 1563 Ed.
205 1519 322 1576 Spir.
343 1519 531 1572 gladiis.

152 1583 294 1619 extra
336 1583 610 1618 conventum
651 1578 980 1623 amandatum.

94 1633 172 1679 Sic
207 1633 308 1676 MS.
338 1634 451 1688 Agr.
492 1633 594 1675 edd.
629 1633 833 1675 Rhenan.
874 1631 982 1675 Ald.

95 1708 193 1749 sqq.
213 1718 271 1726 --
319 1698 456 1732 extra
478 1698 796 1732 commentum
821 1703 985 1732 aman-

1051 1456 1412 1502 Strombeclzius:
1443 1472 1535 1500 von
1559 1453 1642 1501 der
1665 1459 1715 1500 V
1709 1461 1941 1503 ersclnoa’·

1050 1531 1174 1570 rung
1205 1517 1596 1567 ausgeschlossen.
1674 1516 1938 1560 Bahrdtius:

1054 1589 1142 1616 υοη
1163 1577 1248 1615 der·
1271 1574 1323 1615 V
1317 1575 1638 1626 ersammlung
1662 1587 1776 1628 weg.

1111 1632 1337 1673 diximus.
1398 1629 1457 1672 cs.
1482 1646 1613 1688 supra
1641 1647 1680 1673 c.
1705 1634 1770 1675 18.

1109 1690 1300 1731 iturum.
1376 1685 1529 1729 Editio
1564 1686 1776 1731 Oberlini
1819 1688 1944 1746 lapsu

96 1753 264 1792 datura
289 1748 391 1791 MS.
414 1748 543 1790 Bodl.
571 1748 634 1802 (in
656 1748 857 1806 margine
883 1761 984 1789 con·

97 1809 320 1849 liuentem
371 1820 456 1862 pro
500 1808 832 1860 commentum)
883 1802 984 1847 edd.

97 1864 200 1907 Put.
233 1862 304 1909 M.
342 1870 386 1904 et
409 1861 465 1903 V.
499 1862 705 1904 Beroald.
737 1862 897 1904 Alciat.
929 1884 985 1892 -

99 1930 244 1964 extra
303 1926 616 1962 commentum
681 1923 986 1961 emendatum

100 1977 236 2021 MSS.
271 1976 522 2034 Reg.,Bud.
558 1978 629 2019 ed.
663 1976 779 2032 Spir.
805 1977 986 2030 (emen-

100 2040 263 2078 datum
311 2033 472 2091 legitur
514 2034 647 2077 etiam
692 2033 740 2076 in
784 2034 986 2091 margine

103 2093 234 2135 codd.
259 2091 377 2134 Harl.
401 2099 442 2133 et
463 2092 583 2142 les).
604 2115 661 2124 —
711 2101 854 2133 extra
876 2104 984 2132 con-

102 2152 323 2192 timentem
383 2163 576 2190 amnem
639 2148 772 2191 MSS.
830 2146 985 2190 Guelf.

101 2205 225 2249 Harl.
264 2206 344 2248 Ies.
421 2204 732 2256 Hariolantur,
774 2205 877 2262 quia
909 2220 986 2246 ve-

101 2263 225 2322 stigia
246 2261 415 2306 codicis
434 2263 682 2305 Florentini
705 2270 808 2305 sunt
831 2263 990 2305 obseu-

102 2339 166 2366 ra.
243 2321 353 2364 Nam
388 2327 496 2363 teste
527 2319 723 2362 Pichena
754 2319 828 2361 ille
859 2319 990 2362 habet

103 2375 306 2425 adratum
341 2393 426 2434 pro
461 2386 752 2420 conventum.
833 2377 991 2419 Victo-

103 2439 195 2482 rius
216 2436 431 2478 intactum
454 2435 635 2492 reliquit
651 2442 994 2475 commentum.-

104 2511 187 2554 pro
216 2496 530 2534 amandatum
562 2491 680 2534 idem
715 2490 818 2533 inde
852 2490 995 2532 adfert

105 2554 428 2596 amendatum.
512 2549 744 2591 Accedunt
786 2548 993 2589 virorum

107 2611 345 2653 doctorum
364 2605 663 2648 coniecturae.
708 2603 992 2647 Boxhornius

108 2665 322 2711 coniecit:
351 2672 492 2709 extra
509 2665 813 2705 continentem
828 2676 994 2703 aman·

108 2729 288 2766 datum.
375 2721 462 2764 Sed
499 2724 547 2762 in
578 2721 753 2763 Frisios
796 2735 890 2761 non
929 2726 995 2760 est

109 2791 254 2826 extra
318 2782 638 2820 continentem.
739 2776 995 2834 Bipontiniz

111 2845 258 2881 extra
298 2837 530 2879 civitatem
571 2834 641 2879 vel
678 2842 823 2877 extra
850 2834 995 2890 confi-

109 2898 256 2938 nium.
345 2892 612 2935 Oberlinus:
666 2899 808 2934 extra
851 2892 997 2933 comi-

113 2954 246 2996 tium.
305 2951 344 2996 l.
368 2950 441 2992 Fr.
462 2949 717 2991 Gronovius
737 2958 779 2991 et
801 2948 999 3005 Ryckius

113 3009 339 3066 vulgatam
363 3007 630 3064 scripturam
658 3014 838 3049 tuentur
869 3014 999 3063 atque

114 3065 381 3109 vocabulum
417 3070 664 3106 conventus
693 3062 917 3120 accipiunt
946 3063 1000 3105 de

116 3123 295 3167 civitate
325 3121 597 3165 Batavorum
630 3136 771 3162 unum
804 3135 1002 3163 conven-

116 3189 213 3224 tum
236 3179 475 3222 iuridicum
500 3177 736 3220 efficiente.
784 3176 1003 3220 Solebam

118 3240 238 3281 enim
280 3235 542 3293 provinciae
586 3234 724 3278 dividi
760 3234 807 3276 in
847 3233 1001 3292 plures

119 3302 391 3340 conventus.
453 3292 513 3335 cf.
532 3291 650 3335 Plin.
673 3307 742 3349 ep.
768 3290 810 3340 3,
828 3293 869 3334 1.
895 3299 937 3333 et
957 3290 1000 3333 3.

119 3352 236 3403 Alii,
293 3358 340 3392 ut
380 3348 669 3399 Rieklefsius‚
725 3355 1005 3390 conventum

119 3409 468 3467 interpretantur
523 3406 777 3449 societatem
831 3421 1004 3453 eorum,

123 3466 199 3523 qui
244 3481 362 3508 arma
401 3470 607 3521 ceperant
645 3470 800 3506 contra
833 3462 1004 3505 Roma-

125 3538 223 3566 nos.
283 3520 594 3566 Gutmannus:
623 3518 784 3578 ausser
803 3519 1004 3563 Laudes.

1057 1761 1295 1812 pperarum
1317 1743 1404 1786 fert
1425 1746 1608 1797 iterum,
1633 1746 1752 1800 quod
1765 1746 1943 1790 Herbst.
2022 1740 2024 1742 ,

1055 1808 1111 1844 ιη’
1146 1800 1482 1846 Animadverss.
1534 1818 1577 1860 p.
1611 1802 1685 1846 32.
1719 1803 1942 1859 'ingenio-

1057 1859 1232 1902 sissime
1264 1858 1459 1902 coniecit
1490 1874 1585 1901 esse
1621 1861 1943 1917 corrigendum

1056 1918 1248 1959 iturum.
1340 1915 1520 1959 Scilicet
1563 1919 1742 1959 iturum
1782 1917 1949 1960 habent

1059 1989 1216 2017 omnes
1240 1973 1340 2016 libri
1370 1981 1472 2015 ante
1488 1972 1760 2017 Oberlinum
1786 1982 1828 2017 et
1841 1973 1947 2018 editi

1060 2040 1102 2074 et
1125 2047 1260 2073 manu
1288 2030 1457 2086 scripti.
1876 2079 1877 2084 ¹

1110 2088 1339 2142 pediturn.
1400 2087 1480 2129 Ed.
1504 2087 1627 2145 Spir.
1642 2091 1845 2142 pediam.

1115 2146 1310 2187 modica.
1370 2145 1471 2187 MS.
1497 2143 1648 2188 Guelf.
1675 2149 1870 2200 optima.

1118 2204 1519 2257 Betasiorumque.
1579 2203 1656 2247 Sic
1671 2204 1807 2248 MSS.
1822 2203 1949 2248 Harl.

1060 2260 1190 2302 Bodl.
1229 2259 1313 2302 les.
1353 2260 1454 2303 edd.
1484 2259 1585 2303 Put.
1607 2262 1672 2304 M.
1707 2270 1750 2304 et
1773 2262 1824 2304 V.
1860 2263 1953 2305 Be-

1060 2317 1204 2360 roald.
1233 2320 1357 2370 (cum
1383 2316 1597 2372 sil.Vict.)
1621 2319 1722 2362 Alc.
1748 2319 1952 2363 Rbenan.

1064 2374 1167 2416 Ald.
1194 2374 1389 2431 Micylli.
1435 2399 1479 2407 —-
1540 2376 1954 2432 Bettasiorumque

1062 2431 1166 2474 MS.
1189 2428 1340 2474 Guelf.
1376 2434 1487 2484 (non
1515 2433 1857 2482 Bertasiorum,
1890 2433 1956 2476 uti

1065 2487 1265 2545 prodidit
1302 2489 1546 2532 Ernestius.
1638 2490 1766 2533 Solet
1798 2499 1955 2533 autem

1063 2545 1140 2588 ille
1176 2545 1289 2587 liber
1322 2546 1550 2604 duplicare
1591 2547 1786 2590 litteram
1824 2548 1958 2592 etiam

1065 2603 1113 2646 in
1142 2603 1364 2646 vocabulo
1388 2605 1588 2652 Batavi,
1620 2613 1667 2647 ut
1697 2613 1957 2648 constanter

1064 2658 1230 2705 scribat
1246 2661 1481 2714 Battavi).
1545 2661 1716 2719 Lipsius
1740 2662 1811 2718 (ab
1833 2677 1956 2709 anno

1068 2716 1212 2773 1574.)
1268 2717 1461 2760 ediderat
1513 2719 1955 2777 Bethasiorumque,

1066 2775 1131 2820 uti
1165 2783 1230 2817 est
1261 2774 1308 2816 in
1332 2774 1435 2818 cod.
1460 2776 1576 2819 Bud.
1615 2785 1658 2819 et
1688 2776 1791 2820 infr.
1819 2793 1861 2821 c.
1883 2777 1955 2821 66.

1066 2832 1114 2879 in
1137 2831 1263 2875 libris
1286 2831 1510 2876 veteribus
1541 2832 1666 2876 meis.
1725 2833 1958 2878 Ernestius

1069 2897 1263 2933 veterem
1319 2889 1587 2947 scripturam
1641 2890 1852 2936 restituit.
1900 2919 1959 2928 —

1070 2947 1468 3003 Beoasiorumque
1511 2947 1645 2991 MSS.
1689 2947 1798 3006 Reg.
1842 2950 1956 3007 Agr.

1072 3004 1142 3047 ed.
1179 3004 1295 3062 Spir.
1334 3003 1503 3061 vulgari
1545 3003 1624 3048 illa
1664 3004 1910 3050 litterarum
1941 3013 1961 3049 t

1071 3069 1116 3104 et
1139 3076 1161 3102 c
1183 3060 1465 3104 confusione.

1131 3118 1395 3162 Gallorum.
1466 3118 1567 3164 Hoc
1589 3135 1683 3165 non
1717 3121 1881 3180 legitur
1911 3120 1960 3163 in

1072 3175 1142 3219 ed.
1168 3172 1286 3232 Spir.

1132 3232 1244 3275 CAP.
1265 3233 1334 3276 57.
1387 3239 1549 3291 procul
1569 3237 1828 3280 Veteribus.
1877 3233 1961 3276 Ed.

1075 3290 1192 3347 Spir.
1221 3295 1386 3345 procul
1414 3309 1446 3335 a
1468 3295 1720 3338 Veteribus.
1778 3291 1840 3336 cf.
1861 3299 1959 3334 not·

1075 3348 1130 3390 ad
1174 3347 1286 3390 nist.
1326 3351 1368 3399 4,
1397 3350 1469 3394 22.
1559 3352 1725 3396 Eadem
1764 3364 1867 3392 mox
1904 3362 1962 3389 ⁰⁶

1079 3404 1226 3448 Tutor
1243 3421 1327 3462 pro
1351 3415 1396 3450 et
1414 3407 1460 3450 T
1456 3417 1576 3454 utor.

1130 3468 1405 3516 praegressi.
1454 3467 1557 3510 MS.
1576 3465 1726 3511 Guell'.
1743 3477 1962 3520 progres-

1078 3522 1132 3562 si.
1205 3520 1262 3563 cf.
1295 3531 1388 3566 not.
1421 3525 1473 3567 ad
1506 3526 1593 3568 An.
1622 3523 1687 3575 14,
1711 3522 1779 3568 13.
1803 3524 1884 3569 sub
1913 3538 1961 3569 v·
