2138 4030
137 224 190 264 A.
205 223 256 261 u.
275 223 373 268 εκ,

134 268 191 304 Δ.
212 266 260 304 C·
301 268 362 303 71.

553 223 730 292 LIB.
762 224 867 286 IV.
945 222 1142 286 cA-P.
1179 223 1279 287 44.
1310 226 1411 289 45.
1779 231 1904 291 423

52 359 283 427 cianus,
325 375 400 415 ne
442 343 909 429 spei-nisenatus
950 353 1236 411 indicium
1271 367 1329 412 et
1366 358 1590 414 cunctis
1632 359 1741 416 sub
1777 358 1896 416 Ne-

50 463 197 500 rone
233 439 500 498 admissis
523 440 671 518 sdata
706 438 1026 515 impunitas
1059 438 1387 509 videretur,
1432 434 1750 500 Octavium
1785 443 1894 501 Sa-

48 529 256 602 gittam
283 537 340 582 ct
360 520 687 581 Antistium
711 521 1055 591 Sosianum,
1100 525 1377 581 senatorii
1403 527 1661 597 ordiniS,
1702 548 1894 601 egres—

45 633 142 670 sos
175 610 443 668 exsilium
474 609 538 663 in
574 608 804 663 easdem
840 607 1061 664 insulas
1096 609 1336 682 redegit.
1422 606 1706 668 Octavius
1730 611 1893 669 Pon-

43 699 186 757 tiam
199 695 562 753 Postumiam
588 687 802 766 stupro'
818 693 1112 765 cognitam
1136 705 1189 750 et
1214 694 1447 768 nuptias
1473 714 1603 751 suas
1627 698 1893 754 abnuen—

47 795 165 841 tem
210 781 502 854 impotens
542 777 759 833 amoris
806 777 1201 834 interfecerat:
1271 777 1552 835 Sosianus
1605 783 1890 856 pravitate

45 880 278 924 morum
314 863 516 920 multis
557 862 853 918 exitiosuS.
939 863 1112 918 ambo
1149 863 1313 936 gravi
1349 876 1582 921 senatus
1623 867 1889 924 consulto

44 950 309 1008 damnati
347 948 620 1024 pulsique
662 947 930 1022 quamvis
969 967 1240 1004 concesso
1282 949 1413 1004 aliis
1454 949 1651 1029 reditu
1691 951 1756 1005 in
1795 971 1890 1008 ea-

42 1023 178 1093 dem
219 1054 409 1111 poena
445 1031 660 1088 retenti
701 1043 855 1090 sunt.
940 1030 1062 1088 Nec
1097 1032 1229 1088 ideo
1273 1033 1455 1090 lenita
1494 1053 1628 1107 erga
1655 1033 1887 1092 Mucia-

42 1142 190 1179 num
228 1119 471 1177 invidia.
559 1117 777 1193 quippe
808 1116 1087 1173 Sosianus
1127 1137 1191 1172 ac
1228 1117 1449 1191 Sagitta
1486 1119 1662 1189 vileS‚
1715 1121 1888 1177 etiam

44 1208 93 1263 si
126 1215 586 1262 reverterentur:
641 1213 1041 1257 accusatorum
1079 1202 1314 1274 ingenia
1357 1217 1413 1263 et
1454 1224 1592 1279 opes
1635 1215 1692 1261 et
1725 1225 1889 1261 exer-

41 1293 154 1349 cita
183 1290 353 1346 malis
385 1288 609 1344 artibus
638 1286 899 1362 potentia
932 1286 1311 1344 timebantur.

205 1424 388 1483 XLV.
431 1422 859 1482 Reconciliavit
883 1423 1182 1498 paulisper
1211 1425 1401 1481 studia
1427 1436 1662 1499 patrum
1688 1422 1888 1484 habita

38 1514 100 1569 in
130 1523 334 1569 senatu
367 1509 622 1583 cognitio
654 1509 974 1564 secundum
1007 1520 1261 1566 veterem
1292 1530 1536 1567 morem.
1621 1510 1887 1568 Manlius

25 1734 279 1814 ,ceptatanh
301 1763 350 1798 ut
370 1753 415 1796 in
434 1752 664 1797 nonnullis
681 1752 796 1808 edd.)
811 1751 923 1795 Bud.

33 1815 164 1859 Rodl.
199 1813 296 1857 edd.
325 1812 428 1854 Put.
465 1811 531 1853 M.
568 1818 610 1852 et
632 1809 684 1851 V.
714 1808 923 1855 Beroald.

35 1877 158 1927 (cum
183 1870 326 1914 silent.
340 1867 473 1925 Vici.)
490 1867 585 1911 Ale.
600 1866 743 1910 Rhen.
761 1866 923 1923 (1533.)

32 1930 142 1975 Ald.
172 1925 349 1986 Micyll.
387 1934 429 1968 et
463 1925 622 1968 deinde
655 1924 780 1968 Pieh.
809 1924 922 1966 Ber-

31 2003 159 2044 negg.
181 2001 278 2042 sqq.
335 1982 822 2049 Eandem-scripturam
846 1980 920 2048 Li-

30 2043 234 2133 essf-5¹¹
268 2041 424 2138 Ρὴοὶῑ
449 2037 810 2139 3}?¹‘;.-⁵.{>'.2²22÷5,;>
829 2055 922 2151 <321

28 2103 228 2214 giiitmn)
273 2114 392 2198 Ιξὲἔὶο
415 2116 499 2197 (iles.
563 2153 666 2197 edd.
718 2152 919 2196 Rhenani

29 2216 187 2266 altera,
209 2212 367 2271 Lipsii‚
393 2209 590 2254 Gruteri.
613 2238 671 2246 —
711 2218 921 2266 coeptam

31 2277 316 2339 voluptatem
367 2269 468 2313 MS.
519 2267 628 2326 Reg.
693 2267 762 2311 ed.
814 2268 920 2326 Spi-

30 2347 189 2375 fensts.

87 2444 333 2488 Octavium
364 2441 613 2493 Sagittam.
692 2438 768 2482 Sic
812 2438 915 2480 edd.

27 2503 168 2547 Rhen.
198 2500 296 2544 Ald.
322 2515 422 2556 sqq.
474 2497 530 2540 cs.
554 2495 639 2538 An.
666 2495 732 2544 13,
757 2495 826 2538 44.
858 2519 915 2527 —

29 2562 268 2603 Octavium
286 2558 510 2603 Sabinum
524 2552 755 2610 Sagittam
780 2553 914 2596 MSS.

25 2620 147 2662 Flor.
169 2618 281 2672 (test.
301 2611 448 2664 Pich.)
478 2609 630 2654 Guelf.
650 2610 769 2652 Harl.
786 2610 915 2654 Bodt.

26 2676 110 2719 les.
139 2674 280 2718 Corb.
306 2672 412 2728 Agr.
440 2669 554 2711 Bud.
591 2668 688 2710 edd.
713 2667 813 2710 Put.
848 2668 915 2709 M.

25 2742 66 2776 et
99 2732 153 2775 V.
188 2728 394 2773 Beroald.
437 2728 558 2782 (cum
595 2726 738 2767 silent.
776 2725 912 2779 Viet.)

25 2789 128 2835 Ale.
154 2797 195 2830 et
219 2787 395 2831 Broter.
443 2812 500 2828 -.--
563 2782 795 2825 octauum
827 2797 911 2823 sa-

23 2848 181 2889 binum
216 2844 421 2896 sagitam
453 2842 522 2883 ed.
549 2840 666 2896 Spir.
731 2839 780 2881 ln
813 2839 912 2882 MS.

23 2903 132 2961 Reg.
162 2900 400 2955 Sagittam
436 2899 528 2940 non
563 2896 738 2953 legitur.
798 2896 911 2939 Satis

24 2957 267 3005 verisimile
306 2964 371 2999 est
406 2955 514 2997 olim
553 2954 640 2996 buc
677 2953 914 3012 inrepsisse

23 3009 247 3060 Sabinam
311 3029 393 3070 pro
455 3012 692 3066 Sagittam
714 3025 729 3054 .·
809 3011 912 3053 dein

22 3071 323 3117 emendatoris
374 3085 557 3114 manum
608 3083 659 3110 ex
710 3069 803 3112 An.
849 3067 914 3119 13,

21 3132 92 3175 44.
151 3128 370 3173 addidisse
432 3125 671 3180 Sagittam
727 3141 913 3182 eamque
964 3155 969 3162 s

21 3187 348 3232 coi-rectionem
394 3199 498 3228 cum
548 3189 756 3226 contextu
805 3197 913 3226 coa-

21 3245 169 3289 luisse.

74 3358 301 3403 senatorii
318 3356 513 3408 ordinis,
541 3369 770 3410 egressos.
812 3354 915 3399 MS.

21 3415 130 3474 Agr.
182 3415 252 3459 ed.
301 3413 419 3472 Spir.
472 3414 707 3456 senatorio
755 3414 920 3455 ordine

21 3487 249 3575 ξῇιᾶῖὶςτξιε.
309 3472 413 3518 MS.
436 3471 543 3528 Agr.
573 3479 673 3514 aute
699 3472 918 3515 exsilium

1051 1751 1273 1795 Pontiam
1350 1753 1646 1797 Postumiam
1719 1763 1886 1811 stupro

994 1813 1242 1863 cognitam.
1301 1811 1383 1855 Ed.
1401 1812 1518 1870 Spir.
1545 1812 1761 1855 Pone-iam
1781 1827 1886 1867 pos-

992 1870 1133 1909 sitam
1179 1877 1288 1910 astu
1328 1871 1700 1924 praecognitam.
1780 1870 1884 1915 MS.

994 1926 1102 1981 Agr.
1128 1925 1348 1968 Pontiam
1368 1929 1573 1981 positam
1597 1929 1643 1970 in
1667 1944 1699 1970 a
1721 1934 1884 1977 stupro

992 1983 1240 2037 cognitam.
1303 1985 1467 2027 lWanus
1502 1984 1695 2027 secunda
1720 1984 1883 2027 delevit

993 2040 1042 2081 in
1072 2040 1417 2095 emendavitque
1453 2057 1509 2083 ac
1543 2049 1721 2095 stupro.
1791 2041 1882 2084 Pro

992 2097 1287 2139 Postumiam
1311 2098 1412 2141 MS.
1439 2097 1590 2140 Guelf.
1620 2098 1660 2153 (a
1687 2098 1883 2141 secunda

991 2155 1148 2207 manu)
1195 2154 1297 2198 edd.
1332 2155 1538 2198 Beroald.
1574 2158 1696 2210 (cum
1735 2156 1882 2199 silent.

992 2210 1129 2266 Vict.)
1162 2211 1261 2255 Ale.
1296 2212 1436 2255 Rhen.
1462 2213 1564 2255 Atd.
1597 2213 1771 2271 Micyll.
1807 2229 1882 2255 ex—

989 2268 1144 2311 hibent
1184 2270 1527 2313 posthumium.
1588 2269 1646 2314 cf.
1689 2279 1782 2314 not.
1825 2269 1879 2313 ad

991 2328 1081 2368 An.
1117 2330 1155 2377 1,
1188 2326 1229 2370 3.
1297 2327 1366 2369 De
1410 2344 1458 2370 re
1490 2327 1549 2371 cf.
1582 2327 1672 2371 An.
1710 2327 1777 2378 13,
1810 2327 1881 2369 44.

987 2383 1057 2425 De
1083 2384 1268 2426 Sosiano
1294 2385 1380 2429 vid.
1404 2386 1493 2428 An.
1518 2385 1584 2436 16,
1613 2385 1679 2428 14.

1044 2499 1205 2539 multis
1229 2499 1474 2541 exitiosus.
1536 2498 1619 2541 Ed.
1644 2498 1762 2555 Spir.
1785 2499 1897 2540 mi·-v

987 2555 1082 2596 litis
1105 2571 1186 2612 pso
1209 2558 1380 2607 multis,
1406 2557 1574 2613 vulgari
1596 2554 1877 2598 confusione.

988 2611 1047 2654 (ts.
1075 2619 1169 2654 nol.
1197 2612 1249 2655 ad
1274 2613 1364 2656 An.
1398 2614 1464 2662 15,
1487 2614 1557 2656 29.
1581 2612 1651 2655 51.
1685 2622 1728 2655 et
1761 2613 1880 2658 alibi.

987 2669 1153 2712 Eadem
1191 2669 1261 2712 ed.
1297 2669 1413 2728 Spir.
1451 2674 1576 2723 opud
1611 2669 1880 2713 Matianum

988 2741 1071 2783 pro
1107 2741 1219 2780 erga
1250 2726 1535 2770 Mucianum.
1596 2727 1694 2769 Seri
1731 2737 1879 2771 turam

987 2783 1229 2825 Mucianus
1253 2800 1337 2843 pro
1364 2785 1600 2827 Matianus·
1632 2793 1672 2826 et
1696 2743 1766 2828 iiic
1791 2784 1879 2830 loci

986 2840 1212 2883 Victorius
1242 2841 1386 2886 codici
1418 2842 1682 2886 Florentino
1713 2841 1880 2900 ubique

985 2898 1200 2941 vindicat.

1042 3010 1158 3055 CAP.
1185 2991 1256 3054 45.
1316 3013 1529 3069 cognitio.
1588 3012 1690 3058 MS.
1723 3012 1876 3058 Guelf.

984 3070 1183 3125 cognito.
1936 3092 1939 3094 ·

1044 3184 1260 3228 Manlius.
1319 3182 1397 3227 Sic
1429 3185 1567 3230 MSS.
1599 3187 1719 3240 Flor.
1755 3189 1872 3242 (test.

985 3241 1144 3301 Ryclr.)
1178 3241 1328 3285 Guelf.
1362 3241 1475 3286 Bud.
1508 3243 1611 3287 edd.
1644 3243 1747 3287 Put.
1779 3261 1875 3302 sqq.

989 3315 1093 3342 cum
1128 3298 1304 3342 silentio
1337 3299 1547 3343 Victorii.
1592 3326 1646 3336 --
1703 3301 1877 3345 Mallus

989 3354 1058 3399 cd.
1094 3355 1215 3414 Spir.
1264 3383 1321 3393 -—
1398 3357 1590 3403 Mallius
1629 3358 1728 3402 MS.
1763 3361 1873 3417 Agr.

992 3414 1122 3468 Quae
1154 3414 1400 3471 scripturae
1426 3414 1619 3460 varietas·
1640 3424 1738 3459 orta
1765 3426 1830 3460 est
1852 3434 1876 3459 e

991 3471 1261 3571 corqpendio
1315 3471 1488 3516 Matius
1510 3505 1523 3523 ,
1593 3473 1754 3517 omissa
1817 3473 1873 3520 li-

993 3544 1077 3573 neo
1101 3545 1139 3572 a.
1804 3550 1813 3553 ·
