2138 4030
165 267 218 306 Α.
234 267 290 304 U.
305 265 390 302 823.

165 312 219 347 A.
237 311 287 349 C.
331 310 393 348 70.

575 263 750 328 Lm.
777 262 897 345 ¹111.
966 262 1162 330 CAP.
1195 265 1300 331 66.
1323 267 1434 339 67.
1800 273 1925 338 335

81 405 310 463 deceret
325 446 343 471 ‚
398 395 801 481 desperatione
839 395 1043 466 saltem
1078 395 1144 452 in
1168 385 1486 465 *audaciam
1510 398 1927 476 accingeretur.

79 483 338 566 perstare
359 484 639 552 militem,
679 499 977 555 superesse
1008 481 1202 538 studia
1221 482 1448 557 populi.
1531 482 1804 566 Denique
1831 491 1931 548 ni·-

80 571 170 630 hil
201 571 456 631 atrocius
494 576 874 633 eventurum,
939 586 1118 641 quam
1165 566 1232 622 in
1282 569 1443 643 quod
1481 583 1688 643 sponte
1730 588 1929 635 ruant.

79 656 458 715 moriendum
477 651 647 710 victis
663 697 679 719 ,
704 650 1079 706 moriendum
1106 651 1345 708 deditis:
1389 652 1453 710 id
1478 655 1670 711 solum
1692 661 1950 730 referre,-

79 742 473 801 novissimum
515 735 791 812 spiritum
829 755 937 811 per
969 735 1297 795 ludibrium
1335 749 1393 797 et
1427 743 1810 802 contumelias
1843 747 1931 805 ef..

77 828 334 886 fundant
359 845 437 901 an
461 843 568 899 per
590 821 911 883 virtutem.>

247 942 499 1010 LXVII.
556 941 784 1001 Surdae
832 942 907 998 ad
930 911 1127 999 'fortia
1170 944 1415 1002 consilia
1451 941 1695 1002 Vitellio
1726 937 1929 1011 aures,

79 1034 443 1093 obruebatur
479 1028 712 1086 animus
746 1026 1124 1084 miseratione
1164 1048 1451 1106 curaque,
1500 1050 1578 1087 ne
1611 1031 1930 1106 pertinaci-

79 1123 193 1178 bus
235 1117 416 1175 armis
452 1114 651 1170 minus
687 1112 1036 1187 placabilem
1073 1113 1356 1170 victorem
1392 1115 1756 1192 relinqueret
1786 1138 1932 1176 con-

81 1205 205 1279 iugi
229 1223 295 1260 ac
320 1199 541 1258 liberis.
626 1194 775 1255 Erat
798 1197 889 1253 illi
915 1208 971 1254 et
999 1198 1146 1253 fessa
1175 1209 1359 1256 aetate
1380 1220 1624 1275 parem,
1666 1222 1817 1278 quae
1840 1214 1933 1262 ta-

79 1309 220 1347 men
254 1286 456 1364 paucis
494 1294 630 1340 ante
670 1282 878 1338 diebus
910 1294 1245 1357 opportuna
1280 1296 1468 1343 morte
1502 1286 1794 1344 excidium
1819 1288 1933 1347 do-

80 1393 213 1433 mus
262 1370 602 1448 praevenit,
686 1363 844 1423 nihil
905 1367 1242 1443 principatu
1310 1369 1420 1426 filii
1482 1371 1753 1429 adsecuta
1812 1374 1933 1433 nisi

82 1475 312 1531 luctum
349 1481 405 1526 et
441 1468 662 1523 bonam
698 1465 935 1524 famam.
1022 1464 1152 1523 XV.
1177 1466 1310 1524 Kal.
1332 1466 1574 1529 Ianuar.
1600 1471 1802 1528 audita
1827 1472 1934 1529 de-

78 1558 332 1615 fectione
353 1551 602 1626 legionis
633 1546 1110 1627 cohortiumque,
1152 1573 1300 1628 quae
1328 1574 1386 1610 se
1405 1554 1663 1612 Narniae
1688 1557 1935 1627 dedide-

56 1649 248 1741 rant,
309 1639 476 1717 pullo
525 1636 744 1693 amictu
789 1636 1008 1711 palatio
1057 1638 1394 1711 degreditur
1439 1651 1658 1699 maesta
1710 1642 1932 1701 circum

860 1868 971 1923 quin
1102 1870 1214 1916 CAP.
1235 1871 1306 1916 67.
1338 1887 1491 1918 aures.
1522 1874 1808 1918 obruebatur
1825 1876 1936 1920 ani-

1043 1948 1150 1979 mus
1184 1940 1270 1976 etc.
1328 1930 1415 1975 Ed.
1445 1931 1562 1989 Spir.
1591 1947 1738 1977 aures
1765 1933 1937 1977 obrue-

84 1877 230 1923 dices,
280 1870 379 1917 edd.
420 1870 545 1916 Put.‘
571 1884 670 1927 sqq.
730 1892 788 1902 —

84 1940 135 1977 ut
168 1964 182 1977 .
208 1965 218 1975 .
244 1962 257 1974 .
291 1933 481 1983 degeret
518 1926 655 1970 MSS.
690 1925 811 1969 Flor.
857 1927 972 1979 (test.

83 1990 221 2046 Vici.)
254 1987 362 2044 Reg.
396 1986 536 2030 Corb.
569 1985 642 2028 ed.
676 1983 821 2040 Spir.,
860 1998 974 2038 quae

82 2050 331 2092 litterarum
359 2061 380 2087 c
400 2052 441 2086 et
463 2058 494 2096 g
514 2039 782 2099 permutatio
805 2040 864 2084 ita
886 2040 974 2081 fre-

83 2120 224 2164 quens
250 2111 337 2150 est‚
367 2109 416 2144 ut
438 2100 500 2142 nil
522 2115 606 2141 nos
626 2105 845 2140 moretur.
898 2095 974 2139 Ni-

81 2162 246 2206 mirum
268 2167 435 2202 veteres
460 2156 652 2199 litteram
688 2170 711 2196 c
736 2170 829 2196 non
863 2169 971 2212 pro-

82 2218 346 2264 nuntiabant
370 2232 395 2257 z
420 2222 466 2256 ut
489 2220 734 2258 nostrates,
763 2211 838 2254 sed
861 2219 911 2253 ut
929 2210 974 2252 lt.

82 2278 172 2323 Iac.
190 2273 453 2318 Gronovius
477 2288 500 2313 e
525 2268 654 2313 Flor.
677 2267 877 2326 prodidit
899 2271 973 2309 de·

82 2339 216 2378 cer-et.
265 2330 366 2373 MS.
388 2328 497 2386 Agr.
520 2326 790 2380 negligeret.
843 2323 974 2380 Quae

79 2391 304 2435 librorum
326 2386 517 2432 varietas
541 2384 648 2429 viris
669 2383 814 2426 doctis
839 2397 971 2426 occa·

80 2450 255 2493 sionem
286 2444 489 2502 praebuit
518 2440 642 2486 varia
675 2438 974 2483 coniectandi.

80 2504 256 2564 Lipsius
270 2507 443 2557 tegeret
454 2516 468 2550 ,-
487 2495 838 2542 lac.Gronovius
850 2499 972 2538 dele-

81 2570 152 2606 ret
167 2578 183 2613 ;
208 2559 424 2603 Trillerus
439 2553 714 2605 Obsewmss,
730 2556 796 2598 10.
820 2570 861 2610 p.
877 2552 975 2596 194.

80 2623 311 2663 desereret
334 2616 399 2658 vel
426 2618 684 2656 deterreret
712 2613 779 2654 vel
810 2614 974 2654 deme-

80 2684 155 2720 ret
178 2674 252 2723 vel
277 2679 518 2716 temneret.
539 2709 541 2713 .
583 2666 731 2711 Vomk
753 2669 808 2712 ad
833 2667 973 2712 Sedu-

80 2733 192 2778 lium
225 2732 267 2785 S,
298 2731 371 2773 42.
399 2729 643 2785 foedaret.
726 2725 814 2769 Sed
859 2723 970 2768 nihil

80 2791 253 2847 vulgata
289 2787 509 2844 scriptura
540 2783 699 2827 melius
733 2780 974 2841 excogitari

81 2854 243 2906 potest.

139 2933 186 2973 in
217 2928 480 2971 audaciam.
539 2924 623 2969 Ed.
653 2924 770 2982 Spir.
801 2924 867 2966 in'
885 2939 968 2966 αυ-

80 2989 232 3032 dacia.

139 3056 436 3100 moriendum
482 3053 633 3104 victtk,
679 3051 973 3094 moriendum

80 3114 269 3160 deditis.
326 3113 379 3156 ln
390 3108 635 3154 MS.Bodl.
658 3108 818 3152 desunt
838 3107 972 3150 verba

81 3172 377 3216 moriendum
407 3169 550 3212 victis,
630 3164 801 3209 Contra
834 3163 972 3209 MSS.

81 3227 238 3273 Guelf.
250 3225 373 3270 Harl.
388 3224 599 3268 les.Bud.
620 3222 738 3280 negli
772 3230 853 3264 unt
876 3237 972 3264 mo-

81 3288 301 3331 riendum
320 3283 510 3331 deditis,
563 3279 714 3324 uaein
773 3277 882 3323 uelf.
906 3295 971 3322 se·

79 3343 228 3388 cunda
248 3354 407 3384 manus
427 3337 531 3382 addi
566 3338 598 3382 it
616 3335 825 3394 margini.
855 3335 971 3380 Edd.

80 3401 235 3444 locum
255 3396 408 3442 fea-unt
429 3395 655 3453 integrum
683 3393 806 3448 (cum
832 3392 970 3437 silen-

81 3458 144 3501 tio
167 3453 390 3510 Victorii).

137 3533 181 3567 et
198 3524 518 3568 contumelias.
579 3521 662 3566 Ed.
684 3519 802 3578 Spir.
823 3529 868 3564 et
887 3533 974 3574 per

83 3583 398 3626 contumelias.

1045 1997 1230 2035 bantur.
1287 1990 1486 2032 Animus
1509 1996 1597 2034 etc.

1099 2118 1154 2145 ac
1185 2100 1356 2144 liberis.
1424 2099 1501 2143 Sic
1531 2099 1633 2143 edd.
1662 2099 1695 2143 S
1730 2062 1784 2143 ir.
1815 2099 1936 2145 Rhe-

1043 2176 1150 2204 nan.
1176 2175 1276 2216 sqq.
1309 2182 1363 2192 --
1423 2165 1469 2200 et
1489 2159 1644 2201 liberis
1722 2158 1769 2210 S.
1786 2156 1938 2203 Guelf.

1044 2213 1546 2330 ξίῗέ...Ρθξ;.ὲζἎῗὲ.ν·
1568 2213 1776 2260 Βθωὸω·
1814 2216 1939 2271 ‘⁰⁰¹¹‘

1100 2393 1203 2428 erat
1235 2385 1303 2426 illi
1333 2389 1380 2426 et
1406 2383 1533 2436 fessa
1564 2389 1724 2426 aetate
1757 2398 1940 2440 parens
2003 2370 2010 2382 Ἄ

1044 2452 1128 2487 etc.
1166 2441 1226 2488 ef.
1251 2440 1439 2484 Sueton.
1464 2439 1559 2484 Vit.
1582 2455 1625 2485 c.
1655 2440 1725 2484 14.
1938 2452 1943 2459 ’

1100 2552 1222 2595 nihil
1237 2552 1519 2606 principatu.
1579 2548 1681 2593 MS.
1699 2550 1838 2596 Corb.
1862 2552 1938 2600 ed.

1043 2610 1165 2668 Spir.
1204 2617 1250 2652 et
1287 2610 1406 2651 nihil
1442 2623 1467 2650 e
1497 2609 1780 2663 principatu.
1850 2610 1945 2656 Ed:

1046 2667 1163 2725 Spir.
1192 2666 1325 2710 etiam
1342 2666 1456 2722 filia
1518 2681 1569 2708 ro
1591 2665 1709 2721 filii,
1753 2674 1937 2713 attracta

1042 2724 1241 2782 proxima
1267 2723 1426 2767 littera.
1485 2682 1598 2764 Ii‘lox
1619 2722 1778 2767 eadem
1802 2738 1938 2784 nuga.

1043 2792 1141 2825 tur:
1171 2783 1337 2824 audita
1359 2779 1619 2835 desectione
1641 2781 1843 2835 legiones
1866 2791 1938 2825 0²0·

1044 2840 1253 2884 hortium
1277 2852 1455 2896 quoque
1484 2851 1532 2881 se
1556 2839 1768 2882 Narniae
1797 2842 1938 2884 dede-

1046 2904 1172 2943 runt.

1097 3008 1244 3063 pullo.
1306 2978 1412 3048 MS..
1431 3002 1585 3050 Guelf.
1601 3009 1730 3062 pulo.

1470 3115 1547 3161 Sic
1613 3116 1753 3163 MSS.
1813 3119 1934 3168 Bud.

1046 3171 1197 3216 Guelf.
1212 3172 1350 3217 Corb.
1371 3173 1472 3217 edd.
1484 3172 1744 3220 Rhen.Ald.
1757 3193 1856 3236 sqq.
1883 3205 1937 3216 «-

1043 3231 1301 3286 digreditur
1322 3230 1426 3274 edd.
1451 3231 1570 3289 Spir.
1595 3231 1697 3276 Put.
1715 3235 1788 3278 M.
1810 3245 1855 3279 et
1875 3235 1934 3280 V.

1043 3286 1253 3332 Beroald.
1296 3289 1418 3342 (cum
1465 3289 1612 3335 silent.
1648 3289 1787 3348 Vici.)
1827 3290 1935 3338 Alc.

1043 3345 1303 3400 Utrumque
1337 3353 1482 3403 potest
1515 3346 1670 3391 locum
1713 3348 1934 3393 obtinere.

1043 3402 1329 3456 Degreditur
1349 3418 1402 3445 eo
1422 3404 1631 3462 respicit,
1662 3405 1785 3464 quod
1809 3422 1832 3449 e
1852 3421 1932 3463 pa-

1045 3459 1153 3502 latio
1173 3457 1474 3504 descenditur.
1517 3460 1846 3513 cf.-*An.18‚14.
1875 3486 1935 3497 —-

1044 3516 1301 3569 digreditur
1324 3519 1514 3562 omnino
1540 3518 1708 3563 abitum
1723 3553 1735 3571 ,
1766 3519 1936 3565 disces-

1046 3590 1146 3617 sum
1169 3571 1402 3630 significat.

1066 3094 1068 3096 .
1100 3117 1380 3169 degreditur.
