2138 4030
148 275 200 312 A.
220 275 273 312 U.
292 272 377 311 823.

147 319 271 359 rc.
316 318 378 355 ⁷0.
653 274 825 341 LIB.
865 274 910 336 I.
990 271 1188 337 CAP.
1219 274 1322 335 47.
1835 282 1915 340 69

227 395 474 466 XLVII.
528 401 748 461 Exacto
786 424 892 480 per
927 403 1142 460 scelera
1175 404 1272 460 die
1304 404 1690 464 novissimum
1727 412 1913 469 malo..

60 515 194 552 rum
215 493 331 550 fuit
353 490 588 549 laetitia.
676 488 864 546 Vocat
887 501 1154 547 senatum
1182 501 1420 564 praetor
1444 491 1724 553 urbanuS.
1789 516 1915 552 cer.

59 590 188 638 tant
209 576 647 635 adulationibus
675 574 852 631 ceteri
873 574 1262 647 magistratus,
1349 574 1674 633 adcurrunt
1696 592 1910 652 patres:

58 663 392 722 decernitur
415 655 651 717 Othoni
683 659 1004 716 tribunicia
1040 666 1293 734 potestas
1328 671 1386 717 et
1415 679 1635 716 nomen
1661 662 1912 736 Augusti

59 762 116 807 et
141 766 344 806 omnes
365 745 719 821 principum
756 740 1040 814 honoreS,
1082 744 1486 803 adnitentibus
1518 748 1741 802 cunctis
1768 750 1911 805 abo—

57 835 177 890 lere
209 831 477 891 convicia
513 850 579 886 ac
612 830 831 905 probra
844 860 866 899 ,ι
924 849 1073 905 quae
1107 829 1438 903 promiscue
1473 830 1620 886 iacta
1642 827 1911 889 ‘haesisse

57 919 255 975 animo
281 917 407 972 eius
438 935 612 972 nemo
639 915 836 973 sensit.
923 913 1219 970 omisisset*
1249 914 1500 970 offensas
1533 936 1609 971 an
1647 917 1911 974 distulis-

57 1014 174 1072 set,
217 999 759 1074 hrevitateimperii
786 1000 851 1054 in
875 1000 1098 1056 incerto
1122 998 1253 1058 fuit.
1339 996 1507 1056 Otho
1535 1013 1776 1058 cruento
1805 1004 1911 1059 ad-

56 1084 174 1165 buc
196 1087 325 1142 foro
349 1107 456 1161 per
479 1097 727 1157 stragem
754 1084 1071 1143 iacentium
1100 1084 1164 1138 in
1179 1079 1540 1158 Capitolium
1566 1098 1739 1162 atque
1768 1087 1906 1144 inde

56 1173 119 1228 in
152 1172 437 1247 palatium
470 1181 668 1226 vectus
701 1169 943 1225 concedi
977 1189 1224 1242 corpora
1263 1170 1595 1244 sepulturae
1633 1174 1909 1228 cremari-

55 1277 168 1333 que
199 1255 481 1331 permisit.
566 1253 843 1310 Pisonem
868 1252 1127 1309 Verania
1166 1275 1315 1310 uxor
1351 1275 1416 1310 ac
1452 1256 1632 1312 frater
1666 1256 1908 1314 Scribo-

56 1342 296 1410 nianUS‚
344 1338 416 1399 T.
446 1337 690 1394 Vinium
714 1336 987 1413 Crispina
1022 1339 1144 1394 filia
1177 1351 1586 1415 composuere,
1630 1342 1906 1418 quaesitis

52 1597 134 1640 nisi
161 1594 444 1639 necessitudo
471 1594 667 1638 hominis
699 1596 772 1641 vel
806 1596 939 1644 ratio,

50 1670 136 1712 qua
170 1654 310 1695 utitur
344 1668 445 1718 erga
478 1653 713 1695 dominum
749 1662 792 1696 et
822 1668 938 1710 quae

1067 1600 1289 1650 haesisse.
1352 1595 1489 1645 rMS.
1534 1597 1686 1644 Guelf.
1740 1604 1905 1654 exisse,

1011 1654 1056 1698 i'n
1101 1665 1333 1699 contextu:
1396 1657 1443 1699 in
1494 1657 1695 1717 margine
1748 1660 1901 1702 eadem

47 1711 151 1754 inde
173 1710 315 1752 oritur
334 1708 535 1752 elusdem
559 1709 778 1753 conditio.
840 1711 940 1752 Hoc
1012 1729 1150 1756 manu
1175 1715 1360 1758 hes-'ssa

48 1770 151 1812 satis
173 1782 330 1813 verum
357 1775 422 1809 est
449 1766 656 1810 libertum
689 1783 786 1810 non
813 1768 934 1825 cogi·

46 1826 129 1868 tari
169 1824 264 1867 sine
307 1823 518 1875 domino,
571 1823 651 1882 qui
683 1824 936 1867 libertatem

48 1882 342 1929 concesserit,
376 1889 419 1924 et
449 1880 503 1924 ad
537 1897 669 1939 quem
700 1890 750 1924 ut
779 1890 936 1939 patro-

46 1950 157 1982 num
180 1938 254 1981 ille
284 1937 517 1996 pertineat.
577 1937 818 1983 Ea*tamen
841 1955 942 1990 non,

46 2006 110 2040 est
137 2012 267 2040 causa
295 1995 400 2038 satis
430 1995 615 2042 idonea,
647 2004 696 2037 ut
727 2005 935 2054 putemus

45 2052 299 2097 necessario
342 2051 507 2108 ubique
549 2067 717 2094 nomen
759 2052 932 2094 domini

43 2111 174 2160 addi,
222 2109 349 2152 cuius
383 2109 481 2166 quis
506 2108 703 2152 libertus
737 2109 936 2152 dicatur:

77 2183 164 2211 uan
200 2183 299 2210 uam
344 2164 417 2210 hic
461 2167 564 2209 satis
603 2175 722 2225 patet
764 2165 934 2211 Icelum

45 2183 136 2268 dici
183 2225 402 2270 ‚ibertum
454 2223 615 2266 domus
661 2222 935 2282 principalis,

45 2298 149 2326 cum
171 2297 260 2340 qua
282 2295 307 2323 a
330 2279 470 2324 Galba
496 2280 587 2323 iam
617 2280 848 2325 transierat
877 2281 934 2324 ad

46 2339 294 2383 Othonem.
354 2336 414 2382 cf.
427 2335 535 2382 infr.
553 2338 702 2390 294..
729 2337 805 2381 uh'i
828 2346 933 2381 sunt

43 2398 203 2440 liberti
221 2397 481 2451 principum
511 2411 574 2438 sc.
595 2396 828 2457 priorum,
856 2395 932 2453 qui

45 2469 148 2498 cum
195 2452 445 2510 principatu
486 2452 538 2494 ab
571 2455 658 2496 alio
700 2453 763 2495 ad'
797 2453 932 2495 alium

44 2509 315 2557 transibant,
348 2517 388 2551 et
410 2510 546 2560 4,1t.‚
569 2510 668 2553 ubi:
701 2511 934 2552 Asiaticus

45 2569 168 2612 enim
201 2567 262 2622 (Is
298 2567 550 2622 libertus).-
596 2567 764 2610 Similis
801 2566 932 2624 plane

44 2624 303 2683 disceptatio
333 2632 515 2667 auctore
543 2623 750 2668 Ernestio
781 2631 930 2667 exorta

46 2691 110 2726 est
152 2682 206 2725 ad
236 2681 422 2723 sueton.
458 2679 640 2739 Vespas.
686 2697 725 2725 c.
757 2681 828 2725 23.
872 2684 931 2723 de

47 2739 212 2782 Cer-ulo
245 2739 430 2788 liberto,
463 2738 538 2780 ubi
567 2738 800 2781 Ernestius
831 2754 930 2780 cor·

43 2796 155 2838 rexit
185 2795 424 2846 libertino,
458 2794 564 2852 quia
592 2810 687 2838 non
718 2795 931 2839 credibile

42 2855 56 2897 i
90 2854 124 2896 si
159 2851 394 2898 videbatur
429 2851 682 2910 Vespasiani
716 2853 929 2896 libertum

65 2910 178 2954 uisse
205 2907 435 2953 Gerulum.
505 2911 564 2953 At
594 2908 678 2951 fuit
711 2909 784 2953 ille
817 2927 840 2954 e
877 2909 928 2953 li·

42 2965 482 3023 bertisprincipum‚
512 2982 626 3025 quos
647 2965 809 3011 Graeci
845 2982 934 3013 vo-

44 3033 147 3067 c-ant
170 3026 485 3079 Καισαρείους.
533 3023 592 3068 cf.
613 3022 849 3068 Reimarus
875 3026 929 3068 ad

43 3079 182 3125 Dion·
219 3081 287 3131 56,
308 3079 380 3124 82.
441 3080 543 3125 vid.
580 3081 713 3124 etiam
747 3090 840 3125 not.
875 3083 928 3126 ad

45 3137 202 3181 Germ.
224 3153 263 3181 c.
284 3137 357 3180 25.

100 3252 214 3296 CAP.
241 3251 313 3294 47.
367 3253 615 3295 malorum.
674 3251 775 3297 Hoc
805 3252 929 3296 deest

46 3308 92 3351 in
114 3307 214 3351 MS.
238 3308 319 3351 les.
379 3308 502 3350 Idem
523 3308 636 3352 liber
661 3309 735 3353 dat
766 3324 926 3352 occur-

46 3374 155 3408 runt
181 3381 264 3424 pro
285 3369 563 3409 adcurrunt.
631 3365 740 3408 Mox
765 3368 924 3411 convi-

45 3424 116 3464 cia
135 3438 191 3465 oc
215 3426 391 3477 probra
412 3430 518 3464 sunt
537 3438 558 3465 s
576 3437 807 3479 monynia.
869 3423 928 3467 cf.

46 3477 182 3529 Roth.
204 3495 247 3537 p.
271 3481 310 3523 8.
369 3479 472 3523 Vid.
493 3480 541 3522 in
565 3496 602 3522 r.
626 3479 666 3531 2,
689 3481 759 3564 (12.
793 3479 834 3532 8,
859 3483 925 3525 10.

105 3595 238 3642 iacta.
298 3594 398 3640 MS.
416 3593 522 3650 Reg,
552 3594 619 3641 ed.
642 3593 757 3654 Spir.
779 3602 899 3641 noca.

1662 1798 1740 1842 Sic
1794 1798 1898 1842 MS.

1008 1854 1162 1899 Guelf.
1185 1854 1284 1898 edd.
1306 1854 1432 1913 Spir.
1457 1855 1559 1898 Put.
1588 1855 1654 1899 M.
1676 1865 1716 1900 et
1738 1855 1794 1899 V.
1820 1857 1901 1899 Be-

1006 1912 1148 1956 roald.
1183 1916 1305 1967 (cum
1341 1912 1521 1956 silentio
1546 1913 1686 1968 Vi-ct.)
1718 1914 1816 1956 Alc.
1850 1942 1902 1950 --

1006 1969 1202 2012 Pichena
1233 1977 1419 2014 testatur.
1451 1970 1496 2012 in
1522 1969 1622 2013 MS.
1648 1971 1772 2014 Flor.
1814 1971 1898 2027 legi

1009 2027 1221 2068 omisisse
1257 2034 1323 2070 tac
1355 2028 1543 2082 sensas.
1632 2029 1735 2071 MS.
1779 2029 1898 2071 Bud.

1007 2084 1215 2126 omisisse
1248 2091 1316 2125 tot
1349 2085 1582 2138 offensas:
1627 2086 1746 2129 unde
1777 2086 1896 2129 Rhe-

1006 2157 1149 2183 nanus
1190 2141 1401 2184 vocuiam
1448 2150 1514 2183 tot
1557 2144 1780 2186 contextui
1826 2143 1897 2186 in-

1006 2207 1229 2251 seruerat3
1257 2198 1420 2256 expulit
1440 2198 1652 2244 Pichena.

1506 2284 1582 2327 Sic,
1613 2283 1749 2328 MSS.
1784 2287 1893 2342 Agr.

1006 2338 1144 2383 Corb.
1175 2340 1275 2383 edd.
1291 2339 1409 2397 spir.
1427 2340 1700 2385 Lallemand.
1720 2341 1895 2385 Ernest.

1005 2396 1183 2439 Broter.
1208 2413 1308 2454 sqq.
1333 2426 1391 2433 —
1431 2412 1517 2451 per
1545 2406 1724 2452 strages
1755 2399 1894 2444 MSS.

1006 2452 1156 2498 Guelf.
1183 2453 1295 2498 Bud.
1317 2455 1400 2505 ah,
1432 2455 1531 2498 edd.
1558 2455 1659 2498 Pur.
1687 2455 1893 2499 Beroatd.

1004 2512 1125 2565 (cum
1148 2511 1293 2554 silent.
1319 2512 1462 2566 vict.)
1497 2511 1599 2556 Alc.
1626 2512 1764 2556 Rhen.
1794 2529 1892 2578 sqq.

1003 2568 1160 2612 Plures
1192 2569 1326 2613 fuisse
1354 2570 1591 2612 iacentium
1621 2579 1793 2628 strages
1824 2571 1891 2614 {a—

1002 2625 1086 2670 cite
1118 2625 1387 2674 credideris,
1439 2642 1694 2683 quanquam
1737 2643 1893 2685 parum

1002 2681 1156 2726 refert.
1215 2683 1322 2725 Mox
1345 2683 1413 2725 ed.
1440 2684 1558 2738 Spir.
1580 2694 1721 2740 atque
1742 2688 1788 2727 in
1810 2702 1892 2729 ca-

998 2742 1243 2793 pitolium:
1270 2748 1412 2796 atque
1433 2743 1538 2783 inde
1563 2751 1648 2786 etc.

1068 1797 1299 1839 onnteisset
1355 1797 1571 1851 offensas.

1060 2296 1144 2335 per
1186 2291 1395 2336 stragem
1403 2315 1412 2324 .

1058 2841 1164 2882 inde
1192 2841 1237 2883 in
1266 2843 1523 2895 palatium.
1599 2841 1701 2886 MS.
1734 2841 1889 2887 Guelf.

1004 2899 1168 2941 omittit
1190 2898 1567 2957 praepositionem
1587 2902 1647 2942 in.

1060 2998 1247 3042 concedi
1267 3030 1277 3041 .
1296 3029 1308 3041 .
1330 3031 1342 3042 .
1366 2995 1592 3052 pei-misit.
1661 2998 1782 3044 Ilaec
1817 3001 1886 3044 di-'

1003 3056 1134 3099 cendi
1183 3055 1298 3099 ratio
1349 3055 1553 3114 displicet
1596 3056 1800 3102 Acidatio
1848 3068 1888 3102 et

1000 3112 1212 3164 Heinsio,
1251 3112 1346 3155 sine
1369 3127 1500 3157 causa
1523 3123 1649 3172 puto,
1721 3115 1888 3159 Similis

1000 3170 1132 3227 piane
1164 3169 1420 3227 tautoloffl'a·
1440 3170 1550 3215 viris
1582 3171 1725 3214 doctis
1760 3173 1887 3217 vide-

999 3230 1132 3271 batur
1163 3243 1256 3270 esse
1279 3228 1366 3270 An.
1387 3227 1430 3276 3,
1454 3227 1496 3271 3.
1520 3229 1567 3272 in
1588 3229 1800 3283 vperferre
1822 3263 1832 3273 .
1848 3263 1858 3274 .
1876 3264 1886 3275 .

999 3284 1235 3328 toleravit.
1281 3281 1384 3329 Vid.
1406 3285 1468 3329 ibi
1489 3293 1584 3329 not.
1646 3287 1770 3329 Otho
1792 3305 1885 3346 per·

999 3342 1121 3385 misit
1155 3340 1440 3392 custodibus,
1469 3351 1519 3388 ut
1556 3343 1710 3386 amicis
1740 3361 1886 3388 caeso-

1000 3415 1101 3441 rum
1130 3399 1430 3446 concederent
1452 3415 1642 3459 corpora
1664 3401 1719 3444 ad
1745 3404 1885 3460 sepul-

1001 3465 1144 3498 turam
1169 3464 1255 3500 etc.

1057 3537 1635 3596 acsraterScribon'anus.
1680 3540 1888 3601 Ed.spir.

1001 3613 1055 3640 ac
1066 3595 1255 3653 fratres
1273 3598 1646 3644 Scribonianum.
