<?xml version="1.0" encoding="UTF-8"?>
<!DOCTYPE html PUBLIC "-//W3C//DTD XHTML 1.0 Transitional//EN"
    "http://www.w3.org/TR/xhtml1/DTD/xhtml1-transitional.dtd">
<html xmlns="http://www.w3.org/1999/xhtml" xml:lang="en" lang="en">
 <head>
  <title>
</title>
<meta http-equiv="Content-Type" content="text/html;charset=utf-8" />
  <meta name='ocr-system' content='tesseract 3.04.00' />
  <meta name='ocr-capabilities' content='ocr_page ocr_carea ocr_par ocr_line ocrx_word'/>
</head>
<body>
  <div class='ocr_page' id='page_1' title='image "./operarecensuitet03taciuoft/operarecensuitet03taciuoft_0226.png"; bbox 0 0 2138 4030; ppageno 0'>
   <div class='ocr_carea' id='block_1_1' title="bbox 1688 265 1923 347">
    <p class='ocr_par' dir='ltr' id='par_1_1' title="bbox 1688 265 1923 347">
     <span class='ocr_line' id='line_1_1' title="bbox 1689 265 1921 301; baseline 0 0"><span class='ocrx_word' id='word_1_1' title='bbox 1689 266 1740 301; x_wconf 74' lang='lat' dir='ltr'><strong>A.</strong></span> <span class='ocrx_word' id='word_1_2' title='bbox 1762 265 1819 301; x_wconf 83' lang='lat' dir='ltr'><strong>U.</strong></span> <span class='ocrx_word' id='word_1_3' title='bbox 1836 266 1921 301; x_wconf 71' lang='lat'><strong>82³.</strong></span> 
     </span>
     <span class='ocr_line' id='line_1_2' title="bbox 1688 307 1923 347; baseline 0 -1"><span class='ocrx_word' id='word_1_4' title='bbox 1688 313 1740 346; x_wconf 79' lang='lat' dir='ltr'><strong>A.</strong></span> <span class='ocrx_word' id='word_1_5' title='bbox 1770 307 1817 345; x_wconf 91' lang='lat' dir='ltr'><strong>C.</strong></span> <span class='ocrx_word' id='word_1_6' title='bbox 1862 311 1923 347; x_wconf 86' lang='lat'><strong>70.</strong></span> 
     </span>
    </p>
   </div>
   <div class='ocr_carea' id='block_1_2' title="bbox 100 264 2022 2187">
    <p class='ocr_par' dir='ltr' id='par_1_2' title="bbox 131 264 2015 975">
     <span class='ocr_line' id='line_1_3' title="bbox 149 264 1431 333; baseline -0.003 0"><span class='ocrx_word' id='word_1_7' title='bbox 149 264 274 333; x_wconf 70' lang='lat'><strong>216</strong></span> <span class='ocrx_word' id='word_1_8' title='bbox 658 279 660 282; x_wconf 77' lang='grc'>’</span> <span class='ocrx_word' id='word_1_9' title='bbox 720 267 1431 331; x_wconf 78' lang='lat' dir='ltr'><strong>HISTORIARUM</strong></span> 
     </span>
     <span class='ocr_line' id='line_1_4' title="bbox 151 396 2012 476; baseline 0 -17"><span class='ocrx_word' id='word_1_10' title='bbox 151 396 650 459; x_wconf 67' lang='lat' dir='ltr'><strong>Othonianarumr</strong></span> <span class='ocrx_word' id='word_1_11' title='bbox 677 402 935 476; x_wconf 88' lang='lat' dir='ltr'><strong>partium</strong></span> <span class='ocrx_word' id='word_1_12' title='bbox 982 400 1174 458; x_wconf 89' lang='lat' dir='ltr'><strong>ducis:</strong></span> <span class='ocrx_word' id='word_1_13' title='bbox 1246 411 1305 457; x_wconf 88' lang='lat' dir='ltr'><strong>et</strong></span> <span class='ocrx_word' id='word_1_14' title='bbox 1349 398 1657 458; x_wconf 78' lang='lat' dir='ltr'><strong>Valerium</strong></span> <span class='ocrx_word' id='word_1_15' title='bbox 1702 398 2012 459; x_wconf 85' lang='lat' dir='ltr'><strong>Marinum</strong></span> 
     </span>
     <span class='ocr_line' id='line_1_5' title="bbox 151 483 2013 557; baseline 0 -13"><span class='ocrx_word' id='word_1_16' title='bbox 151 486 510 544; x_wconf 85' lang='lat' dir='ltr'><strong>destinatum</strong></span> <span class='ocrx_word' id='word_1_17' title='bbox 537 506 568 542; x_wconf 93' lang='lat' dir='ltr'><strong>a</strong></span> <span class='ocrx_word' id='word_1_18' title='bbox 598 484 791 557; x_wconf 87' lang='lat' dir='ltr'><strong>Galba</strong></span> <span class='ocrx_word' id='word_1_19' title='bbox 815 486 1117 544; x_wconf 90' lang='lat' dir='ltr'><strong>consulem</strong></span> <span class='ocrx_word' id='word_1_20' title='bbox 1151 483 1382 543; x_wconf 81' lang='lat' dir='ltr'><strong>distulit</strong></span> <span class='ocrx_word' id='word_1_21' title='bbox 1411 486 1580 543; x_wconf 85' lang='lat' dir='ltr'><strong>nulla</strong></span> <span class='ocrx_word' id='word_1_22' title='bbox 1614 485 1866 557; x_wconf 82' lang='lat' dir='ltr'><strong>offensa,-</strong></span> <span class='ocrx_word' id='word_1_23' title='bbox 1909 488 2013 544; x_wconf 89' lang='lat' dir='ltr'><strong>sed</strong></span> 
     </span>
     <span class='ocr_line' id='line_1_6' title="bbox 149 569 2013 645; baseline 0.001 -17"><span class='ocrx_word' id='word_1_24' title='bbox 149 572 356 630; x_wconf 89' lang='lat' dir='ltr'><strong>mitem</strong></span> <span class='ocrx_word' id='word_1_25' title='bbox 400 572 461 630; x_wconf 57' lang='lat' dir='ltr'><strong>et&#39;</strong></span> <span class='ocrx_word' id='word_1_26' title='bbox 505 571 787 629; x_wconf 89' lang='lat' dir='ltr'><strong>iniuriam</strong></span> <span class='ocrx_word' id='word_1_27' title='bbox 833 571 1088 645; x_wconf 83' lang='lat' dir='ltr'><strong>segniter</strong></span> <span class='ocrx_word' id='word_1_28' title='bbox 1121 571 1399 631; x_wconf 87' lang='lat' dir='ltr'><strong>laturum.</strong></span> <span class='ocrx_word' id='word_1_29' title='bbox 1502 569 1802 629; x_wconf 88' lang='lat' dir='ltr'><strong>Pedanius</strong></span> <span class='ocrx_word' id='word_1_30' title='bbox 1833 570 2013 630; x_wconf 84' lang='lat' dir='ltr'><strong>Costa</strong></span> 
     </span>
     <span class='ocr_line' id='line_1_7' title="bbox 150 655 2015 732; baseline 0 -18"><span class='ocrx_word' id='word_1_31' title='bbox 150 656 476 727; x_wconf 84' lang='lat' dir='ltr'><strong>omittitur,</strong></span> <span class='ocrx_word' id='word_1_32' title='bbox 518 657 783 732; x_wconf 86' lang='lat' dir='ltr'><strong>ingratus</strong></span> <span class='ocrx_word' id='word_1_33' title='bbox 818 656 1079 732; x_wconf 82' lang='lat' dir='ltr'><strong>principi</strong></span> <span class='ocrx_word' id='word_1_34' title='bbox 1109 667 1179 714; x_wconf 90' lang='lat' dir='ltr'><strong>ut</strong></span> <span class='ocrx_word' id='word_1_35' title='bbox 1205 657 1485 714; x_wconf 88' lang='lat' dir='ltr'><strong>adversus</strong></span> <span class='ocrx_word' id='word_1_36' title='bbox 1515 655 1812 714; x_wconf 84' lang='lat' dir='ltr'>Neronem</span> <span class='ocrx_word' id='word_1_37' title='bbox 1836 666 2015 715; x_wconf 82' lang='lat' dir='ltr'><strong>ausus</strong></span> 
     </span>
     <span class='ocr_line' id='line_1_8' title="bbox 152 739 2012 818; baseline 0.001 -19"><span class='ocrx_word' id='word_1_38' title='bbox 152 751 209 800; x_wconf 88' lang='lat' dir='ltr'><strong>et</strong></span> <span class='ocrx_word' id='word_1_39' title='bbox 266 739 541 816; x_wconf 81' lang='lat' dir='ltr'><strong>Verginii</strong></span> <span class='ocrx_word' id='word_1_40' title='bbox 595 743 1023 800; x_wconf 86' lang='lat' dir='ltr'><strong>exstimulator:</strong></span> <span class='ocrx_word' id='word_1_41' title='bbox 1116 742 1218 798; x_wconf 89' lang='lat' dir='ltr'><strong>sed</strong></span> <span class='ocrx_word' id='word_1_42' title='bbox 1271 742 1416 800; x_wconf 91' lang='lat' dir='ltr'><strong>alias</strong></span> <span class='ocrx_word' id='word_1_43' title='bbox 1478 742 1728 818; x_wconf 88' lang='lat' dir='ltr'><strong>protulit</strong></span> <span class='ocrx_word' id='word_1_44' title='bbox 1794 759 2012 802; x_wconf 81' lang='lat' dir='ltr'><strong>causas.</strong></span> 
     </span>
     <span class='ocr_line' id='line_1_9' title="bbox 149 821 2014 905; baseline 0.001 -21"><span class='ocrx_word' id='word_1_45' title='bbox 149 839 428 905; x_wconf 80' lang='lat' dir='ltr'><strong>actaeque</strong></span> <span class='ocrx_word' id='word_1_46' title='bbox 491 828 735 903; x_wconf 84' lang='lat' dir='ltr'><strong>insuper</strong></span> <span class='ocrx_word' id='word_1_47' title='bbox 793 821 1040 885; x_wconf 88' lang='lat' dir='ltr'><strong>Vitellio</strong></span> <span class='ocrx_word' id='word_1_48' title='bbox 1108 826 1328 901; x_wconf 86' lang='lat' dir='ltr'><strong>gratiae</strong></span> <span class='ocrx_word' id='word_1_49' title='bbox 1394 828 1822 885; x_wconf 86' lang='lat' dir='ltr'><strong>consuetudine</strong></span> <span class='ocrx_word' id='word_1_50' title='bbox 1890 838 2014 885; x_wconf 85' lang='lat' dir='ltr'><strong>ser-</strong></span> 
     </span>
     <span class='ocr_line' id='line_1_10' title="bbox 131 914 349 975; baseline 0.018 -5"><span class='ocrx_word' id='word_1_51' title='bbox 131 914 302 975; x_wconf 65' lang='lat' dir='ltr'><strong>vitii.</strong></span> <span class='ocrx_word' id='word_1_52' title='bbox 343 959 349 963; x_wconf 25' lang='lat' dir='ltr'><strong>s</strong></span> 
     </span>
    </p>

    <p class='ocr_par' dir='ltr' id='par_1_3' title="bbox 100 993 2021 2014">
     <span class='ocr_line' id='line_1_11' title="bbox 317 993 2015 1075; baseline -0.002 -17"><span class='ocrx_word' id='word_1_53' title='bbox 317 996 570 1058; x_wconf 89' lang='lat' dir='ltr'><strong>LXXII.</strong></span> <span class='ocrx_word' id='word_1_54' title='bbox 653 996 793 1055; x_wconf 90' lang='lat' dir='ltr'><strong>Non</strong></span> <span class='ocrx_word' id='word_1_55' title='bbox 830 998 987 1055; x_wconf 89' lang='lat' dir='ltr'><strong>ultra</strong></span> <span class='ocrx_word' id='word_1_56' title='bbox 1021 1016 1240 1073; x_wconf 88' lang='lat' dir='ltr'><strong>paucos</strong></span> <span class='ocrx_word' id='word_1_57' title='bbox 1263 993 1389 1055; x_wconf 91' lang='lat' dir='ltr'><strong>dies</strong></span> <span class='ocrx_word' id='word_1_58' title='bbox 1415 1017 1756 1075; x_wconf 83' lang='lat' dir='ltr'><strong>quanquam</strong></span> <span class='ocrx_word' id='word_1_59' title='bbox 1782 998 2015 1056; x_wconf 89' lang='lat' dir='ltr'><strong>acribus</strong></span> 
     </span>
     <span class='ocr_line' id='line_1_12' title="bbox 148 1083 2014 1161; baseline -0.001 -21"><span class='ocrx_word' id='word_1_60' title='bbox 148 1084 338 1143; x_wconf 92' lang='lat' dir='ltr'><strong>initiis</strong></span> <span class='ocrx_word' id='word_1_61' title='bbox 376 1094 649 1159; x_wconf 90' lang='lat' dir='ltr'><strong>coeptum</strong></span> <span class='ocrx_word' id='word_1_62' title='bbox 692 1083 1071 1140; x_wconf 81' lang='lat' dir='ltr'><strong>mendacium</strong></span> <span class='ocrx_word' id='word_1_63' title='bbox 1113 1083 1318 1143; x_wconf 85' lang='lat' dir='ltr'><strong>valuit.</strong></span> <span class='ocrx_word' id='word_1_64' title='bbox 1429 1084 1725 1142; x_wconf 83' lang='lat' dir='ltr'><strong>exstiterat</strong></span> <span class='ocrx_word' id='word_1_65' title='bbox 1767 1084 2014 1161; x_wconf 89' lang='lat' dir='ltr'><strong>quidam</strong></span> 
     </span>
     <span class='ocr_line' id='line_1_13' title="bbox 149 1165 2015 1229; baseline -0.002 0"><span class='ocrx_word' id='word_1_66' title='bbox 149 1169 611 1229; x_wconf 86' lang='lat' dir='ltr'><strong>Scribonianum</strong></span> <span class='ocrx_word' id='word_1_67' title='bbox 645 1187 706 1224; x_wconf 91' lang='lat' dir='ltr'><strong>se</strong></span> <span class='ocrx_word' id='word_1_68' title='bbox 727 1166 1110 1226; x_wconf 89' lang='lat' dir='ltr'><strong>Camerinum</strong></span> <span class='ocrx_word' id='word_1_69' title='bbox 1133 1168 1328 1226; x_wconf 89' lang='lat' dir='ltr'><strong>ferens</strong></span> <span class='ocrx_word' id='word_1_70' title='bbox 1350 1165 1833 1226; x_wconf 84' lang='lat' dir='ltr'><strong>Neronianorum</strong></span> <span class='ocrx_word' id='word_1_71' title='bbox 1863 1180 2015 1226; x_wconf 86' lang='lat' dir='ltr'><strong>tem-</strong></span> 
     </span>
     <span class='ocr_line' id='line_1_14' title="bbox 145 1251 2018 1331; baseline -0.001 -19"><span class='ocrx_word' id='word_1_72' title='bbox 145 1275 364 1331; x_wconf 89' lang='lat' dir='ltr'><strong>porum</strong></span> <span class='ocrx_word' id='word_1_73' title='bbox 399 1266 562 1311; x_wconf 89' lang='lat' dir='ltr'><strong>metu</strong></span> <span class='ocrx_word' id='word_1_74' title='bbox 596 1254 663 1310; x_wconf 91' lang='lat' dir='ltr'><strong>in</strong></span> <span class='ocrx_word' id='word_1_75' title='bbox 701 1251 873 1312; x_wconf 89' lang='lat' dir='ltr'><strong>Istria</strong></span> <span class='ocrx_word' id='word_1_76' title='bbox 914 1255 1303 1324; x_wconf 85' lang='lat' dir='ltr'><strong>occultatum,</strong></span> <span class='ocrx_word' id='word_1_77' title='bbox 1349 1255 1511 1330; x_wconf 88' lang='lat' dir='ltr'><strong>quod</strong></span> <span class='ocrx_word' id='word_1_78' title='bbox 1549 1254 1675 1311; x_wconf 85' lang='lat' dir='ltr'><strong>illic</strong></span> <span class='ocrx_word' id='word_1_79' title='bbox 1712 1254 2018 1313; x_wconf 87' lang='lat' dir='ltr'><strong>clientelae</strong></span> 
     </span>
     <span class='ocr_line' id='line_1_15' title="bbox 147 1331 2017 1415; baseline 0.002 -19"><span class='ocrx_word' id='word_1_80' title='bbox 147 1352 206 1398; x_wconf 86' lang='lat' dir='ltr'><strong>et</strong></span> <span class='ocrx_word' id='word_1_81' title='bbox 250 1341 378 1415; x_wconf 89' lang='lat' dir='ltr'><strong>agri</strong></span> <span class='ocrx_word' id='word_1_82' title='bbox 421 1351 687 1397; x_wconf 87' lang='lat' dir='ltr'><strong>veterum</strong></span> <span class='ocrx_word' id='word_1_83' title='bbox 723 1331 1072 1398; x_wconf 89' lang='lat' dir='ltr'><strong>Crassorum</strong></span> <span class='ocrx_word' id='word_1_84' title='bbox 1108 1361 1174 1397; x_wconf 89' lang='lat' dir='ltr'><strong>ac</strong></span> <span class='ocrx_word' id='word_1_85' title='bbox 1211 1339 1475 1397; x_wconf 88' lang='lat' dir='ltr'><strong>nominis</strong></span> <span class='ocrx_word' id='word_1_86' title='bbox 1519 1339 1689 1396; x_wconf 85' lang='lat' dir='ltr'><strong>favor</strong></span> <span class='ocrx_word' id='word_1_87' title='bbox 1722 1340 2017 1399; x_wconf 88' lang='lat' dir='ltr'><strong>manebat.</strong></span> 
     </span>
     <span class='ocr_line' id='line_1_16' title="bbox 100 1425 2021 1503; baseline 0.001 -23"><span class='ocrx_word' id='word_1_88' title='bbox 100 1454 103 1457; x_wconf 22' lang='grc' dir='ltr'><strong>Δ</strong></span> <span class='ocrx_word' id='word_1_89' title='bbox 148 1425 333 1500; x_wconf 88' lang='lat' dir='ltr'><strong>igitur</strong></span> <span class='ocrx_word' id='word_1_90' title='bbox 389 1425 709 1483; x_wconf 89' lang='lat' dir='ltr'><strong>deterrimo</strong></span> <span class='ocrx_word' id='word_1_91' title='bbox 759 1446 994 1503; x_wconf 89' lang='lat' dir='ltr'><strong>quoque</strong></span> <span class='ocrx_word' id='word_1_92' title='bbox 1051 1426 1118 1482; x_wconf 87' lang='lat' dir='ltr'><strong>in</strong></span> <span class='ocrx_word' id='word_1_93' title='bbox 1170 1437 1583 1500; x_wconf 85' lang='lat' dir='ltr'><strong>argumentum</strong></span> <span class='ocrx_word' id='word_1_94' title='bbox 1635 1425 1871 1482; x_wconf 86' lang='lat' dir='ltr'><strong>fabulae</strong></span> <span class='ocrx_word' id='word_1_95' title='bbox 1913 1425 2021 1481; x_wconf 86' lang='lat' dir='ltr'><strong>ad-</strong></span> 
     </span>
     <span class='ocr_line' id='line_1_17' title="bbox 147 1510 2019 1589; baseline -0.001 -22"><span class='ocrx_word' id='word_1_96' title='bbox 147 1523 383 1587; x_wconf 91' lang='lat' dir='ltr'><strong>sumpto</strong></span> <span class='ocrx_word' id='word_1_97' title='bbox 411 1512 624 1586; x_wconf 86' lang='lat' dir='ltr'><strong>vulgus</strong></span> <span class='ocrx_word' id='word_1_98' title='bbox 653 1511 963 1568; x_wconf 90' lang='lat' dir='ltr'><strong>credulum</strong></span> <span class='ocrx_word' id='word_1_99' title='bbox 989 1522 1047 1568; x_wconf 90' lang='lat' dir='ltr'><strong>et</strong></span> <span class='ocrx_word' id='word_1_100' title='bbox 1076 1512 1319 1589; x_wconf 89' lang='lat' dir='ltr'><strong>quidam</strong></span> <span class='ocrx_word' id='word_1_101' title='bbox 1353 1510 1618 1568; x_wconf 85' lang='lat' dir='ltr'><strong>militum</strong></span> <span class='ocrx_word' id='word_1_102' title='bbox 1656 1527 1855 1567; x_wconf 86' lang='lat' dir='ltr'><strong>errore</strong></span> <span class='ocrx_word' id='word_1_103' title='bbox 1889 1510 2019 1567; x_wconf 87' lang='lat' dir='ltr'><strong>veri</strong></span> 
     </span>
     <span class='ocr_line' id='line_1_18' title="bbox 148 1596 2019 1671; baseline 0 -19"><span class='ocrx_word' id='word_1_104' title='bbox 148 1615 254 1654; x_wconf 90' lang='lat' dir='ltr'><strong>seu</strong></span> <span class='ocrx_word' id='word_1_105' title='bbox 287 1597 600 1654; x_wconf 83' lang='lat' dir='ltr'><strong>turbarum</strong></span> <span class='ocrx_word' id='word_1_106' title='bbox 628 1596 825 1654; x_wconf 89' lang='lat' dir='ltr'><strong>studio</strong></span> <span class='ocrx_word' id='word_1_107' title='bbox 858 1597 1125 1655; x_wconf 83' lang='lat' dir='ltr'><strong>certatim</strong></span> <span class='ocrx_word' id='word_1_108' title='bbox 1167 1597 1670 1671; x_wconf 85' lang='lat' dir='ltr'><strong>adgregabantur,</strong></span> <span class='ocrx_word' id='word_1_109' title='bbox 1710 1615 1846 1653; x_wconf 89' lang='lat' dir='ltr'><strong>cum</strong></span> <span class='ocrx_word' id='word_1_110' title='bbox 1881 1605 2019 1671; x_wconf 81' lang='lat' dir='ltr'><strong>per-</strong></span> 
     </span>
     <span class='ocr_line' id='line_1_19' title="bbox 146 1680 2019 1759; baseline -0.001 -20"><span class='ocrx_word' id='word_1_111' title='bbox 146 1693 368 1740; x_wconf 88' lang='lat' dir='ltr'><strong>tractus</strong></span> <span class='ocrx_word' id='word_1_112' title='bbox 404 1683 480 1739; x_wconf 89' lang='lat' dir='ltr'><strong>ad</strong></span> <span class='ocrx_word' id='word_1_113' title='bbox 521 1681 833 1739; x_wconf 88' lang='lat' dir='ltr'><strong>Vitellium</strong></span> <span class='ocrx_word' id='word_1_114' title='bbox 875 1682 1413 1759; x_wconf 86' lang='lat' dir='ltr'><strong>interrogatusque,</strong></span> <span class='ocrx_word' id='word_1_115' title='bbox 1481 1680 1755 1759; x_wconf 88' lang='lat' dir='ltr'><strong>quisnam</strong></span> <span class='ocrx_word' id='word_1_116' title='bbox 1794 1692 2019 1738; x_wconf 88' lang='lat' dir='ltr'><strong>morta-</strong></span> 
     </span>
     <span class='ocr_line' id='line_1_20' title="bbox 147 1765 2019 1844; baseline -0.002 -18"><span class='ocrx_word' id='word_1_117' title='bbox 147 1767 300 1826; x_wconf 89' lang='lat' dir='ltr'><strong>lium</strong></span> <span class='ocrx_word' id='word_1_118' title='bbox 339 1766 533 1838; x_wconf 79' lang='lat' dir='ltr'><strong>&#39;esset‚</strong></span> <span class='ocrx_word' id='word_1_119' title='bbox 609 1779 926 1844; x_wconf 89' lang='lat' dir='ltr'><strong>postquam</strong></span> <span class='ocrx_word' id='word_1_120' title='bbox 977 1768 1145 1825; x_wconf 90' lang='lat' dir='ltr'><strong>nulla</strong></span> <span class='ocrx_word' id='word_1_121' title='bbox 1197 1768 1369 1825; x_wconf 91' lang='lat' dir='ltr'><strong>dictis</strong></span> <span class='ocrx_word' id='word_1_122' title='bbox 1410 1767 1554 1824; x_wconf 89' lang='lat' dir='ltr'><strong>fides</strong></span> <span class='ocrx_word' id='word_1_123' title='bbox 1597 1773 1655 1824; x_wconf 83' lang='lat' dir='ltr'><strong>et</strong></span> <span class='ocrx_word' id='word_1_124' title='bbox 1696 1786 1737 1824; x_wconf 46' lang='lat' dir='ltr'><strong>a*</strong></span> <span class='ocrx_word' id='word_1_125' title='bbox 1773 1765 2019 1842; x_wconf 78' lang='lat' dir='ltr'><strong>domino</strong></span> 
     </span>
     <span class='ocr_line' id='line_1_21' title="bbox 149 1847 2020 1927; baseline -0.001 -18"><span class='ocrx_word' id='word_1_126' title='bbox 149 1847 504 1911; x_wconf 82' lang='lat' dir='ltr'><strong>noscebatur</strong></span> <span class='ocrx_word' id='word_1_127' title='bbox 529 1854 872 1911; x_wconf 85' lang='lat' dir='ltr'><strong>conditione</strong></span> <span class='ocrx_word' id='word_1_128' title='bbox 895 1853 1200 1927; x_wconf 77' lang='lat' dir='ltr'><strong>fugitivu8‚</strong></span> <span class='ocrx_word' id='word_1_129' title='bbox 1245 1852 1488 1909; x_wconf 89' lang='lat' dir='ltr'><strong>nomine</strong></span> <span class='ocrx_word' id='word_1_130' title='bbox 1508 1849 1679 1923; x_wconf 89' lang='lat' dir='ltr'><strong>Geta,</strong></span> <span class='ocrx_word' id='word_1_131' title='bbox 1718 1862 2020 1927; x_wconf 89' lang='lat' dir='ltr'><strong>sumptum</strong></span> 
     </span>
     <span class='ocr_line' id='line_1_22' title="bbox 150 1938 1387 2014; baseline 0.001 -18"><span class='ocrx_word' id='word_1_132' title='bbox 150 1938 224 1996; x_wconf 91' lang='lat' dir='ltr'><strong>de</strong></span> <span class='ocrx_word' id='word_1_133' title='bbox 254 1959 321 1996; x_wconf 91' lang='lat' dir='ltr'><strong>eo</strong></span> <span class='ocrx_word' id='word_1_134' title='bbox 351 1939 708 2014; x_wconf 90' lang='lat' dir='ltr'><strong>supplicium</strong></span> <span class='ocrx_word' id='word_1_135' title='bbox 735 1939 801 1996; x_wconf 89' lang='lat' dir='ltr'><strong>in</strong></span> <span class='ocrx_word' id='word_1_136' title='bbox 824 1940 1098 1995; x_wconf 87' lang='lat' dir='ltr'><strong>servilem</strong></span> <span class='ocrx_word' id='word_1_137' title='bbox 1121 1938 1387 1997; x_wconf 88' lang='lat' dir='ltr'><strong>modum.</strong></span> 
     </span>
    </p>

    <p class='ocr_par' dir='ltr' id='par_1_4' title="bbox 151 2022 2022 2187">
     <span class='ocr_line' id='line_1_23' title="bbox 320 2022 2021 2099; baseline -0.002 -17"><span class='ocrx_word' id='word_1_138' title='bbox 320 2022 605 2084; x_wconf 88' lang='lat' dir='ltr'><strong>LXXIII.</strong></span> <span class='ocrx_word' id='word_1_139' title='bbox 692 2023 811 2082; x_wconf 81' lang='lat' dir='ltr'><strong>Vix</strong></span> <span class='ocrx_word' id='word_1_140' title='bbox 850 2025 1131 2082; x_wconf 90' lang='lat' dir='ltr'><strong>credibile</strong></span> <span class='ocrx_word' id='word_1_141' title='bbox 1181 2033 1514 2087; x_wconf 88' lang='lat' dir='ltr'><strong>memoratu</strong></span> <span class='ocrx_word' id='word_1_142' title='bbox 1542 2028 1675 2092; x_wconf 63' lang='lat' dir='ltr'><strong>⁴est,</strong></span> <span class='ocrx_word' id='word_1_143' title='bbox 1731 2028 2021 2099; x_wconf 84' lang='lat' dir='ltr'><strong>quantum</strong></span> 
     </span>
     <span class='ocr_line' id='line_1_24' title="bbox 151 2102 2022 2187; baseline -0.002 -19"><span class='ocrx_word' id='word_1_144' title='bbox 151 2102 461 2187; x_wconf 79' lang='lat' dir='ltr'><strong>superbiae</strong></span> <span class='ocrx_word' id='word_1_145' title='bbox 519 2110 938 2186; x_wconf 89' lang='lat' dir='ltr'><strong>socordiaeque</strong></span> <span class='ocrx_word' id='word_1_146' title='bbox 983 2107 1230 2167; x_wconf 89' lang='lat' dir='ltr'><strong>Vitellio</strong></span> <span class='ocrx_word' id='word_1_147' title='bbox 1286 2107 1640 2178; x_wconf 86' lang='lat' dir='ltr'><strong>adoleverit,</strong></span> <span class='ocrx_word' id='word_1_148' title='bbox 1711 2103 2022 2186; x_wconf 82' lang='lat' dir='ltr'><strong>postquam</strong></span> 
     </span>
    </p>
   </div>
   <div class='ocr_carea' id='block_1_3' title="bbox 150 2348 1062 3619">
    <p class='ocr_par' dir='ltr' id='par_1_5' title="bbox 152 2348 1050 2455">
     <span class='ocr_line' id='line_1_25' title="bbox 211 2348 1050 2406; baseline 0 -12"><span class='ocrx_word' id='word_1_149' title='bbox 211 2349 465 2406; x_wconf 69' lang='lat' dir='ltr'><strong>Pedonia-5⁸.</strong></span> <span class='ocrx_word' id='word_1_150' title='bbox 523 2348 625 2392; x_wconf 88' lang='lat' dir='ltr'><strong>MS.</strong></span> <span class='ocrx_word' id='word_1_151' title='bbox 650 2348 804 2395; x_wconf 84' lang='lat' dir='ltr'><strong>Guelf.</strong></span> <span class='ocrx_word' id='word_1_152' title='bbox 824 2348 927 2394; x_wconf 90' lang='lat' dir='ltr'><strong>edd.</strong></span> <span class='ocrx_word' id='word_1_153' title='bbox 945 2348 1050 2394; x_wconf 79' lang='lat' dir='ltr'><strong>Put.</strong></span> 
     </span>
     <span class='ocr_line' id='line_1_26' title="bbox 152 2406 647 2455; baseline -0.008 -1"><span class='ocrx_word' id='word_1_154' title='bbox 152 2406 219 2455; x_wconf 88' lang='lat' dir='ltr'><strong>M.</strong></span> <span class='ocrx_word' id='word_1_155' title='bbox 246 2414 289 2453; x_wconf 88' lang='lat' dir='ltr'><strong>et</strong></span> <span class='ocrx_word' id='word_1_156' title='bbox 310 2406 367 2452; x_wconf 88' lang='lat' dir='ltr'><strong>V.</strong></span> <span class='ocrx_word' id='word_1_157' title='bbox 392 2406 647 2450; x_wconf 80' lang='lat' dir='ltr'><strong>Pedianus.</strong></span> 
     </span>
    </p>

    <p class='ocr_par' dir='ltr' id='par_1_6' title="bbox 152 2463 1051 2583">
     <span class='ocr_line' id='line_1_27' title="bbox 152 2463 1051 2522; baseline -0.006 -10"><span class='ocrx_word' id='word_1_158' title='bbox 152 2494 154 2499; x_wconf 69' lang='lat'>,</span> <span class='ocrx_word' id='word_1_159' title='bbox 211 2467 326 2512; x_wconf 77' lang='lat' dir='ltr'><strong>CAP.</strong></span> <span class='ocrx_word' id='word_1_160' title='bbox 360 2464 432 2509; x_wconf 70' lang='lat'><strong>72.</strong></span> <span class='ocrx_word' id='word_1_161' title='bbox 491 2465 676 2522; x_wconf 82' lang='lat' dir='ltr'><strong>ferens.</strong></span> <span class='ocrx_word' id='word_1_162' title='bbox 760 2464 862 2509; x_wconf 87' lang='lat' dir='ltr'><strong>MS.</strong></span> <span class='ocrx_word' id='word_1_163' title='bbox 896 2463 1051 2508; x_wconf 83' lang='lat' dir='ltr'><strong>Guelf.</strong></span> 
     </span>
     <span class='ocr_line' id='line_1_28' title="bbox 153 2524 377 2583; baseline -0.022 -12"><span class='ocrx_word' id='word_1_164' title='bbox 153 2524 377 2583; x_wconf 63' lang='lat' dir='ltr'><strong>referens.</strong></span> 
     </span>
    </p>

    <p class='ocr_par' dir='ltr' id='par_1_7' title="bbox 154 2577 1055 2929">
     <span class='ocr_line' id='line_1_29' title="bbox 214 2577 1052 2626; baseline -0.002 0"><span class='ocrx_word' id='word_1_165' title='bbox 214 2585 263 2626; x_wconf 83' lang='lat' dir='ltr'><strong>in</strong></span> <span class='ocrx_word' id='word_1_166' title='bbox 304 2581 472 2625; x_wconf 78' lang='lat' dir='ltr'><strong>Istrz&#39;a.</strong></span> <span class='ocrx_word' id='word_1_167' title='bbox 560 2577 640 2624; x_wconf 83' lang='lat' dir='ltr'><strong>Sic</strong></span> <span class='ocrx_word' id='word_1_168' title='bbox 689 2579 793 2625; x_wconf 85' lang='lat' dir='ltr'><strong>edd.</strong></span> <span class='ocrx_word' id='word_1_169' title='bbox 840 2578 1052 2624; x_wconf 84' lang='lat' dir='ltr'><strong>Gronov.</strong></span> 
     </span>
     <span class='ocr_line' id='line_1_30' title="bbox 157 2637 1054 2697; baseline -0.006 -13"><span class='ocrx_word' id='word_1_170' title='bbox 157 2641 343 2697; x_wconf 76' lang='lat'><strong>(1672.)</strong></span> <span class='ocrx_word' id='word_1_171' title='bbox 382 2641 472 2682; x_wconf 87' lang='lat' dir='ltr'><strong>lac.</strong></span> <span class='ocrx_word' id='word_1_172' title='bbox 509 2637 712 2682; x_wconf 85' lang='lat' dir='ltr'><strong>Gronov.</strong></span> <span class='ocrx_word' id='word_1_173' title='bbox 747 2653 846 2697; x_wconf 87' lang='lat' dir='ltr'><strong>sqq.</strong></span> <span class='ocrx_word' id='word_1_174' title='bbox 882 2664 943 2674; x_wconf 89' lang='lat'><strong>--</strong></span> <span class='ocrx_word' id='word_1_175' title='bbox 1005 2639 1054 2680; x_wconf 82' lang='lat' dir='ltr'><strong>in</strong></span> 
     </span>
     <span class='ocr_line' id='line_1_31' title="bbox 154 2693 1053 2743; baseline -0.004 -1"><span class='ocrx_word' id='word_1_176' title='bbox 154 2698 347 2743; x_wconf 80' lang='lat' dir='ltr'><strong>Histria</strong></span> <span class='ocrx_word' id='word_1_177' title='bbox 370 2696 474 2740; x_wconf 83' lang='lat' dir='ltr'><strong>MS.</strong></span> <span class='ocrx_word' id='word_1_178' title='bbox 500 2694 654 2740; x_wconf 89' lang='lat' dir='ltr'><strong>Guelf.</strong></span> <span class='ocrx_word' id='word_1_179' title='bbox 687 2696 789 2739; x_wconf 88' lang='lat' dir='ltr'><strong>edd.</strong></span> <span class='ocrx_word' id='word_1_180' title='bbox 826 2695 929 2739; x_wconf 87' lang='lat' dir='ltr'><strong>Put.</strong></span> <span class='ocrx_word' id='word_1_181' title='bbox 949 2693 1053 2738; x_wconf 88' lang='lat' dir='ltr'><strong>Ber.</strong></span> 
     </span>
     <span class='ocr_line' id='line_1_32' title="bbox 159 2749 1054 2812; baseline -0.007 -11"><span class='ocrx_word' id='word_1_182' title='bbox 159 2759 284 2812; x_wconf 88' lang='lat' dir='ltr'><strong>(cum</strong></span> <span class='ocrx_word' id='word_1_183' title='bbox 307 2754 377 2799; x_wconf 79' lang='lat' dir='ltr'><strong>sil.</strong></span> <span class='ocrx_word' id='word_1_184' title='bbox 407 2753 543 2811; x_wconf 88' lang='lat' dir='ltr'><strong>Vict.)</strong></span> <span class='ocrx_word' id='word_1_185' title='bbox 565 2769 691 2811; x_wconf 61' lang='lat' dir='ltr'><strong>sqq„</strong></span> <span class='ocrx_word' id='word_1_186' title='bbox 723 2762 767 2796; x_wconf 86' lang='lat' dir='ltr'><strong>et</strong></span> <span class='ocrx_word' id='word_1_187' title='bbox 800 2759 902 2812; x_wconf 89' lang='lat' dir='ltr'><strong>post</strong></span> <span class='ocrx_word' id='word_1_188' title='bbox 936 2749 1054 2795; x_wconf 86' lang='lat' dir='ltr'><strong>Gro-</strong></span> 
     </span>
     <span class='ocr_line' id='line_1_33' title="bbox 157 2809 1055 2870; baseline -0.009 -12"><span class='ocrx_word' id='word_1_189' title='bbox 157 2814 346 2858; x_wconf 86' lang='lat' dir='ltr'><strong>novium</strong></span> <span class='ocrx_word' id='word_1_190' title='bbox 370 2813 487 2855; x_wconf 83' lang='lat' dir='ltr'><strong>inter</strong></span> <span class='ocrx_word' id='word_1_191' title='bbox 505 2814 701 2870; x_wconf 74' lang='lat' dir='ltr'><strong>reeentt.</strong></span> <span class='ocrx_word' id='word_1_192' title='bbox 722 2809 867 2870; x_wconf 82' lang='lat' dir='ltr'><strong>Ryek.</strong></span> <span class='ocrx_word' id='word_1_193' title='bbox 898 2837 956 2847; x_wconf 90' lang='lat'><strong>·--</strong></span> <span class='ocrx_word' id='word_1_194' title='bbox 1006 2815 1055 2851; x_wconf 76' lang='lat' dir='ltr'><strong>et</strong></span> 
     </span>
     <span class='ocr_line' id='line_1_34' title="bbox 158 2869 576 2929; baseline -0.01 -14"><span class='ocrx_word' id='word_1_195' title='bbox 158 2872 343 2929; x_wconf 73' lang='lat' dir='ltr'><strong>hystria</strong></span> <span class='ocrx_word' id='word_1_196' title='bbox 364 2870 434 2912; x_wconf 88' lang='lat' dir='ltr'><strong>ed.</strong></span> <span class='ocrx_word' id='word_1_197' title='bbox 457 2869 576 2928; x_wconf 84' lang='lat' dir='ltr'><strong>Spir.</strong></span> 
     </span>
    </p>

    <p class='ocr_par' dir='ltr' id='par_1_8' title="bbox 150 2925 1062 3619">
     <span class='ocr_line' id='line_1_35' title="bbox 214 2925 1058 2975; baseline -0.006 -4"><span class='ocrx_word' id='word_1_198' title='bbox 214 2927 580 2975; x_wconf 77' lang='lat' dir='ltr'><strong>Scribonianum</strong></span> <span class='ocrx_word' id='word_1_199' title='bbox 641 2939 695 2968; x_wconf 83' lang='lat' dir='ltr'><strong>se</strong></span> <span class='ocrx_word' id='word_1_200' title='bbox 753 2925 1058 2969; x_wconf 75' lang='lat' dir='ltr'><strong>Camerinum</strong></span> 
     </span>
     <span class='ocr_line' id='line_1_36' title="bbox 160 2980 1057 3039; baseline -0.01 -7"><span class='ocrx_word' id='word_1_201' title='bbox 160 3020 173 3035; x_wconf 85' lang='lat'><strong>.</strong></span> <span class='ocrx_word' id='word_1_202' title='bbox 195 3017 208 3031; x_wconf 85' lang='lat'><strong>.</strong></span> <span class='ocrx_word' id='word_1_203' title='bbox 234 3019 246 3031; x_wconf 92' lang='lat'><strong>.</strong></span> <span class='ocrx_word' id='word_1_204' title='bbox 269 3017 281 3029; x_wconf 90' lang='lat'><strong>.</strong></span> <span class='ocrx_word' id='word_1_205' title='bbox 315 2987 611 3028; x_wconf 78' lang='lat' dir='ltr'><strong>occultatum.</strong></span> <span class='ocrx_word' id='word_1_206' title='bbox 678 2982 834 3027; x_wconf 70' lang='lat' dir='ltr'><strong>&#39;Lucis</strong></span> <span class='ocrx_word' id='word_1_207' title='bbox 887 2980 1057 3039; x_wconf 79' lang='lat' dir='ltr'><strong>aliquid</strong></span> 
     </span>
     <span class='ocr_line' id='line_1_37' title="bbox 156 3038 1058 3100; baseline -0.007 -12"><span class='ocrx_word' id='word_1_208' title='bbox 156 3044 271 3098; x_wconf 20' lang='lat' dir='ltr'><strong>huicl</strong></span> <span class='ocrx_word' id='word_1_209' title='bbox 297 3041 402 3086; x_wconf 88' lang='lat' dir='ltr'><strong>loco</strong></span> <span class='ocrx_word' id='word_1_210' title='bbox 442 3042 650 3085; x_wconf 82' lang='lat' dir='ltr'><strong>adfundit</strong></span> <span class='ocrx_word' id='word_1_211' title='bbox 682 3040 853 3100; x_wconf 83' lang='lat' dir='ltr'><strong>Xiphil.</strong></span> <span class='ocrx_word' id='word_1_212' title='bbox 886 3038 955 3091; x_wconf 78' lang='grc'><strong>63,</strong></span> <span class='ocrx_word' id='word_1_213' title='bbox 987 3038 1058 3083; x_wconf 87' lang='lat'><strong>18.</strong></span> 
     </span>
     <span class='ocr_line' id='line_1_38' title="bbox 156 3094 1059 3172; baseline -0.011 -23"><span class='ocrx_word' id='word_1_214' title='bbox 156 3100 302 3172; x_wconf 53' lang='grc' dir='ltr'><em>ἔν’δὲ</em></span> <span class='ocrx_word' id='word_1_215' title='bbox 340 3103 393 3170; x_wconf 64' lang='grc' dir='ltr'><strong>τῇ</strong></span> <span class='ocrx_word' id='word_1_216' title='bbox 429 3095 582 3169; x_wconf 47' lang='grc' dir='ltr'><em>ἶΙΡώμῃ</em></span> <span class='ocrx_word' id='word_1_217' title='bbox 623 3098 766 3167; x_wconf 48' lang='grc' dir='ltr'><strong>κατὰ.</strong></span> <span class='ocrx_word' id='word_1_218' title='bbox 789 3097 873 3143; x_wconf 76' lang='grc' dir='ltr'><strong>τὸν</strong></span> <span class='ocrx_word' id='word_1_219' title='bbox 914 3094 1059 3166; x_wconf 56' lang='lat' dir='ltr'><strong>agitor</strong></span> 
     </span>
     <span class='ocr_line' id='line_1_39' title="bbox 150 3153 1061 3272; baseline -0.011 -9"><span class='ocrx_word' id='word_1_220' title='bbox 150 3173 354 3263; x_wconf 44' lang='lat' dir='ltr'><strong>affl.</strong></span> <span class='ocrx_word' id='word_1_221' title='bbox 369 3159 646 3272; x_wconf 53' lang='lat' dir='ltr'><strong>mm</strong></span> <span class='ocrx_word' id='word_1_222' title='bbox 684 3153 1061 3258; x_wconf 47' lang='lat' dir='ltr'><strong>aestatis}</strong></span> 
     </span>
     <span class='ocr_line' id='line_1_40' title="bbox 157 3270 1059 3329; baseline -0.011 -7"><span class='ocrx_word' id='word_1_223' title='bbox 157 3277 236 3322; x_wconf 77' lang='grc' dir='ltr'><strong>καὶ</strong></span> <span class='ocrx_word' id='word_1_224' title='bbox 268 3271 398 3329; x_wconf 71' lang='grc' dir='ltr'><strong><em>δεινὰ</em></strong></span> <span class='ocrx_word' id='word_1_225' title='bbox 432 3270 706 3329; x_wconf 76' lang='grc' dir='ltr'><em>εἰργάσατο,</em></span> <span class='ocrx_word' id='word_1_226' title='bbox 747 3272 825 3315; x_wconf 79' lang='grc' dir='ltr'><strong>καὶ</strong></span> <span class='ocrx_word' id='word_1_227' title='bbox 848 3270 1059 3318; x_wconf 78' lang='grc' dir='ltr'><strong><em>Σουλπί-</em></strong></span> 
     </span>
     <span class='ocr_line' id='line_1_41' title="bbox 157 3324 1060 3391; baseline -0.01 -11"><span class='ocrx_word' id='word_1_228' title='bbox 157 3349 261 3380; x_wconf 80' lang='grc' dir='ltr'><em>κιον</em></span> <span class='ocrx_word' id='word_1_229' title='bbox 282 3333 553 3391; x_wconf 60' lang='grc' dir='ltr'><em>Καμερῖνοι]</em></span> <span class='ocrx_word' id='word_1_230' title='bbox 570 3328 720 3388; x_wconf 71' lang='grc' dir='ltr'><em>ἄνδρα</em></span> <span class='ocrx_word' id='word_1_231' title='bbox 744 3330 840 3374; x_wconf 79' lang='grc' dir='ltr'><strong>τῶν</strong></span> <span class='ocrx_word' id='word_1_232' title='bbox 861 3324 1060 3389; x_wconf 81' lang='grc' dir='ltr'><em>πρώτων</em></span> 
     </span>
     <span class='ocr_line' id='line_1_42' title="bbox 168 3387 1057 3444; baseline -0.011 -6"><span class='ocrx_word' id='word_1_233' title='bbox 168 3442 170 3444; x_wconf 52' lang='grc'>,</span> <span class='ocrx_word' id='word_1_234' title='bbox 196 3390 274 3438; x_wconf 78' lang='grc' dir='ltr'><strong>ετὰ</strong></span> <span class='ocrx_word' id='word_1_235' title='bbox 308 3391 390 3442; x_wconf 73' lang='grc' dir='ltr'><strong>ταῦ</strong></span> <span class='ocrx_word' id='word_1_236' title='bbox 424 3390 544 3437; x_wconf 81' lang='grc' dir='ltr'><strong><em>υἱέος</em></strong></span> <span class='ocrx_word' id='word_1_237' title='bbox 575 3387 844 3432; x_wconf 81' lang='grc' dir='ltr'><strong><em>ἀπέκτεινεν</em></strong></span> <span class='ocrx_word' id='word_1_238' title='bbox 876 3403 917 3431; x_wconf 82' lang='grc' dir='ltr'><strong>κ.</strong></span> <span class='ocrx_word' id='word_1_239' title='bbox 950 3403 991 3431; x_wconf 80' lang='grc' dir='ltr'><strong>τ.</strong></span> <span class='ocrx_word' id='word_1_240' title='bbox 1013 3387 1057 3430; x_wconf 75' lang='grc' dir='ltr'><strong>λ.</strong></span> 
     </span>
     <span class='ocr_line' id='line_1_43' title="bbox 155 3410 1057 3507; baseline -0.01 -12"><span class='ocrx_word' id='word_1_241' title='bbox 155 3410 286 3496; x_wconf 51' lang='lat' dir='ltr'><strong>Ilicet</strong></span> <span class='ocrx_word' id='word_1_242' title='bbox 309 3448 446 3507; x_wconf 78' lang='lat' dir='ltr'><strong>igitur</strong></span> <span class='ocrx_word' id='word_1_243' title='bbox 467 3446 711 3495; x_wconf 70' lang='lat' dir='ltr'><strong>conticere,</strong></span> <span class='ocrx_word' id='word_1_244' title='bbox 737 3444 898 3490; x_wconf 73' lang='lat' dir='ltr'><strong>Getam</strong></span> <span class='ocrx_word' id='word_1_245' title='bbox 922 3444 1057 3488; x_wconf 83' lang='lat' dir='ltr'><strong>istum</strong></span> 
     </span>
     <span class='ocr_line' id='line_1_44' title="bbox 158 3503 1062 3567; baseline -0.01 -14"><span class='ocrx_word' id='word_1_246' title='bbox 158 3526 210 3554; x_wconf 83' lang='lat' dir='ltr'><strong>ex</strong></span> <span class='ocrx_word' id='word_1_247' title='bbox 229 3508 306 3552; x_wconf 81' lang='lat' dir='ltr'><strong>illa</strong></span> <span class='ocrx_word' id='word_1_248' title='bbox 331 3504 457 3552; x_wconf 83' lang='lat' dir='ltr'><strong>clade</strong></span> <span class='ocrx_word' id='word_1_249' title='bbox 480 3503 726 3563; x_wconf 81' lang='lat' dir='ltr'><strong>profugum</strong></span> <span class='ocrx_word' id='word_1_250' title='bbox 750 3518 796 3546; x_wconf 90' lang='lat' dir='ltr'><strong>se</strong></span> <span class='ocrx_word' id='word_1_251' title='bbox 821 3519 915 3546; x_wconf 86' lang='lat' dir='ltr'><strong>esse</strong></span> <span class='ocrx_word' id='word_1_252' title='bbox 937 3516 1062 3567; x_wconf 71' lang='lat' dir='ltr'><strong>men·</strong></span> 
     </span>
     <span class='ocr_line' id='line_1_45' title="bbox 157 3559 1062 3619; baseline -0.009 -9"><span class='ocrx_word' id='word_1_253' title='bbox 157 3567 319 3616; x_wconf 83' lang='lat' dir='ltr'><strong>titum,</strong></span> <span class='ocrx_word' id='word_1_254' title='bbox 368 3570 419 3606; x_wconf 89' lang='lat' dir='ltr'><strong>ut</strong></span> <span class='ocrx_word' id='word_1_255' title='bbox 453 3577 620 3619; x_wconf 81' lang='lat' dir='ltr'><strong>magno</strong></span> <span class='ocrx_word' id='word_1_256' title='bbox 653 3560 841 3603; x_wconf 83' lang='lat' dir='ltr'><strong>nomine</strong></span> <span class='ocrx_word' id='word_1_257' title='bbox 874 3559 1062 3616; x_wconf 83' lang='lat' dir='ltr'><strong>insigms</strong></span> 
     </span>
    </p>
   </div>
   <div class='ocr_carea' id='block_1_4' title="bbox 158 3612 1058 3676">
    <p class='ocr_par' dir='ltr' id='par_1_9' title="bbox 158 3612 1058 3676">
     <span class='ocr_line' id='line_1_46' title="bbox 158 3612 1058 3676; baseline -0.012 -6"><span class='ocrx_word' id='word_1_258' title='bbox 158 3640 229 3671; x_wconf 77' lang='lat' dir='ltr'><strong>res</strong></span> <span class='ocrx_word' id='word_1_259' title='bbox 283 3638 425 3671; x_wconf 83' lang='lat' dir='ltr'><strong>novas</strong></span> <span class='ocrx_word' id='word_1_260' title='bbox 467 3618 721 3664; x_wconf 79' lang='lat' dir='ltr'><strong>moliretur.</strong></span> <span class='ocrx_word' id='word_1_261' title='bbox 813 3616 896 3660; x_wconf 88' lang='lat' dir='ltr'><strong>Ed.</strong></span> <span class='ocrx_word' id='word_1_262' title='bbox 936 3612 1058 3676; x_wconf 79' lang='lat' dir='ltr'><strong>Spir.</strong></span> 
     </span>
    </p>
   </div>
   <div class='ocr_carea' id='block_1_5' title="bbox 1122 2344 2035 3657">
    <p class='ocr_par' dir='ltr' id='par_1_10' title="bbox 1122 2344 2023 2507">
     <span class='ocr_line' id='line_1_47' title="bbox 1123 2344 2022 2405; baseline -0.006 -14"><span class='ocrx_word' id='word_1_263' title='bbox 1123 2348 1364 2392; x_wconf 82' lang='lat' dir='ltr'><strong>clientelae</strong></span> <span class='ocrx_word' id='word_1_264' title='bbox 1395 2347 1489 2390; x_wconf 81' lang='lat' dir='ltr'><strong>illie</strong></span> <span class='ocrx_word' id='word_1_265' title='bbox 1523 2359 1613 2405; x_wconf 87' lang='lat' dir='ltr'><strong>pro</strong></span> <span class='ocrx_word' id='word_1_266' title='bbox 1645 2345 1736 2389; x_wconf 80' lang='lat' dir='ltr'><strong>illie</strong></span> <span class='ocrx_word' id='word_1_267' title='bbox 1766 2344 2022 2387; x_wconf 70' lang='lat' dir='ltr'><strong>clientelae.</strong></span> 
     </span>
     <span class='ocr_line' id='line_1_48' title="bbox 1122 2402 2023 2460; baseline -0.008 -10"><span class='ocrx_word' id='word_1_268' title='bbox 1122 2405 1295 2450; x_wconf 84' lang='lat' dir='ltr'><strong>Eadem</strong></span> <span class='ocrx_word' id='word_1_269' title='bbox 1327 2421 1430 2448; x_wconf 86' lang='lat' dir='ltr'><strong>mox</strong></span> <span class='ocrx_word' id='word_1_270' title='bbox 1462 2410 1507 2446; x_wconf 82' lang='lat' dir='ltr'><strong>et</strong></span> <span class='ocrx_word' id='word_1_271' title='bbox 1540 2405 1774 2460; x_wconf 83' lang='lat' dir='ltr'><strong>quendam</strong></span> <span class='ocrx_word' id='word_1_272' title='bbox 1816 2402 2023 2445; x_wconf 83' lang='lat' dir='ltr'><strong>militum</strong></span> 
     </span>
     <span class='ocr_line' id='line_1_49' title="bbox 1125 2473 1214 2507; baseline -0.011 0"><span class='ocrx_word' id='word_1_273' title='bbox 1125 2473 1214 2507; x_wconf 84' lang='lat' dir='ltr'><strong>etc.</strong></span> 
     </span>
    </p>

    <p class='ocr_par' dir='ltr' id='par_1_11' title="bbox 1125 2514 2032 2980">
     <span class='ocr_line' id='line_1_50' title="bbox 1184 2514 2025 2574; baseline -0.008 -10"><span class='ocrx_word' id='word_1_274' title='bbox 1184 2536 1289 2564; x_wconf 84' lang='lat' dir='ltr'><strong>cum</strong></span> <span class='ocrx_word' id='word_1_275' title='bbox 1309 2525 1590 2574; x_wconf 82' lang='lat' dir='ltr'><strong>pertractus.</strong></span> <span class='ocrx_word' id='word_1_276' title='bbox 1641 2516 1747 2562; x_wconf 88' lang='lat' dir='ltr'><strong>MS.</strong></span> <span class='ocrx_word' id='word_1_277' title='bbox 1761 2514 1902 2561; x_wconf 83' lang='lat' dir='ltr'><strong>Corb.</strong></span> <span class='ocrx_word' id='word_1_278' title='bbox 1924 2522 2025 2558; x_wconf 83' lang='lat' dir='ltr'><strong>tum</strong></span> 
     </span>
     <span class='ocr_line' id='line_1_51' title="bbox 1125 2585 1708 2642; baseline -0.005 -19"><span class='ocrx_word' id='word_1_279' title='bbox 1125 2585 1417 2635; x_wconf 79' lang='lat' dir='ltr'><strong>pertractus.</strong></span> <span class='ocrx_word' id='word_1_280' title='bbox 1697 2629 1708 2642; x_wconf 40' lang='lat'><strong>⁴</strong></span> 
     </span>
     <span class='ocr_line' id='line_1_52' title="bbox 1127 2630 2027 2748; baseline 0.003 -10"><span class='ocrx_word' id='word_1_281' title='bbox 1127 2630 2027 2748; x_wconf 55' lang='lat' dir='ltr'><strong>Gssffi&#39;2?{?.‘¹ss⁶.fi}2·M{&#39;s⁰ff⁸&lt;ff?fiz&#39;3¹:22</strong></span> 
     </span>
     <span class='ocr_line' id='line_1_53' title="bbox 1126 2745 2029 2807; baseline -0.007 -12"><span class='ocrx_word' id='word_1_282' title='bbox 1126 2751 1284 2807; x_wconf 65' lang='lat' dir='ltr'><strong>uario),</strong></span> <span class='ocrx_word' id='word_1_283' title='bbox 1327 2750 1431 2793; x_wconf 89' lang='lat' dir='ltr'><strong>edd.</strong></span> <span class='ocrx_word' id='word_1_284' title='bbox 1463 2748 1582 2806; x_wconf 87' lang='lat' dir='ltr'><strong>Spir.</strong></span> <span class='ocrx_word' id='word_1_285' title='bbox 1616 2745 1764 2790; x_wconf 86' lang='lat' dir='ltr'><strong>Rhen.</strong></span> <span class='ocrx_word' id='word_1_286' title='bbox 1792 2745 1901 2790; x_wconf 90' lang='lat' dir='ltr'><strong>Ald.</strong></span> <span class='ocrx_word' id='word_1_287' title='bbox 1926 2762 1946 2790; x_wconf 97' lang='lat' dir='ltr'><strong>s</strong></span> <span class='ocrx_word' id='word_1_288' title='bbox 2015 2775 2029 2789; x_wconf 91' lang='grc'><strong>.</strong></span> 
     </span>
     <span class='ocr_line' id='line_1_54' title="bbox 1127 2760 2032 2862; baseline -0.004 -12"><span class='ocrx_word' id='word_1_289' title='bbox 1127 2836 1186 2850; x_wconf 80' lang='grc'><strong>...-</strong></span> <span class='ocrx_word' id='word_1_290' title='bbox 1214 2810 1536 2861; x_wconf 73' lang='lat' dir='ltr'><strong>znterrogatus</strong></span> <span class='ocrx_word' id='word_1_291' title='bbox 1564 2803 1683 2860; x_wconf 84' lang='lat' dir='ltr'><strong>(sine</strong></span> <span class='ocrx_word' id='word_1_292' title='bbox 1714 2802 1894 2862; x_wconf 85' lang='lat' dir='ltr'><strong>copula)</strong></span> <span class='ocrx_word' id='word_1_293' title='bbox 1926 2760 2032 2848; x_wconf 43' lang='lat' dir='ltr'><strong>BIS.</strong></span> 
     </span>
     <span class='ocr_line' id='line_1_55' title="bbox 1130 2855 2027 2912; baseline -0.008 0"><span class='ocrx_word' id='word_1_294' title='bbox 1130 2867 1268 2912; x_wconf 86' lang='lat' dir='ltr'><strong>Corb.</strong></span> <span class='ocrx_word' id='word_1_295' title='bbox 1304 2865 1405 2908; x_wconf 90' lang='lat' dir='ltr'><strong>edd.</strong></span> <span class='ocrx_word' id='word_1_296' title='bbox 1431 2863 1535 2906; x_wconf 85' lang='lat' dir='ltr'><strong>Put.</strong></span> <span class='ocrx_word' id='word_1_297' title='bbox 1558 2861 1627 2908; x_wconf 90' lang='grc' dir='ltr'><strong>Μ.</strong></span> <span class='ocrx_word' id='word_1_298' title='bbox 1659 2867 1703 2904; x_wconf 84' lang='lat' dir='ltr'><strong>et</strong></span> <span class='ocrx_word' id='word_1_299' title='bbox 1727 2855 1786 2906; x_wconf 85' lang='lat' dir='ltr'><strong>V.</strong></span> <span class='ocrx_word' id='word_1_300' title='bbox 1813 2855 2027 2905; x_wconf 74' lang='lat' dir='ltr'><strong>Beroald-</strong></span> 
     </span>
     <span class='ocr_line' id='line_1_56' title="bbox 1127 2919 1889 2980; baseline -0.009 -11"><span class='ocrx_word' id='word_1_301' title='bbox 1127 2924 1254 2980; x_wconf 88' lang='lat' dir='ltr'><strong>(cum</strong></span> <span class='ocrx_word' id='word_1_302' title='bbox 1273 2921 1341 2967; x_wconf 87' lang='lat' dir='ltr'><strong>sil.</strong></span> <span class='ocrx_word' id='word_1_303' title='bbox 1368 2921 1508 2977; x_wconf 85' lang='lat' dir='ltr'><strong>Vict.)</strong></span> <span class='ocrx_word' id='word_1_304' title='bbox 1531 2919 1635 2964; x_wconf 84' lang='lat' dir='ltr'><strong>Alc.</strong></span> <span class='ocrx_word' id='word_1_305' title='bbox 1875 2972 1889 2975; x_wconf 42' lang='grc'><strong>-</strong></span> 
     </span>
    </p>

    <p class='ocr_par' dir='ltr' id='par_1_12' title="bbox 1129 2971 2032 3140">
     <span class='ocr_line' id='line_1_57' title="bbox 1185 2971 2027 3024; baseline -0.008 1"><span class='ocrx_word' id='word_1_306' title='bbox 1185 2982 1235 3024; x_wconf 81' lang='lat' dir='ltr'><strong>in</strong></span> <span class='ocrx_word' id='word_1_307' title='bbox 1270 2979 1487 3024; x_wconf 75' lang='lat' dir='ltr'><strong>servitem</strong></span> <span class='ocrx_word' id='word_1_308' title='bbox 1524 2978 1734 3020; x_wconf 80' lang='lat' dir='ltr'><strong>modum.</strong></span> <span class='ocrx_word' id='word_1_309' title='bbox 1815 2973 1892 3020; x_wconf 78' lang='lat' dir='ltr'><strong>Sic</strong></span> <span class='ocrx_word' id='word_1_310' title='bbox 1922 2971 2027 3019; x_wconf 88' lang='lat' dir='ltr'><strong>MS.</strong></span> 
     </span>
     <span class='ocr_line' id='line_1_58' title="bbox 1130 3032 2030 3094; baseline -0.009 -12"><span class='ocrx_word' id='word_1_311' title='bbox 1130 3036 1285 3083; x_wconf 87' lang='lat' dir='ltr'><strong>Guelf.</strong></span> <span class='ocrx_word' id='word_1_312' title='bbox 1325 3035 1427 3079; x_wconf 90' lang='lat' dir='ltr'><strong>edd.</strong></span> <span class='ocrx_word' id='word_1_313' title='bbox 1465 3044 1568 3079; x_wconf 83' lang='lat' dir='ltr'><strong>aute</strong></span> <span class='ocrx_word' id='word_1_314' title='bbox 1598 3032 1824 3094; x_wconf 80' lang='lat' dir='ltr'><strong>Ryckium</strong></span> <span class='ocrx_word' id='word_1_315' title='bbox 1871 3046 2030 3094; x_wconf 76' lang='lat' dir='ltr'><strong>omnes</strong></span> 
     </span>
     <span class='ocr_line' id='line_1_59' title="bbox 1129 3088 2032 3140; baseline -0.01 0"><span class='ocrx_word' id='word_1_316' title='bbox 1129 3096 1248 3140; x_wconf 86' lang='lat' dir='ltr'><strong>inter</strong></span> <span class='ocrx_word' id='word_1_317' title='bbox 1274 3093 1506 3138; x_wconf 81' lang='lat' dir='ltr'><strong>sile&#39;ntium</strong></span> <span class='ocrx_word' id='word_1_318' title='bbox 1536 3091 1738 3135; x_wconf 86' lang='lat' dir='ltr'><strong>virorum</strong></span> <span class='ocrx_word' id='word_1_319' title='bbox 1771 3088 2032 3137; x_wconf 76' lang='lat' dir='ltr'><strong>doctorum,</strong></span> 
     </span>
    </p>

    <p class='ocr_par' dir='ltr' id='par_1_13' title="bbox 1129 3142 2031 3486">
     <span class='ocr_line' id='line_1_60' title="bbox 1163 3142 2030 3207; baseline -0.003 -12"><span class='ocrx_word' id='word_1_320' title='bbox 1163 3152 1209 3195; x_wconf 87' lang='lat' dir='ltr'><strong>ui</strong></span> <span class='ocrx_word' id='word_1_321' title='bbox 1231 3151 1368 3199; x_wconf 83' lang='lat' dir='ltr'><strong>codd.</strong></span> <span class='ocrx_word' id='word_1_322' title='bbox 1393 3143 1587 3194; x_wconf 82' lang='lat' dir='ltr'><strong>MSStos</strong></span> <span class='ocrx_word' id='word_1_323' title='bbox 1614 3147 1862 3207; x_wconf 79' lang='lat' dir='ltr'><strong>inspexere.</strong></span> <span class='ocrx_word' id='word_1_324' title='bbox 1935 3142 2030 3204; x_wconf 82' lang='lat' dir='ltr'><strong>Ry-</strong></span> 
     </span>
     <span class='ocr_line' id='line_1_61' title="bbox 1131 3204 2029 3266; baseline -0.01 -12"><span class='ocrx_word' id='word_1_325' title='bbox 1131 3227 1157 3255; x_wconf 85' lang='lat' dir='ltr'><strong>c</strong></span> <span class='ocrx_word' id='word_1_326' title='bbox 1188 3210 1258 3254; x_wconf 88' lang='lat' dir='ltr'><strong>ius</strong></span> <span class='ocrx_word' id='word_1_327' title='bbox 1304 3225 1328 3253; x_wconf 83' lang='lat' dir='ltr'><strong>e</strong></span> <span class='ocrx_word' id='word_1_328' title='bbox 1361 3207 1464 3252; x_wconf 89' lang='lat' dir='ltr'><strong>MS.</strong></span> <span class='ocrx_word' id='word_1_329' title='bbox 1497 3206 1606 3266; x_wconf 82' lang='lat' dir='ltr'><strong>Agr.</strong></span> <span class='ocrx_word' id='word_1_330' title='bbox 1643 3204 1768 3249; x_wconf 82' lang='lat' dir='ltr'><strong>dedit</strong></span> <span class='ocrx_word' id='word_1_331' title='bbox 1809 3204 2029 3248; x_wconf 65' lang='lat' dir='ltr'><strong>ser-vtum</strong></span> 
     </span>
     <span class='ocr_line' id='line_1_62' title="bbox 1130 3260 2028 3323; baseline -0.009 -12"><span class='ocrx_word' id='word_1_332' title='bbox 1130 3266 1177 3311; x_wconf 63' lang='lat' dir='ltr'><strong>¹in&#39;</strong></span> <span class='ocrx_word' id='word_1_333' title='bbox 1191 3267 1399 3310; x_wconf 74' lang='lat' dir='ltr'><strong>modum.</strong></span> <span class='ocrx_word' id='word_1_334' title='bbox 1473 3264 1863 3323; x_wconf 67' lang='lat' dir='ltr'><strong>obtemperavere</strong></span> <span class='ocrx_word' id='word_1_335' title='bbox 1885 3260 2028 3309; x_wconf 79' lang='lat' dir='ltr'><strong>Ober-</strong></span> 
     </span>
     <span class='ocr_line' id='line_1_63' title="bbox 1129 3316 2030 3390; baseline -0.011 -21"><span class='ocrx_word' id='word_1_336' title='bbox 1129 3326 1248 3379; x_wconf 83' lang='lat' dir='ltr'><strong>linus</strong></span> <span class='ocrx_word' id='word_1_337' title='bbox 1269 3328 1370 3390; x_wconf 80' lang='lat' dir='ltr'><strong>sqq.</strong></span> <span class='ocrx_word' id='word_1_338' title='bbox 1432 3321 1521 3366; x_wconf 86' lang='lat' dir='ltr'><strong>Sed</strong></span> <span class='ocrx_word' id='word_1_339' title='bbox 1552 3331 1647 3365; x_wconf 81' lang='lat' dir='ltr'><strong>non</strong></span> <span class='ocrx_word' id='word_1_340' title='bbox 1673 3317 1817 3365; x_wconf 65' lang='lat' dir='ltr'><strong>video*</strong></span> <span class='ocrx_word' id='word_1_341' title='bbox 1838 3316 2030 3366; x_wconf 76' lang='lat' dir='ltr'><strong>necessi-</strong></span> 
     </span>
     <span class='ocr_line' id='line_1_64' title="bbox 1129 3373 2031 3486; baseline -0.011 -57"><span class='ocrx_word' id='word_1_342' title='bbox 1129 3384 1264 3486; x_wconf 54' lang='lat' dir='ltr'><strong>tfftem</strong></span> <span class='ocrx_word' id='word_1_343' title='bbox 1290 3398 1314 3426; x_wconf 84' lang='lat' dir='ltr'><strong>a</strong></span> <span class='ocrx_word' id='word_1_344' title='bbox 1332 3387 1486 3428; x_wconf 83' lang='lat' dir='ltr'><strong>vetere</strong></span> <span class='ocrx_word' id='word_1_345' title='bbox 1502 3378 1749 3424; x_wconf 74' lang='lat' dir='ltr'><strong>verborum</strong></span> <span class='ocrx_word' id='word_1_346' title='bbox 1772 3373 1943 3423; x_wconf 71' lang='lat' dir='ltr'><strong>ordine·</strong></span> <span class='ocrx_word' id='word_1_347' title='bbox 1957 3375 2031 3420; x_wconf 82' lang='lat' dir='ltr'><strong>de-</strong></span> 
     </span>
    </p>

    <p class='ocr_par' dir='ltr' id='par_1_14' title="bbox 1169 3439 1361 3484">
     <span class='ocr_line' id='line_1_65' title="bbox 1169 3439 1361 3484; baseline -0.01 0"><span class='ocrx_word' id='word_1_348' title='bbox 1169 3439 1361 3484; x_wconf 76' lang='lat' dir='ltr'><strong>ectendi.</strong></span> 
     </span>
    </p>

    <p class='ocr_par' dir='ltr' id='par_1_15' title="bbox 1133 3484 2035 3657">
     <span class='ocr_line' id='line_1_66' title="bbox 1206 3484 2035 3550; baseline -0.006 -8"><span class='ocrx_word' id='word_1_349' title='bbox 1206 3496 1322 3542; x_wconf 77' lang='lat' dir='ltr'><strong>CAP.</strong></span> <span class='ocrx_word' id='word_1_350' title='bbox 1364 3494 1438 3541; x_wconf 79' lang='lat'><strong>78.</strong></span> <span class='ocrx_word' id='word_1_351' title='bbox 1525 3488 1877 3550; x_wconf 49' lang='lat' dir='ltr'><strong>specffltoresr</strong></span> <span class='ocrx_word' id='word_1_352' title='bbox 1955 3484 2035 3537; x_wconf 64' lang='lat' dir='ltr'><strong>Sic</strong></span> 
     </span>
     <span class='ocr_line' id='line_1_67' title="bbox 1133 3543 2033 3657; baseline -0.004 -59"><span class='ocrx_word' id='word_1_353' title='bbox 1133 3559 1297 3657; x_wconf 60' lang='lat' dir='ltr'><strong>{mnes</strong></span> <span class='ocrx_word' id='word_1_354' title='bbox 1330 3552 1451 3600; x_wconf 78' lang='lat' dir='ltr'><strong>libri.</strong></span> <span class='ocrx_word' id='word_1_355' title='bbox 1484 3569 1487 3580; x_wconf 75' lang='lat'>²</span> <span class='ocrx_word' id='word_1_356' title='bbox 1523 3550 1582 3597; x_wconf 81' lang='lat' dir='ltr'><strong>ef·</strong></span> <span class='ocrx_word' id='word_1_357' title='bbox 1614 3543 2033 3621; x_wconf 35' lang='lat' dir='ltr'><strong>not.‘ad.1;24.··et</strong></span> 
     </span>
    </p>
   </div>
  </div>
 </body>
</html>
