2138 4030
2114 90 2138 171 4ἶ

1732 194 1751 227 U

1779 241 1828 277 A.
1851 242 1906 279 U.
1924 245 2008 280 823.

1777 288 1828 323 A.
1859 285 1904 323 C.
1949 290 2010 325 7³⁰.

249 251 366 309 162
743 240 747 245 ·
810 240 1520 329 HISTORIARUM

242 398 380 434 nem
402 376 654 452 primam
678 376 744 432 in
767 376 1053 448 auxilium
1077 372 1407 431 Placentiae
1428 374 1679 431 ducebat
1703 376 1929 436 diffisus
1948 382 2118 455 ρειαί

243 457 806 531 citato-cohortium,
842 480 916 516 ne
938 459 1174 531 longius
1204 459 1508 515 obsidium
1532 471 1590 518 et
1608 460 1733 516 vim
1754 459 2098 522 Germanici

239 547 529 623 exercitu-s
563 565 773 622 parum
812 545 1156 601 tolerarent:
1199 544 1308 600 ubi
1343 544 1583 619 pulsum
1615 542 1931 604 Caecinam
1961 570 2100 626 per..

242 653 379 707 gere
420 630 774 689 Cremonam
818 628 1067 702 accepit,
1131 647 1301 702 aegre
1343 629 1655 686 coercitam
1703 631 2011 705 legionem.
2034 638 2099 694 'et

241 716 548 794 pugnandi
589 717 800 772 ardore
845 733 1031 789 usque
1080 713 1152 768 ad
1189 714 1540 770 seditionem
1579 735 1947 789 progressam.
1978 717 2098 776 Be-

241 803 427 861 driaci
473 801 639 860 sistit.
762 800 916 862 inter
963 797 1262 854 Veronam
1294 798 1766 877 Cremonamque
1819 803 1964 860 situs
2015 817 2100 862 est

239 889 404 945 vicus
428 887 657 943 duabus
694 885 812 940 iam
833 882 1124 942 Romanis
1160 883 1426 940 cladibus
1461 896 1638 942 notus
1675 885 2096 967 infaustusque.

240 972 459 1031 Iisdem
505 971 715 1027 diebus
759 990 792 1025 a
835 967 1058 1025 Martio
1097 966 1303 1025 Macro
1355 965 1514 1025 haud
1559 972 1767 1045 procul
1803 969 2115 1047 Cremona¹

237 1057 517 1135 prospere
549 1065 892 1131 pugnatum.
981 1073 1236 1129 namque
1277 1067 1585 1129 promptus
1621 1056 1805 1112 animi
1840 1056 2096 1116 Martius

239 1149 598 1203 transvectos
636 1140 888 1196 navibus
925 1136 1274 1212 gladiatores
1307 1139 1371 1194 in
1406 1140 1709 1196 adversam
1732 1139 1883 1198 Padi
1906 1145 2098 1220 ripam

238 1238 478 1303 repente
527 1226 753 1284 effudit.
850 1225 1083 1282 turbata
1118 1224 1205 1280 ibi
1239 1222 1700 1281 Vitellianorum
1740 1227 1986 1299 auxilia,
2041 1241 2103 1287 'et

241 1313 446 1371 ceteris
466 1309 823 1369 Cremonam
848 1309 1209 1383 fugientibus
1235 1309 1387 1366 caesi
1418 1309 1524 1386 qui
1556 1310 1908 1374 restiterant.
1996 1316 2098 1370 sed

238 1416 536 1473 repressus
561 1395 928 1453 vincentium
961 1394 1242 1469 impetUS‚
1283 1415 1359 1450 ne
1386 1395 1556 1451 novis
1583 1396 1861 1453 subsidiis
1886 1398 2100 1457 firmati

236 1481 432 1540 hostes
459 1483 760 1539 fortunam
786 1480 997 1556 proelii
1029 1490 1342 1539 mutarent.
1429 1479 1782 1555 Suspectum>
1812 1482 1876 1539 id
1900 1480 2100 1541 Otho-

237 1569 432 1626 nianis
455 1567 570 1624 fuit
594 1566 793 1623 omnia
821 1567 1038 1622 ducum
1062 1565 1211 1621 facta
1236 1584 1415 1640 prave
1441 1566 1904 1629 aestimantibus.
1971 1589 2098 1626 cer-

299 1812 484 1867 diffisus
532 1810 786 1866 paucitate.
873 1809 949 1852 Sic
994 1808 1130 1852 MSS.
1260 1821 1514 1863 repressus.
1585 1806 1662 1852 Sic
1687 1807 1789 1851 MS.
1814 1807 1965 1854 Guelf.
1996 1811 2095 1857 edd.

242 1871 370 1923 Harl.
400 1867 532 1912 Bodl.
567 1868 653 1912 les.
687 1866 842 1909 Guelf.
877 1864 994 1910 Bud.
1031 1866 1132 1909 edd.

236 1930 345 1972 Put.
368 1928 434 1970 Μ.
456 1934 497 1969 et
522 1925 578 1968 V.
603 1920 812 1967 Beroald.
841 1928 964 1979 (eum
987 1922 1134 1981 silent.

244 1987 383 2040 Vict.)
416 1999 514 2042 sqq.
545 1983 600 2025 ad
634 1981 860 2040 Lipsium‚
891 1980 970 2038 qui
1003 1979 1133 2023 tacite

242 2043 380 2088 edidit
411 2040 664 2096 paucitati,
705 2048 744 2081 et
773 2040 837 2083 sic
862 2039 997 2082 MSS.
1024 2038 1134 2095 Reg.

243 2101 383 2146 Corb.
415 2097 486 2141 ed.
506 2097 622 2154 Spir.
692 2096 900 2154 Utraque
929 2105 1132 2139 constru-

237 2160 333 2204 ctio
366 2156 499 2199 latina
533 2162 613 2198 est.
673 2154 731 2198 cf.
760 2154 1025 2197 Ramshorn.
1048 2151 1130 2195 Gr.

242 2218 288 2276 p:
313 2214 410 2258 267.
440 2212 595 2255 not-2.
619 2219 661 2253 et
681 2212 925 2268 interprett.
953 2209 1006 2253 ad
1024 2209 1131 2252 Sue·

243 2283 340 2326 ton.
364 2271 443 2314 Iul.
476 2286 516 2314 c.
541 2268 611 2321 3.-,
640 2269 715 2312 ubi
744 2269 954 2312 codicum
980 2276 1130 2310 aueto-

240 2328 372 2375 ritate
404 2342 645 2384 reposuere
679 2325 925 2369 ablativum
951 2340 1035 2383 pro
1059 2325 1131 2367 da·

242 2389 356 2431 tivo.
425 2384 535 2427 Tam
563 2383 651 2428 An.
690 2383 841 2442 aliquo
878 2384 1003 2427 loco:
1047 2385 1132 2424 de-

230 2444 443 2502 fiens-toni
459 2442 689 2497 diffidere.

305 2527 536 2572 Bedriaci.
596 2524 672 2568 Sic
693 2521 829 2567 MSS.
858 2522 979 2581 Flor.
1016 2524 1133 2578 (test.

244 2587 363 2631 Vict.
394 2601 433 2627 e.
456 2583 494 2625 R
528 2582 646 2639 ekio)
679 2582 825 2624 Vatie.
853 2585 972 2637 (test.
993 2581 1133 2639 Lips.)

244 2645 457 2690 sambuc.
520 2640 596 2683 ud.
621 2638 718 2682 edd.
744 2639 862 2697 Spir.
887 2637 1006 2695 Lips.
1034 2655 1132 2697 sqq.

244 2727 302 2736 -—
339 2698 551 2743 Bebriaci
571 2695 706 2740 MSS.
729 2696 837 2753 Reg.
855 2695 991 2740 Corb.
1010 2695 1131 2740 Harl.

244 2758 377 2802 Rodl.
399 2757 480 2799 les.
502 2753 777 2813 Ag1·.Guelf.
799 2752 1013 2797 edd.Put.
1034 2769 1133 2812 sqq.

244 2819 297 2860 ad
318 2814 530 2873 Lipsium.
555 2836 611 2846 —
660 2812 863 2862 Sueton..
881 2809 991 2854 Oth.
1023 2827 1061 2855 c.
1086 2812 1130 2854 9.

245 2875 537 2916 Betriacum.
601 2868 769 2912 Eadem
789 2868 974 2913 varietas
998 2869 1130 2911 etiam

244 2930 362 2989 apud
382 2928 490 2971 alios
511 2928 750 2986 scriptores
769 2926 1014 2971 invenitur.

304 3013 548 3054 Veronam
579 3012 966 3065 Cremonamque.
1027 3009 1128 3052 MS.

246 3069 395 3113 Guels.
418 3069 704 3111 Cremonam
726 3069 772 3110 V
771 3082 1072 3123 eranamque.

301 3141 483 3183 duabus
503 3169 515 3181 .
537 3171 548 3181 .
572 3141 788 3182 cladibus.
864 3137 919 3181 cf.
950 3136 1056 3180 infr.
1091 3135 1131 3188 3,

245 3201 297 3242 15
325 3214 390 3255 sq.

301 3269 635 3325 infaustusque.

244 3328 361 3370 vict.
383 3324 688 3381 infastusque.

300 3397 585 3439 restiterant.
645 3391 720 3434 Sic
736 3391 839 3434 MS.
856 3390 1006 3435 Guelf.
1030 3391 1130 3434 edd.

245 3455 344 3496 put.
367 3453 436 3495 Μ.
461 3458 502 3494 et
527 3447 581 3491 V.
606 3448 809 3490 Beroaid.
838 3448 1130 3504 (cum‘silent.

242 3509 453 3565 Victorii)
475 3521 573 3566 sqq.
606 3533 663 3541 -
709 3507 976 3548 resisterent
991 3505 1129 3548 MSS.

237 3568 362 3611 Harl.
390 3567 467 3610 les.
493 3565 629 3609 Corb.
658 3562 726 3605 ed.
752 3562 869 3618 Spir.

724 3265 827 3310 MS.
860 3264 897 3314 F
900 3265 984 3309 lor.
1023 3272 1131 3308 teste

1203 1865 1308 1909 Put.
1331 1865 1398 1908 M.
1421 1872 1464 1909 et
1481 1864 1540 1908 V.
1564 1864 1771 1908 Beroald.
1801 1865 1925 1921 (cum
1951 1867 2096 1912 silent.

1206 1922 1344 1979 Viet.)
1364 1940 1464 1981 sqq.
1488 1951 1547 1959 -
1584 1923 1798 1975 reprensi
1814 1923 1914 1966 MS.
1936 1923 2097 1981 Corl›.;

1204 1981 1482 2036 reprehensi
1502 1981 1570 2024 ed.
1591 1980 1709 2038 Spir.

1262 2053 1488 2094 subsidiis.
1547 2049 1623 2092 Sic
1657 2048 1797 2094 MSS.
1825 2050 1948 2096 Flor.
1978 2053 2092 2108 (test-

1202 2108 1354 2162 Pieh.)
1389 2109 1495 2165 Reg.
1531 2107 1667 2152 Corb.
1699 2106 1813 2150 Bud.
1852 2109 1951 2154 edd.
1975 2111 2093 2169 Spir-

1202 2166 1328 2209 Pich.
1363 2166 1583 2223 Bernvgg.
1609 2179 1702 2222 ¹sqq.
1735 2188 1787 2198 -
1844 2169 2095 2218 praesidiis.-

1204 2223 1340 2267 MSS.
1375 2221 1494 2265 Harl.
1530 2221 1662 2265 Bodl.
1696 2222 1776 2266 les.
1805 2222 1954 2266 Gueif.
1992 2225 2095 2270 edd.

1203 2281 1308 2324 Put.
1335 2280 1541 2325 Beroald.
1572 2281 1697 2334 (cum
1728 2278 1799 2325 sil.
1828 2280 1964 2339 vict.)
1994 2298 2092 2342 sqq.

1203 2338 1258 2382 ad
1283 2338 1543 2382 Pichenam.

1198 2474 1201 2477 s
1261 2423 1421 2464 omnia
1449 2423 1622 2464 dacum
1639 2421 1795 2480 facta.
1856 2423 1892 2466 E
1919 2424 2101 2478 verissi-

1200 2495 1278 2527 ma
1304 2478 1599 2523 Freinshemii
1629 2481 1917 2534 coniectura,
1959 2497 2094 2538 quam

1204 2538 1251 2580 in
1283 2544 1538 2581 contextum
1571 2553 1780 2598 recepere
1810 2537 1909 2596 Rip.
1934 2538 2094 2586 obex-l.

1203 2610 1301 2652 sqq.
1338 2618 1394 2627 -
1454 2597 1703 2651 omniaque
1749 2610 1914 2639 uocum
1954 2598 2094 2653 facta

1204 2653 1305 2704 MS.
1323 2652 1432 2709 Reg.
1460 2651 1528 2695 ed.
1543 2652 1664 2710 Spir.
1685 2676 1735 2686 -
1781 2655 1942 2695 amnia
1957 2669 2095 2711 quae·

1203 2710 1528 2766 cunquefacta
1548 2710 1678 2767 vulgo
1704 2710 1841 2761 MSS.
1866 2711 1968 2755 edd.
1992 2711 2090 2758 Pur.

1205 2767 1411 2811 Beroald.
1433 2767 1554 2821 (cum
1578 2767 1648 2810 sii.
1673 2768 1804 2823 Viet.)
1827 2784 1848 2811 s
1915 2799 1926 2812 .
1946 2769 1999 2813 ad
2019 2769 2091 2814 Bi·

1203 2823 1430 2883 pontinos.
1457 2847 1513 2856 -
1563 2825 1614 2867 ln
1638 2826 1739 2869 MS.
1760 2824 1859 2869 Gue
1901 2857 1913 2870 .
1937 2843 2090 2872 recen·

1204 2884 1293 2924 tior
1323 2898 1482 2925 manus
1514 2897 1813 2939 quaecunque
1842 2880 2114 2929 emendavit

1202 2940 1250 2983 in
1273 2943 1461 2983 ducum.
1490 2965 1546 2974 —
1600 2942 1761 2983 omnia
1781 2956 1906 2995 quae,-
1924 2943 2094 2984 ducum

1191 2997 1331 3053 facta
1354 2996 1455 3040 MS.
1483 2996 1592 3053 Agr.
1619 2999 1805 3052 (ducum
1827 3013 1849 3041 a
1871 3009 1960 3043 sec.
1988 3004 2088 3053 m.)-

1202 3055 1290 3099 lac.
1325 3053 1585 3098 Gronovius
1616 3055 1662 3098 in
1694 3054 1795 3104 MS.
1821 3055 1942 3099 Flor.
1978 3056 2091 3101 vidit

1204 3136 1363 3175 omnia
1400 3119 1546 3188 quoci}
1573 3130 1619 3186 f.
1660 3154 1715 3164 —
1776 3129 2090 3175 Lalleinandus

1203 3190 1411 3235 volebat:
1483 3190 1646 3230 omnia
1711 3202 2091 3245 quorumcunque

1187 3249 1342 3303 sacta.
1418 3247 1500 3291 lac.
1536 3245 1820 3288 Gronovius:
1870 3261 2088 3302 quorum-

1203 3320 1421 3361 φασι-ωτι.
1525 3304 1638 3347 Sunt
1691 3302 1767 3360 qni
1818 3304 2087 3361 scripturam

1193 3366 1363 3406 ‘omniu
1379 3365 1677 3419 quaecunque
1697 3368 1960 3432 corrigerent
1979 3375 2085 3404 eum

1203 3419 1373 3464 Graeca
1398 3419 1594 3464 formula
1619 3413 1765 3460 πάνθ’
1792 3429 1897 3460 οσα.

1255 3505 1632 3546 aestimantibus,
1720 3500 1796 3545 Sic
1836 3501 1936 3545 edd.
1982 3500 2083 3546 Fut.

1198 3560 1411 3603 Beroald.
1437 3561 1560 3613 (cum
1581 3558 1723 3603 silent.
1740 3558 1882 3614 Vict.)
1906 3575 2005 3619 sqq.
2026 3583 2082 3593 -
