2138 4030
193 250 240 285 A.
261 249 312 284 U.
331 249 415 285 82³.

194 291 308 327 A.c.
358 294 420 332 70,

602 251 775 314 ΜΒ.
814 251 918 314 iv,
999 210 1196 316 cAr.
1238 256 1330 315 19.
1367 258 1467 318 ρο.
1507 307 1510 312 .
1778 301 1781 304 .
1841 213 1963 321 aab

105 387 246 462 ipsis
275 385 380 463 qui
407 393 708 447 suaserant
745 394 1025 460 tanquam
1065 395 1369 464 secuturus
1401 387 1631 463 scripsit
1651 387 1955 449 Herennio

106 469 283 529 Gallo
334 468 584 544 legionis
631 468 855 543 primae
890 468 1136 541 legam,
1171 469 1275 546 qui
1312 464 1588 528 Bonnam
1633 475 1960 545 obtinebat,

100 569 169 617 ut
189 567 409 614 arceret
430 552 683 612 transitu
696 551 950 609 Batavos
965 575 997 609 ε-
1021 572 1080 609 se
1108 575 1241 611 cum
1272 556 1526 612 exercitu
1551 559 1726 631 tergis
1752 580 1951 617 eorum

100 636 437 700 haesurum.
520 635 602 695 Et
640 638 896 712 opprimi
940 649 1243 712 poterant,
1286 639 1336 696 si
1376 636 1515 696 hinc
1549 639 1949 715 Hordeonius,

100 727 238 784 inde
279 725 488 786 Gallus
530 723 705 778 motis
751 724 1048 800 utrimque
1098 725 1284 798 copiis
1332 726 1557 782 medios
1593 727 1949 790 clausissem.

98 811 342 870 Flaccus
371 809 568 867 omisit
590 808 888 883 inceptum
919 808 1167 885 aliisque
1190 810 1399 865 litteris
1426 807 1669 867 Gallum
1701 816 1949 885 monuit,

98 918 172 954 ne
206 907 450 968 terreret
492 894 790 954 abeuntes,
899 895 1058 950 unde
1095 895 1345 969 suspicio
1385 907 1590 970 sponte
1622 897 1946 971 legatorum

95 982 336 1040 excitari
377 980 599 1037 bellum
653 990 976 1054 cunctaque
1025 999 1174 1054 quae
1215 980 1547 1038 acciderant
1587 994 1687 1039 aut
1724 995 1948 1053 metue-⁴

93 1069 312 1125 bantur
337 1086 460 1144 non
486 1065 697 1120 inertia
729 1063 934 1121 militis
963 1084 1155 1140 neque
1182 1059 1439 1122 hostium
1468 1066 1560 1137 vi,
1601 1068 1701 1123 sed
1737 1068 1944 1125 fraude

95 1154 313 1210 ducum
341 1150 592 1208 evenire.
950 1164 953 1172 ⁸

258 1235 394 1295 XX.
465 1232 675 1291 Batavi
719 1254 853 1290 cum
889 1233 1091 1290 castris
1123 1230 1542 1292 Bonnensibus
1577 1238 1942 1315 propinqua-

92 1334 250 1391 rent,
308 1321 656 1397 praemisere
701 1319 805 1395 qui
840 1317 1147 1374 Herennio
1183 1316 1358 1375 Gallo
1403 1323 1677 1378 mandata
1727 1319 1940 1381 cohor-

89 1409 238 1465 tium
277 1415 610 1481 exponeret:
657 1404 892 1459 nullum
924 1404 1039 1460 sibi
1068 1403 1290 1458 bellum
1318 1406 1594 1462 adversus
1618 1405 1940 1479 RomanOS,
1974 1420 1986 1426 “

87 1513 195 1568 pro
233 1493 446 1568 quibus
475 1489 690 1547 totiens
718 1489 1050 1548 bellassent.
1135 1489 1310 1561 longa
1350 1501 1524 1566 atque
1562 1493 1737 1548 inrita
1771 1494 1938 1550 *mili-

86 1577 165 1633 tia
210 1579 374 1634 fessis
412 1576 630 1651 patriae
672 1586 844 1649 atque
880 1575 989 1631 otii
1025 1574 1362 1647 cupidinem
1399 1595 1540 1637 esse.
1647 1576 1716 1634 Si
1763 1599 1935 1636 nemo

85 1663 416 1730 obsisteret,
490 1659 800 1716 innoxium
863 1659 974 1715 iter
1019 1660 1170 1714 fore:
1243 1660 1333 1714 sin
1386 1680 1546 1717 arma
1607 1676 1934 1733 occurrant,

82 1749 236 1805 ferro
288 1747 444 1803 viam
493 1746 856 1803 inventuros,
979 1742 1368 1802 Cunctantem
1417 1745 1674 1820 legatum
1718 1748 1935 1817 milites

1043 1997 1224 2056 negligit
1243 1998 1451 2056 copulam
1467 1997 1511 2041 in
1529 1998 1796 2055 cunctaque.
1842 2001 1930 2044 Sed

1042 2057 1143 2113 quia
1176 2059 1220 2098 in
1248 2056 1348 2099 MS.
1368 2055 1484 2099 Bud.
1518 2056 1678 2112 legitur
1711 2059 1792 2112 qui
1815 2074 1928 2099 cun-

1041 2120 1227 2167 ctaque,
1284 2112 1527 2156 Rhenanus
1559 2129 1656 2172 sqq.
1693 2115 1930 2159 ediderunt

1039 2173 1147 2225 quin
1171 2179 1335 2214 cuncta
1363 2186 1494 2226 quae.
1556 2171 1647 2215 lac.
1672 2170 1928 2216 Gronovius

1038 2237 1235 2272 veterem
1292 2230 1559 2286 scripturam
1621 2230 1827 2272 restituit.
1859 2227 1929 2265 '--

137 2006 391 2043 secuturus,
448 1997 529 2041 Ed.
555 1996 675 2056 Spir.
703 2011 911 2040 securus.

138 2083 392 2147 Herennio.
477 2083 580 2126 MS.
624 2080 772 2125 Guelf.
811 2081 967 2125 Here-

82 2155 227 2183 mmo.

137 2222 219 2277 qui
266 2220 492 2261 Bonnam
549 2218 795 2261 obtinebat.
877 2216 962 2260 Ed.

77 2278 195 2337 Spir.
219 2278 300 2332 qui
315 2278 484 2317 bonam
516 2276 751 2316 obtinebat
777 2282 963 2326 portem

78 2337 334 2380 exercitus,
369 2340 418 2374 ut
436 2341 632 2374 arceret.
694 2331 795 2376 MS.
813 2331 964 2374 Guelf.

76 2401 114 2451 ᾳ
143 2395 313 2434 bonam
346 2391 430 2444 Pte}
463 2389 534 2442 (id
571 2388 616 2430 in
651 2388 813 2441 litura)
843 2391 962 2431 obti-

75 2452 239 2496 nebat,
299 2456 340 2489 et
379 2448 426 2488 in
472 2446 673 2501 margine
716 2448 961 2489 exercitus.

52 2502 55 2508 ’
76 2507 186 2551 Edd.
212 2506 312 2549 Put.
338 2504 402 2546 M.
426 2513 468 2546 et
489 2503 814 2559 V.‘optinebat‚

129 2581 398 2620 haesurum.
458 2573 540 2617 Ed.
567 2573 684 2630 Spir.
708 2576 920 2617 hesuros.

85 2649 237 2715 ‘'lnce“
256 2667 376 2703 tum.
446 2659 521 2702 Sic
548 2657 646 2702 MS.
674 2656 823 2701 Guelf.
857 2659 959 2702 edd.

74 2720 191 2776 Spir.
230 2717 331 2761 Aic.
367 2716 507 2759 Rhen.
546 2731 641 2773 sqq.
680 2744 737 2750 --
808 2717 958 2757 incoe-

67 2785 204 2831 ptum
237 2774 337 2818 edd.
367 2774 472 2816 Put.
502 2773 567 2816 M.
593 2783 634 2815 et
662 2772 714 2816 V.
746 2772 956 2817 Beroald-

72 2835 195 2888 (cum
224 2831 398 2875 silentio
422 2829 645 2885 Victorii).

127 2931 188 2958 ne
212 2923 428 2962 terreret.
498 2913 576 2956 Sic
600 2913 737 2957 MSS.
774 2923 816 2957 et
846 2923 956 2960 veu.

72 2973 304 3016 editione&
383 2971 637 3029 Operarum
662 2970 772 3014 vilio
803 2972 850 3014 in
885 2973 956 3019 ed..

22 3064 29 3067 »
71 3029 272 3073 Rhenani
300 3037 480 3074 venerat
507 3041 566 3068 ne
593 3035 789 3078 teneret,
833 3044 922 3086 quo

69 3096 429 3147 propagaverunt
478 3095 709 3142 sequentes
762 3085 960 3132 editores,

69 3160 209 3201 usque
251 3144 302 3186 ad
336 3142 604 3194 Pichenam‚
655 3141 730 3199 qui
766 3143 958 3186 restituit

68 3217 217 3247 veram
243 3200 526 3258 scripturam.

125 3291 375 3339 cunctaque
398 3298 516 3338 quae
539 3285 819 3328 acciderant.
881 3281 956 3328 Sic,

70 3342 203 3386 MSS.
227 3342 351 3384 Flor.
373 3341 488 3393 (test.
511 3339 635 3384 Pieh.
663 3348 704 3382 et
728 3338 812 3382 lae.
838 3338 953 3384 Gro-

70 3402 189 3452 nov.)
223 3398 333 3454 Reg.
369 3395 496 3439 Harl.
532 3396 663 3441 Bodl.
699 3395 808 3454 Agr.
848 3398 952 3441 edd.

70 3454 245 3499 Puteol.
269 3471 362 3513 sqq.
385 3457 509 3508 (cum¹
532 3453 599 3498 sil.
628 3453 778 3508 Vict.).
863 3455 952 3497 Ea-

72 3512 170 3554 dem
196 3523 296 3556 sunt
319 3515 364 3554 in
387 3511 488 3555 MS.
514 3509 667 3558 Guels.
684 3544 694 3562 ,
725 3511 808 3554 nisi
865 3513 954 3559 uod

69 3568 106 3611 is
139 3568 249 3613 liber
286 3567 450 3612 omittit
493 3584 625 3624 quae.
714 3567 796 3612 Ed.
869 3568 954 3626 pir.

1037 2284 1147 2327 Mox
1187 2286 1302 2328 inter
1329 2283 1515 2340 srbu'de
1541 2295 1583 2328 et
1613 2290 1782 2328 ducum
1820 2287 1921 2330 ΜΒ.

1037 2340 1283 2386 Βιιι1·.““εά(1.
1315 2343 1516 2387 Rhenan.
1546 2344 1647 2385 Ald.
1686 2346 1797 2397 (non
1830 2344 1918 2387 Mi·

1036 2400 1157 2458 cyl-l.)
1185 2408 1391 2457 repetunt
1414 2403 1761 2451 metuebantur,
1796 2403 1918 2458 quod

1034 2457 1206 2513 Lipsius
1238 2458 1446 2515 expunxit
1467 2458 1726 2502 auctoritate
1754 2458 1921 2502 codicis

1034 2512 1253 2557 Vaticani.
1746 2521 1750 2537 ¹

1091 2611 1205 2658 CAP.
1234 2614 1308 2657 20.
1389 2615 1728 2657 Bonnensibus,

1033 2669 1068 2711 B
1075 2687 1098 2712 u
1107 2671 1131 2711 d
1139 2703 1148 2712 .
1177 2672 1563 2715 Bononiensibus.

1815 2614 1920 2661 MS.
1977 2650 1983 2656 .

1031 2770 1660 2887 ..⁶451‘?5².5s‘3‘f‚÷..⁵}3.³23‚{ffi.
1669 2771 1918 2884 {Ysassssfit

1031 2883 1169 2939 vict.)
1193 2885 1332 2928 Rhen-
1355 2885 1648 2943 Ald.Mi‹:yu.
1665 2886 1790 2930 Brot.
1813 2903 1912 2945 sqq.

1028 2969 1085 2977 -
1124 2950 1411 2994 exponerent
1467 2942 1567 2986 MS.
1607 2941 1756 3003 Gnfflf.
1809 2945 1910 2996 edd.

1028 2999 1206 3042 Puteolz
1250 2999 1350 3050 Alc..
1395 2998 1516 3059 Lips.
1553 3015 1650 3059 sqq.
1693 3001 1747 3044 ad
1793 3001 1910 3047 Bro-¹

1026 3058 1206 3100 terium.

1084 3143 1348 3183 bellassent.
1400 3166 1402 3168 -
1436 3139 1523 3184 Ed.
1556 3140 1674 3200 Spir.
1702 3157 1910 3201 pugnos-

1027 3206 1147 3241 sent.
1165 3221 1221 3230 -
1259 3198 1370 3240 Mox
1392 3197 1494 3243 MS.
1510 3197 1662 3244 Guelf.
1685 3202 1911 3255 longoque

1028 3271 1110 3313 pro
1132 3258 1272 3308 longa
1292 3262 1450 3310 atque.

1080 3347 1389 3388 cunctantem.
1456 3338 1540 3383 Ed.
1575 3339 1696 3397 spir..
1725 3340 1913 3391 Comae,

1026 3406 1068 3440 et
1093 3398 1193 3440 dein
1214 3398 1502 3450 perpulerat.
1558 3397 1665 3440 Mox
1689 3406 1789 3438 ante
1803 3399 1905 3450 sor-

1026 3462 1190 3496 tunam
1222 3453 1436 3497 Weisius
1477 3471 1618 3510 nuper
1664 3452 1811 3510 posuit
1842 3461 1907 3503 ut,

1027 3511 1148 3570 quod
1195 3511 1313 3558 unde
1351 3509 1544 3555 hauserit
1577 3526 1668 3558 nou
1702 3509 1914 3558 invenio}

1026 3585 1129 3612 nain
1155 3569 1326 3627 priores
1345 3567 1447 3612 libri
1472 3568 1516 3612 id
1541 3583 1633 3610 non
1654 3566 1871 3611 exhibent.
