<?xml version="1.0" encoding="UTF-8"?>
<!DOCTYPE html PUBLIC "-//W3C//DTD XHTML 1.0 Transitional//EN"
    "http://www.w3.org/TR/xhtml1/DTD/xhtml1-transitional.dtd">
<html xmlns="http://www.w3.org/1999/xhtml" xml:lang="en" lang="en">
 <head>
  <title>
</title>
<meta http-equiv="Content-Type" content="text/html;charset=utf-8" />
  <meta name='ocr-system' content='tesseract 3.04.00' />
  <meta name='ocr-capabilities' content='ocr_page ocr_carea ocr_par ocr_line ocrx_word'/>
</head>
<body>
  <div class='ocr_page' id='page_1' title='image "./operarecensuitet03taciuoft_0424.png"; bbox 0 0 2138 4030; ppageno 0'>
   <div class='ocr_carea' id='block_1_1' title="bbox 1778 260 2003 346">
    <p class='ocr_par' dir='ltr' id='par_1_1' title="bbox 1778 260 2003 346">
     <span class='ocr_line' id='line_1_1' title="bbox 1778 260 2003 300; baseline 0.009 -3"><span class='ocrx_word' id='word_1_1' title='bbox 1778 262 1826 297; x_wconf 75' lang='lat' dir='ltr'><strong>A.</strong></span> <span class='ocrx_word' id='word_1_2' title='bbox 1849 260 1902 300; x_wconf 85' lang='lat' dir='ltr'><strong>U.</strong></span> <span class='ocrx_word' id='word_1_3' title='bbox 1918 262 2003 299; x_wconf 74' lang='lat'><strong>824.</strong></span> 
     </span>
     <span class='ocr_line' id='line_1_2' title="bbox 1781 304 2003 346; baseline 0.005 -7"><span class='ocrx_word' id='word_1_4' title='bbox 1781 304 1834 344; x_wconf 76' lang='lat' dir='ltr'><strong>A.</strong></span> <span class='ocrx_word' id='word_1_5' title='bbox 1857 305 1902 342; x_wconf 85' lang='lat' dir='ltr'><strong>C.</strong></span> <span class='ocrx_word' id='word_1_6' title='bbox 1946 307 2003 346; x_wconf 78' lang='lat'><strong>71,</strong></span> 
     </span>
    </p>
   </div>
   <div class='ocr_carea' id='block_1_2' title="bbox 233 259 1500 324">
    <p class='ocr_par' dir='ltr' id='par_1_2' title="bbox 233 259 1500 324">
     <span class='ocr_line' id='line_1_3' title="bbox 233 259 1500 324; baseline -0.003 0"><span class='ocrx_word' id='word_1_7' title='bbox 233 264 359 324; x_wconf 77' lang='lat'><strong>414</strong></span> <span class='ocrx_word' id='word_1_8' title='bbox 801 259 1500 323; x_wconf 78' lang='lat' dir='ltr'><strong>HISTORIARUM</strong></span> 
     </span>
    </p>
   </div>
   <div class='ocr_carea' id='block_1_3' title="bbox 151 390 2089 2004">
    <p class='ocr_par' dir='ltr' id='par_1_3' title="bbox 151 390 2089 2004">
     <span class='ocr_line' id='line_1_4' title="bbox 232 390 2089 471; baseline 0.004 -22"><span class='ocrx_word' id='word_1_9' title='bbox 232 393 322 450; x_wconf 86' lang='lat' dir='ltr'><strong>vis</strong></span> <span class='ocrx_word' id='word_1_10' title='bbox 351 390 903 467; x_wconf 80' lang='lat' dir='ltr'><strong>penesMucianum</strong></span> <span class='ocrx_word' id='word_1_11' title='bbox 941 402 1093 460; x_wconf 80' lang='lat' dir='ltr'><strong>erat,</strong></span> <span class='ocrx_word' id='word_1_12' title='bbox 1145 390 1262 446; x_wconf 88' lang='lat' dir='ltr'><strong>nisi</strong></span> <span class='ocrx_word' id='word_1_13' title='bbox 1299 393 1456 468; x_wconf 87' lang='lat' dir='ltr'><strong>quod</strong></span> <span class='ocrx_word' id='word_1_14' title='bbox 1495 393 1774 471; x_wconf 80' lang='lat' dir='ltr'><strong>pleraque</strong></span> <span class='ocrx_word' id='word_1_15' title='bbox 1797 394 2089 457; x_wconf 81' lang='lat' dir='ltr'><strong>Domitia-</strong></span> 
     </span>
     <span class='ocr_line' id='line_1_5' title="bbox 231 466 2089 552; baseline 0.003 -18"><span class='ocrx_word' id='word_1_16' title='bbox 231 498 344 535; x_wconf 89' lang='lat' dir='ltr'><strong>nus</strong></span> <span class='ocrx_word' id='word_1_17' title='bbox 389 477 806 550; x_wconf 78' lang='lat' dir='ltr'>instigantibus</span> <span class='ocrx_word' id='word_1_18' title='bbox 851 476 1054 532; x_wconf 85' lang='lat' dir='ltr'><strong>amicis</strong></span> <span class='ocrx_word' id='word_1_19' title='bbox 1103 488 1204 534; x_wconf 86' lang='lat' dir='ltr'><strong>aut</strong></span> <span class='ocrx_word' id='word_1_20' title='bbox 1250 477 1487 552; x_wconf 86' lang='lat' dir='ltr'><strong>propria</strong></span> <span class='ocrx_word' id='word_1_21' title='bbox 1518 478 1777 536; x_wconf 69' lang='lat' dir='ltr'><strong>&#39;libidine</strong></span> <span class='ocrx_word' id='word_1_22' title='bbox 1814 466 2089 542; x_wconf 65' lang='lat' dir='ltr'><strong>audebat.</strong></span> 
     </span>
     <span class='ocr_line' id='line_1_6' title="bbox 151 561 2085 651; baseline 0.002 -28"><span class='ocrx_word' id='word_1_23' title='bbox 151 616 154 623; x_wconf 84' lang='grc'><em>,</em></span> <span class='ocrx_word' id='word_1_24' title='bbox 231 565 331 620; x_wconf 91' lang='lat' dir='ltr'><strong>sed</strong></span> <span class='ocrx_word' id='word_1_25' title='bbox 369 563 718 639; x_wconf 84' lang='lat' dir='ltr'><strong>praecipuus</strong></span> <span class='ocrx_word' id='word_1_26' title='bbox 750 561 1034 620; x_wconf 86' lang='lat' dir='ltr'><strong>Muciano</strong></span> <span class='ocrx_word' id='word_1_27' title='bbox 1073 572 1264 618; x_wconf 90' lang='lat' dir='ltr'><strong>metus</strong></span> <span class='ocrx_word' id='word_1_28' title='bbox 1304 583 1334 618; x_wconf 92' lang='lat' dir='ltr'><strong>e</strong></span> <span class='ocrx_word' id='word_1_29' title='bbox 1365 561 1567 651; x_wconf 54' lang='lat' dir='ltr'><strong>Rrimo</strong></span> <span class='ocrx_word' id='word_1_30' title='bbox 1594 563 1862 624; x_wconf 84' lang='lat' dir='ltr'><strong>Antonio</strong></span> <span class='ocrx_word' id='word_1_31' title='bbox 1890 566 2085 626; x_wconf 88' lang='lat' dir='ltr'><strong>Varo-</strong></span> 
     </span>
     <span class='ocr_line' id='line_1_7' title="bbox 229 644 2085 725; baseline 0.002 -19"><span class='ocrx_word' id='word_1_32' title='bbox 229 663 343 725; x_wconf 85' lang='lat' dir='ltr'><strong>que</strong></span> <span class='ocrx_word' id='word_1_33' title='bbox 366 644 574 705; x_wconf 87' lang='lat' dir='ltr'><strong>Arrio:</strong></span> <span class='ocrx_word' id='word_1_34' title='bbox 621 668 768 725; x_wconf 91' lang='lat' dir='ltr'><strong>quos</strong></span> <span class='ocrx_word' id='word_1_35' title='bbox 794 657 1055 703; x_wconf 83' lang='lat' dir='ltr'><strong>recentes</strong></span> <span class='ocrx_word' id='word_1_36' title='bbox 1082 647 1385 723; x_wconf 86' lang='lat' dir='ltr'><strong>clarosque</strong></span> <span class='ocrx_word' id='word_1_37' title='bbox 1410 669 1611 706; x_wconf 90' lang='lat' dir='ltr'><strong>rerum</strong></span> <span class='ocrx_word' id='word_1_38' title='bbox 1636 650 1789 708; x_wconf 87' lang='lat' dir='ltr'><strong>fama</strong></span> <span class='ocrx_word' id='word_1_39' title='bbox 1823 672 1888 710; x_wconf 89' lang='lat' dir='ltr'><strong>ac</strong></span> <span class='ocrx_word' id='word_1_40' title='bbox 1922 653 2085 710; x_wconf 86' lang='lat' dir='ltr'><strong>mili-</strong></span> 
     </span>
     <span class='ocr_line' id='line_1_8' title="bbox 226 731 2084 810; baseline 0.002 -19"><span class='ocrx_word' id='word_1_41' title='bbox 226 747 354 792; x_wconf 88' lang='lat' dir='ltr'><strong>tum</strong></span> <span class='ocrx_word' id='word_1_42' title='bbox 380 733 590 790; x_wconf 87' lang='lat' dir='ltr'><strong>studiis</strong></span> <span class='ocrx_word' id='word_1_43' title='bbox 619 733 792 790; x_wconf 85' lang='lat' dir='ltr'><strong>etiam</strong></span> <span class='ocrx_word' id='word_1_44' title='bbox 818 731 1074 807; x_wconf 92' lang='lat' dir='ltr'><strong>populus</strong></span> <span class='ocrx_word' id='word_1_45' title='bbox 1099 732 1363 802; x_wconf 86' lang='lat' dir='ltr'><strong>fovebat,</strong></span> <span class='ocrx_word' id='word_1_46' title='bbox 1407 734 1544 810; x_wconf 90' lang='lat' dir='ltr'><strong>quia</strong></span> <span class='ocrx_word' id='word_1_47' title='bbox 1571 734 1635 790; x_wconf 91' lang='lat' dir='ltr'><strong>in</strong></span> <span class='ocrx_word' id='word_1_48' title='bbox 1662 737 1962 794; x_wconf 88' lang='lat' dir='ltr'><strong>neminem</strong></span> <span class='ocrx_word' id='word_1_49' title='bbox 1986 739 2084 797; x_wconf 73' lang='lat' dir='ltr'><strong>ul-&#39;</strong></span> 
     </span>
     <span class='ocr_line' id='line_1_9' title="bbox 226 814 2084 882; baseline 0.001 -4"><span class='ocrx_word' id='word_1_50' title='bbox 226 833 316 879; x_wconf 90' lang='lat' dir='ltr'><strong>tra</strong></span> <span class='ocrx_word' id='word_1_51' title='bbox 353 820 536 876; x_wconf 91' lang='lat' dir='ltr'><strong>aciem</strong></span> <span class='ocrx_word' id='word_1_52' title='bbox 571 818 917 875; x_wconf 79' lang='lat' dir='ltr'><strong>saevierant.</strong></span> <span class='ocrx_word' id='word_1_53' title='bbox 958 879 960 882; x_wconf 11' lang='lat' dir='ltr'>y</span> <span class='ocrx_word' id='word_1_54' title='bbox 1004 818 1394 874; x_wconf 76' lang='lat' dir='ltr'><strong>et&#39;ferebatur</strong></span> <span class='ocrx_word' id='word_1_55' title='bbox 1418 814 1718 877; x_wconf 90' lang='lat' dir='ltr'><strong>Antonius</strong></span> <span class='ocrx_word' id='word_1_56' title='bbox 1740 820 2084 882; x_wconf 86' lang='lat' dir='ltr'><strong>Scribonia-</strong></span> 
     </span>
     <span class='ocr_line' id='line_1_10' title="bbox 224 902 2083 982; baseline 0.002 -20"><span class='ocrx_word' id='word_1_57' title='bbox 224 926 371 963; x_wconf 86' lang='lat' dir='ltr'><strong>num</strong></span> <span class='ocrx_word' id='word_1_58' title='bbox 393 902 670 963; x_wconf 85' lang='lat' dir='ltr'>Crassum</span> <span class='ocrx_word' id='word_1_59' title='bbox 696 902 941 976; x_wconf 85' lang='lat' dir='ltr'><strong>egregiis</strong></span> <span class='ocrx_word' id='word_1_60' title='bbox 970 902 1294 960; x_wconf 86' lang='lat' dir='ltr'><strong>maioribus</strong></span> <span class='ocrx_word' id='word_1_61' title='bbox 1319 915 1374 960; x_wconf 89' lang='lat' dir='ltr'><strong>et</strong></span> <span class='ocrx_word' id='word_1_62' title='bbox 1399 903 1654 962; x_wconf 81' lang='lat' dir='ltr'><strong>fraterna</strong></span> <span class='ocrx_word' id='word_1_63' title='bbox 1686 906 1941 982; x_wconf 80' lang='lat' dir='ltr'><strong>imagine</strong></span> <span class='ocrx_word' id='word_1_64' title='bbox 1962 908 2083 966; x_wconf 84' lang='lat' dir='ltr'><strong>ful-</strong></span> 
     </span>
     <span class='ocr_line' id='line_1_11' title="bbox 223 983 2080 1066; baseline 0.002 -18"><span class='ocrx_word' id='word_1_65' title='bbox 223 1003 457 1066; x_wconf 87' lang='lat' dir='ltr'><strong>gentem</strong></span> <span class='ocrx_word' id='word_1_66' title='bbox 507 990 580 1045; x_wconf 91' lang='lat' dir='ltr'><strong>ad</strong></span> <span class='ocrx_word' id='word_1_67' title='bbox 621 988 1032 1062; x_wconf 85' lang='lat' dir='ltr'><strong>capessendam</strong></span> <span class='ocrx_word' id='word_1_68' title='bbox 1068 1008 1194 1044; x_wconf 91' lang='lat' dir='ltr'><strong>rem</strong></span> <span class='ocrx_word' id='word_1_69' title='bbox 1232 987 1531 1063; x_wconf 85' lang='lat' dir='ltr'><strong>publicam</strong></span> <span class='ocrx_word' id='word_1_70' title='bbox 1567 984 1864 1063; x_wconf 79' lang='lat' dir='ltr'><strong>hortatus,</strong></span> <span class='ocrx_word' id='word_1_71' title='bbox 1918 983 2080 1051; x_wconf 83' lang='lat' dir='ltr'><strong>haud</strong></span> 
     </span>
     <span class='ocr_line' id='line_1_12' title="bbox 221 1072 2080 1138; baseline 0.002 -3"><span class='ocrx_word' id='word_1_72' title='bbox 221 1078 494 1135; x_wconf 84' lang='lat' dir='ltr'><strong>defutura</strong></span> <span class='ocrx_word' id='word_1_73' title='bbox 533 1073 905 1130; x_wconf 84' lang='lat' dir='ltr'><strong>consciorum</strong></span> <span class='ocrx_word' id='word_1_74' title='bbox 943 1093 1157 1138; x_wconf 86' lang='lat' dir='ltr'><strong>manu,</strong></span> <span class='ocrx_word' id='word_1_75' title='bbox 1213 1074 1277 1128; x_wconf 92' lang='lat' dir='ltr'><strong>ni</strong></span> <span class='ocrx_word' id='word_1_76' title='bbox 1308 1072 1734 1132; x_wconf 88' lang='lat' dir='ltr'><strong>Scribonianus</strong></span> <span class='ocrx_word' id='word_1_77' title='bbox 1777 1078 2080 1138; x_wconf 84' lang='lat' dir='ltr'><strong>abnuisset</strong></span> 
     </span>
     <span class='ocr_line' id='line_1_13' title="bbox 216 1157 2076 1237; baseline 0 -18"><span class='ocrx_word' id='word_1_78' title='bbox 216 1182 292 1219; x_wconf 91' lang='lat' dir='ltr'><strong>ne</strong></span> <span class='ocrx_word' id='word_1_79' title='bbox 331 1159 550 1237; x_wconf 88' lang='lat' dir='ltr'><strong>paratis</strong></span> <span class='ocrx_word' id='word_1_80' title='bbox 586 1158 825 1234; x_wconf 90' lang='lat' dir='ltr'><strong>quidem</strong></span> <span class='ocrx_word' id='word_1_81' title='bbox 868 1158 1170 1232; x_wconf 87' lang='lat' dir='ltr'><strong>corrumpi</strong></span> <span class='ocrx_word' id='word_1_82' title='bbox 1203 1157 1422 1228; x_wconf 79' lang='lat' dir='ltr'><strong>facilis,</strong></span> <span class='ocrx_word' id='word_1_83' title='bbox 1480 1161 1629 1216; x_wconf 88' lang='lat' dir='ltr'><strong>adeo·</strong></span> <span class='ocrx_word' id='word_1_84' title='bbox 1667 1173 1934 1219; x_wconf 89' lang='lat' dir='ltr'><strong>metuens</strong></span> <span class='ocrx_word' id='word_1_85' title='bbox 1981 1163 2076 1220; x_wconf 90' lang='lat' dir='ltr'><strong>in-</strong></span> 
     </span>
     <span class='ocr_line' id='line_1_14' title="bbox 217 1242 2072 1321; baseline -0.001 -14"><span class='ocrx_word' id='word_1_86' title='bbox 217 1258 389 1307; x_wconf 88' lang='lat' dir='ltr'><strong>certa.</strong></span> <span class='ocrx_word' id='word_1_87' title='bbox 477 1242 666 1317; x_wconf 90' lang='lat' dir='ltr'><strong>Igitur</strong></span> <span class='ocrx_word' id='word_1_88' title='bbox 689 1242 1034 1313; x_wconf 88' lang='lat' dir='ltr'><strong>Mucianus,</strong></span> <span class='ocrx_word' id='word_1_89' title='bbox 1080 1243 1217 1320; x_wconf 89' lang='lat' dir='ltr'><strong>quia</strong></span> <span class='ocrx_word' id='word_1_90' title='bbox 1251 1245 1556 1319; x_wconf 82' lang='lat' dir='ltr'><strong>propalam</strong></span> <span class='ocrx_word' id='word_1_91' title='bbox 1590 1246 1850 1321; x_wconf 89' lang='lat' dir='ltr'><strong>opprimi</strong></span> <span class='ocrx_word' id='word_1_92' title='bbox 1878 1244 2072 1306; x_wconf 89' lang='lat' dir='ltr'><strong>Anto-</strong></span> 
     </span>
     <span class='ocr_line' id='line_1_15' title="bbox 214 1329 2074 1407; baseline 0 -17"><span class='ocrx_word' id='word_1_93' title='bbox 214 1334 348 1390; x_wconf 88' lang='lat' dir='ltr'><strong>nius</strong></span> <span class='ocrx_word' id='word_1_94' title='bbox 373 1330 685 1407; x_wconf 81' lang='lat' dir='ltr'><strong>nequibat,</strong></span> <span class='ocrx_word' id='word_1_95' title='bbox 729 1329 932 1385; x_wconf 90' lang='lat' dir='ltr'><strong>multis</strong></span> <span class='ocrx_word' id='word_1_96' title='bbox 958 1329 1024 1384; x_wconf 92' lang='lat' dir='ltr'><strong>in</strong></span> <span class='ocrx_word' id='word_1_97' title='bbox 1051 1340 1257 1386; x_wconf 92' lang='lat' dir='ltr'><strong>senatu</strong></span> <span class='ocrx_word' id='word_1_98' title='bbox 1282 1329 1558 1386; x_wconf 85' lang='lat' dir='ltr'><strong>laudibus</strong></span> <span class='ocrx_word' id='word_1_99' title='bbox 1582 1333 1945 1390; x_wconf 86' lang='lat' dir='ltr'><strong>cumulatum</strong></span> <span class='ocrx_word' id='word_1_100' title='bbox 1983 1353 2074 1390; x_wconf 84' lang='lat' dir='ltr'><strong>se-</strong></span> 
     </span>
     <span class='ocr_line' id='line_1_16' title="bbox 215 1411 2072 1492; baseline 0.001 -17"><span class='ocrx_word' id='word_1_101' title='bbox 215 1417 386 1476; x_wconf 86' lang='lat' dir='ltr'><strong>cretis</strong></span> <span class='ocrx_word' id='word_1_102' title='bbox 419 1413 725 1492; x_wconf 89' lang='lat' dir='ltr'><strong>promissis</strong></span> <span class='ocrx_word' id='word_1_103' title='bbox 762 1426 997 1483; x_wconf 88' lang='lat' dir='ltr'><strong>onerat,</strong></span> <span class='ocrx_word' id='word_1_104' title='bbox 1042 1414 1374 1471; x_wconf 86' lang='lat' dir='ltr'><strong>citeriorem</strong></span> <span class='ocrx_word' id='word_1_105' title='bbox 1398 1411 1749 1490; x_wconf 87' lang='lat' dir='ltr'><strong>Hispaniam</strong></span> <span class='ocrx_word' id='word_1_106' title='bbox 1773 1429 2072 1476; x_wconf 82' lang='lat' dir='ltr'><strong>ostentans</strong></span> 
     </span>
     <span class='ocr_line' id='line_1_17' title="bbox 211 1497 2075 1569; baseline 0 -8"><span class='ocrx_word' id='word_1_107' title='bbox 211 1505 471 1561; x_wconf 85' lang='lat' dir='ltr'><strong>discessu</strong></span> <span class='ocrx_word' id='word_1_108' title='bbox 493 1498 694 1557; x_wconf 86' lang='lat' dir='ltr'><strong>Cluvii</strong></span> <span class='ocrx_word' id='word_1_109' title='bbox 719 1497 861 1557; x_wconf 81' lang='lat' dir='ltr'><strong>Rufi</strong></span> <span class='ocrx_word' id='word_1_110' title='bbox 894 1519 1137 1556; x_wconf 88' lang='lat' dir='ltr'><strong>vacuam</strong></span> <span class='ocrx_word' id='word_1_111' title='bbox 1154 1545 1170 1569; x_wconf 87' lang='lat'>,</span> <span class='ocrx_word' id='word_1_112' title='bbox 1214 1500 1392 1556; x_wconf 90' lang='lat' dir='ltr'><strong>simul</strong></span> <span class='ocrx_word' id='word_1_113' title='bbox 1422 1501 1623 1557; x_wconf 91' lang='lat' dir='ltr'><strong>amicis</strong></span> <span class='ocrx_word' id='word_1_114' title='bbox 1651 1502 1776 1559; x_wconf 91' lang='lat' dir='ltr'><strong>eius</strong></span> <span class='ocrx_word' id='word_1_115' title='bbox 1803 1504 2075 1562; x_wconf 86' lang='lat' dir='ltr'><strong>tribuna-</strong></span> 
     </span>
     <span class='ocr_line' id='line_1_18' title="bbox 210 1585 2072 1663; baseline -0.001 -16"><span class='ocrx_word' id='word_1_116' title='bbox 210 1606 306 1647; x_wconf 87' lang='lat' dir='ltr'><strong>tus</strong></span> <span class='ocrx_word' id='word_1_117' title='bbox 353 1586 864 1663; x_wconf 86' lang='lat' dir='ltr'><strong>praefecturasque</strong></span> <span class='ocrx_word' id='word_1_118' title='bbox 916 1585 1181 1659; x_wconf 87' lang='lat' dir='ltr'><strong>largitur.</strong></span> <span class='ocrx_word' id='word_1_119' title='bbox 1281 1586 1421 1641; x_wconf 90' lang='lat' dir='ltr'><strong>dein</strong></span> <span class='ocrx_word' id='word_1_120' title='bbox 1472 1598 1783 1663; x_wconf 88' lang='lat' dir='ltr'><strong>postquam</strong></span> <span class='ocrx_word' id='word_1_121' title='bbox 1834 1588 2072 1646; x_wconf 87' lang='lat' dir='ltr'><strong>inanem</strong></span> 
     </span>
     <span class='ocr_line' id='line_1_19' title="bbox 210 1670 2071 1746; baseline -0.001 -14"><span class='ocrx_word' id='word_1_122' title='bbox 210 1675 476 1732; x_wconf 88' lang='lat' dir='ltr'><strong>animum</strong></span> <span class='ocrx_word' id='word_1_123' title='bbox 517 1691 618 1746; x_wconf 91' lang='lat' dir='ltr'><strong>spe</strong></span> <span class='ocrx_word' id='word_1_124' title='bbox 656 1683 712 1728; x_wconf 90' lang='lat' dir='ltr'><strong>et</strong></span> <span class='ocrx_word' id='word_1_125' title='bbox 749 1670 1029 1746; x_wconf 89' lang='lat' dir='ltr'><strong>cupidine</strong></span> <span class='ocrx_word' id='word_1_126' title='bbox 1077 1670 1449 1745; x_wconf 85' lang='lat' dir='ltr'><strong>impleverat,</strong></span> <span class='ocrx_word' id='word_1_127' title='bbox 1509 1672 1665 1728; x_wconf 85' lang='lat' dir='ltr'><strong>vires</strong></span> <span class='ocrx_word' id='word_1_128' title='bbox 1698 1673 1922 1744; x_wconf 86' lang='lat' dir='ltr'><strong>abolet,</strong></span> <span class='ocrx_word' id='word_1_129' title='bbox 1978 1675 2071 1731; x_wconf 89' lang='lat' dir='ltr'><strong>di-</strong></span> 
     </span>
     <span class='ocr_line' id='line_1_20' title="bbox 208 1753 2071 1831; baseline 0 -14"><span class='ocrx_word' id='word_1_130' title='bbox 208 1761 388 1817; x_wconf 90' lang='lat' dir='ltr'><strong>missa</strong></span> <span class='ocrx_word' id='word_1_131' title='bbox 415 1758 480 1814; x_wconf 88' lang='lat' dir='ltr'><strong>in</strong></span> <span class='ocrx_word' id='word_1_132' title='bbox 509 1753 760 1814; x_wconf 88' lang='lat' dir='ltr'><strong>hiberna</strong></span> <span class='ocrx_word' id='word_1_133' title='bbox 789 1757 1020 1830; x_wconf 89' lang='lat' dir='ltr'><strong>legione</strong></span> <span class='ocrx_word' id='word_1_134' title='bbox 1056 1757 1329 1831; x_wconf 87' lang='lat' dir='ltr'><strong>sept-ima,</strong></span> <span class='ocrx_word' id='word_1_135' title='bbox 1386 1757 1553 1814; x_wconf 89' lang='lat' dir='ltr'><strong>cuius</strong></span> <span class='ocrx_word' id='word_1_136' title='bbox 1584 1757 2071 1830; x_wconf 86' lang='lat' dir='ltr'><strong>flagrantissimus</strong></span> 
     </span>
     <span class='ocr_line' id='line_1_21' title="bbox 208 1839 2067 1914; baseline -0.001 -12"><span class='ocrx_word' id='word_1_137' title='bbox 208 1847 274 1903; x_wconf 92' lang='lat' dir='ltr'><strong>in</strong></span> <span class='ocrx_word' id='word_1_138' title='bbox 315 1840 649 1902; x_wconf 89' lang='lat' dir='ltr'><strong>Antonium</strong></span> <span class='ocrx_word' id='word_1_139' title='bbox 695 1861 880 1898; x_wconf 90' lang='lat' dir='ltr'><strong>amor.</strong></span> <span class='ocrx_word' id='word_1_140' title='bbox 969 1854 1023 1898; x_wconf 85' lang='lat' dir='ltr'><strong>et</strong></span> <span class='ocrx_word' id='word_1_141' title='bbox 1073 1841 1243 1898; x_wconf 87' lang='lat' dir='ltr'><strong>tertia</strong></span> <span class='ocrx_word' id='word_1_142' title='bbox 1296 1841 1480 1914; x_wconf 77' lang='lat' dir='ltr'><strong>legin,</strong></span> <span class='ocrx_word' id='word_1_143' title='bbox 1538 1842 1847 1901; x_wconf 88' lang='lat' dir='ltr'><strong>familiaris</strong></span> <span class='ocrx_word' id='word_1_144' title='bbox 1887 1839 2067 1902; x_wconf 87' lang='lat' dir='ltr'><strong>Arrio</strong></span> 
     </span>
     <span class='ocr_line' id='line_1_22' title="bbox 206 1925 2069 2004; baseline 0 -16"><span class='ocrx_word' id='word_1_145' title='bbox 206 1931 367 1988; x_wconf 88' lang='lat' dir='ltr'><strong>Varo</strong></span> <span class='ocrx_word' id='word_1_146' title='bbox 395 1929 598 1998; x_wconf 79' lang='lat' dir='ltr'><strong>mileS,</strong></span> <span class='ocrx_word' id='word_1_147' title='bbox 654 1927 718 1982; x_wconf 89' lang='lat' dir='ltr'><strong>in</strong></span> <span class='ocrx_word' id='word_1_148' title='bbox 741 1925 974 2004; x_wconf 89' lang='lat' dir='ltr'><strong>Syriam</strong></span> <span class='ocrx_word' id='word_1_149' title='bbox 1000 1927 1258 1984; x_wconf 84' lang='lat' dir='ltr'><strong>remissa.</strong></span> <span class='ocrx_word' id='word_1_150' title='bbox 1345 1947 1480 2002; x_wconf 86' lang='lat' dir='ltr'><strong>pars</strong></span> <span class='ocrx_word' id='word_1_151' title='bbox 1512 1927 1798 1987; x_wconf 82' lang='lat' dir='ltr'><strong>exercitus</strong></span> <span class='ocrx_word' id='word_1_152' title='bbox 1822 1929 1887 1985; x_wconf 92' lang='lat' dir='ltr'><strong>in</strong></span> <span class='ocrx_word' id='word_1_153' title='bbox 1915 1927 2069 1988; x_wconf 89' lang='lat' dir='ltr'><strong>Ger-</strong></span> 
     </span>
    </p>
   </div>
   <div class='ocr_carea' id='block_1_4' title="bbox 1169 2148 2116 2778">
    <p class='ocr_par' dir='ltr' id='par_1_4' title="bbox 1177 2148 2116 2249">
     <span class='ocr_line' id='line_1_23' title="bbox 1177 2148 2116 2208; baseline 0.004 -17"><span class='ocrx_word' id='word_1_154' title='bbox 1177 2150 1297 2201; x_wconf 88' lang='lat' dir='ltr'><strong>(cum</strong></span> <span class='ocrx_word' id='word_1_155' title='bbox 1335 2148 1483 2192; x_wconf 81' lang='lat' dir='ltr'><strong>silent.</strong></span> <span class='ocrx_word' id='word_1_156' title='bbox 1515 2149 1650 2206; x_wconf 71' lang='lat' dir='ltr'><strong>Vici.)</strong></span> <span class='ocrx_word' id='word_1_157' title='bbox 1685 2165 1782 2208; x_wconf 84' lang='lat' dir='ltr'><strong>sqq.</strong></span> <span class='ocrx_word' id='word_1_158' title='bbox 1817 2151 1871 2194; x_wconf 86' lang='lat' dir='ltr'><strong>ad</strong></span> <span class='ocrx_word' id='word_1_159' title='bbox 1902 2150 2058 2195; x_wconf 75' lang='lat' dir='ltr'><strong>Piche-</strong></span> <span class='ocrx_word' id='word_1_160' title='bbox 2112 2199 2116 2204; x_wconf 57' lang='grc'>,</span> 
     </span>
     <span class='ocr_line' id='line_1_24' title="bbox 1177 2205 1646 2249; baseline 0.004 -2"><span class='ocrx_word' id='word_1_161' title='bbox 1177 2221 1299 2248; x_wconf 84' lang='lat' dir='ltr'><strong>nam.</strong></span> <span class='ocrx_word' id='word_1_162' title='bbox 1334 2205 1392 2249; x_wconf 88' lang='lat' dir='ltr'><strong>cf.</strong></span> <span class='ocrx_word' id='word_1_163' title='bbox 1417 2205 1524 2247; x_wconf 81' lang='lat' dir='ltr'><strong>infr.</strong></span> <span class='ocrx_word' id='word_1_164' title='bbox 1549 2216 1646 2249; x_wconf 82' lang='lat' dir='ltr'><strong>not.</strong></span> 
     </span>
    </p>

    <p class='ocr_par' dir='ltr' id='par_1_5' title="bbox 1171 2263 2068 2501">
     <span class='ocr_line' id='line_1_25' title="bbox 1233 2263 2066 2322; baseline 0.005 -19"><span class='ocrx_word' id='word_1_165' title='bbox 1233 2264 1376 2304; x_wconf 78' lang='lat' dir='ltr'><strong>etiam</strong></span> <span class='ocrx_word' id='word_1_166' title='bbox 1413 2266 1630 2318; x_wconf 80' lang='lat' dir='ltr'><strong>popquS.</strong></span> <span class='ocrx_word' id='word_1_167' title='bbox 1701 2263 1803 2309; x_wconf 88' lang='lat' dir='ltr'><strong>MS.</strong></span> <span class='ocrx_word' id='word_1_168' title='bbox 1842 2267 1950 2322; x_wconf 80' lang='lat' dir='ltr'><strong>Agr.</strong></span> <span class='ocrx_word' id='word_1_169' title='bbox 1996 2265 2066 2308; x_wconf 86' lang='lat' dir='ltr'><strong>ed.</strong></span> 
     </span>
     <span class='ocr_line' id='line_1_26' title="bbox 1175 2319 2068 2383; baseline 0.006 -21"><span class='ocrx_word' id='word_1_170' title='bbox 1175 2319 1289 2378; x_wconf 85' lang='lat' dir='ltr'><strong>Spir.</strong></span> <span class='ocrx_word' id='word_1_171' title='bbox 1327 2328 1372 2362; x_wconf 80' lang='lat' dir='ltr'><strong>et</strong></span> <span class='ocrx_word' id='word_1_172' title='bbox 1397 2323 1616 2375; x_wconf 73' lang='lat' dir='ltr'><strong>populus.</strong></span> <span class='ocrx_word' id='word_1_173' title='bbox 1675 2320 1904 2383; x_wconf 56' lang='lat' dir='ltr'><strong>Nimirum</strong></span> <span class='ocrx_word' id='word_1_174' title='bbox 1940 2322 2068 2367; x_wconf 86' lang='lat' dir='ltr'><strong>facile</strong></span> 
     </span>
     <span class='ocr_line' id='line_1_27' title="bbox 1173 2380 2066 2434; baseline 0.004 -14"><span class='ocrx_word' id='word_1_175' title='bbox 1173 2385 1488 2434; x_wconf 73' lang='lat' dir='ltr'><strong>permutantur</strong></span> <span class='ocrx_word' id='word_1_176' title='bbox 1521 2386 1568 2420; x_wconf 84' lang='lat' dir='ltr'><strong>et</strong></span> <span class='ocrx_word' id='word_1_177' title='bbox 1602 2387 1644 2422; x_wconf 79' lang='lat' dir='ltr'><strong>et</strong></span> <span class='ocrx_word' id='word_1_178' title='bbox 1675 2386 1738 2422; x_wconf 78' lang='lat' dir='ltr'><strong>et.</strong></span> <span class='ocrx_word' id='word_1_179' title='bbox 1810 2380 1921 2423; x_wconf 83' lang='lat' dir='ltr'><strong>Mox</strong></span> <span class='ocrx_word' id='word_1_180' title='bbox 1959 2381 2066 2425; x_wconf 87' lang='lat' dir='ltr'><strong>MS.</strong></span> 
     </span>
     <span class='ocr_line' id='line_1_28' title="bbox 1171 2434 1874 2501; baseline 0.006 -24"><span class='ocrx_word' id='word_1_181' title='bbox 1171 2434 1321 2478; x_wconf 80' lang='lat' dir='ltr'><strong>Guelf.</strong></span> <span class='ocrx_word' id='word_1_182' title='bbox 1344 2438 1626 2501; x_wconf 61' lang='lat' dir='ltr'><strong>scgw&#39;erant,</strong></span> <span class='ocrx_word' id='word_1_183' title='bbox 1657 2437 1720 2479; x_wconf 83' lang='lat' dir='ltr'><strong>uti</strong></span> <span class='ocrx_word' id='word_1_184' title='bbox 1747 2437 1874 2481; x_wconf 77' lang='lat' dir='ltr'><strong>solet.</strong></span> 
     </span>
    </p>

    <p class='ocr_par' dir='ltr' id='par_1_6' title="bbox 1169 2491 2064 2609">
     <span class='ocr_line' id='line_1_29' title="bbox 1214 2491 2064 2548; baseline 0.006 -15"><span class='ocrx_word' id='word_1_185' title='bbox 1214 2491 1444 2548; x_wconf 78' lang='lat' dir='ltr'><strong>fraterna</strong></span> <span class='ocrx_word' id='word_1_186' title='bbox 1485 2494 1710 2548; x_wconf 77' lang='lat' dir='ltr'><strong>imagine.</strong></span> <span class='ocrx_word' id='word_1_187' title='bbox 1784 2494 1834 2538; x_wconf 88' lang='lat' dir='ltr'><strong>L.</strong></span> <span class='ocrx_word' id='word_1_188' title='bbox 1869 2494 2064 2544; x_wconf 86' lang='lat' dir='ltr'><strong>Pisonis,</strong></span> 
     </span>
     <span class='ocr_line' id='line_1_30' title="bbox 1169 2548 1787 2609; baseline 0.006 -17"><span class='ocrx_word' id='word_1_189' title='bbox 1169 2565 1302 2608; x_wconf 87' lang='lat' dir='ltr'><strong>quem</strong></span> <span class='ocrx_word' id='word_1_190' title='bbox 1327 2548 1467 2593; x_wconf 83' lang='lat' dir='ltr'><strong>Galba</strong></span> <span class='ocrx_word' id='word_1_191' title='bbox 1493 2551 1787 2609; x_wconf 82' lang='lat' dir='ltr'><strong>adoptaverat.</strong></span> 
     </span>
    </p>

    <p class='ocr_par' dir='ltr' id='par_1_7' title="bbox 1170 2606 2066 2722">
     <span class='ocr_line' id='line_1_31' title="bbox 1226 2606 2066 2661; baseline 0.004 -12"><span class='ocrx_word' id='word_1_192' title='bbox 1226 2610 1291 2649; x_wconf 80' lang='lat' dir='ltr'><strong>ad</strong></span> <span class='ocrx_word' id='word_1_193' title='bbox 1337 2612 1688 2661; x_wconf 77' lang='lat' dir='ltr'><strong>capessendam.</strong></span> <span class='ocrx_word' id='word_1_194' title='bbox 1774 2606 1876 2652; x_wconf 88' lang='lat' dir='ltr'><strong>MS.</strong></span> <span class='ocrx_word' id='word_1_195' title='bbox 1914 2607 2066 2654; x_wconf 77' lang='lat' dir='ltr'><strong>Guelf.</strong></span> 
     </span>
     <span class='ocr_line' id='line_1_32' title="bbox 1170 2663 2005 2722; baseline 0.004 -16"><span class='ocrx_word' id='word_1_196' title='bbox 1170 2664 1270 2707; x_wconf 87' lang='lat' dir='ltr'><strong>edd.</strong></span> <span class='ocrx_word' id='word_1_197' title='bbox 1292 2664 1409 2721; x_wconf 82' lang='lat' dir='ltr'><strong>Spir.</strong></span> <span class='ocrx_word' id='word_1_198' title='bbox 1438 2663 1546 2708; x_wconf 83' lang='lat' dir='ltr'><strong>Ald.</strong></span> <span class='ocrx_word' id='word_1_199' title='bbox 1574 2669 1639 2707; x_wconf 81' lang='lat' dir='ltr'><strong>ad</strong></span> <span class='ocrx_word' id='word_1_200' title='bbox 1659 2669 2005 2722; x_wconf 81' lang='lat' dir='ltr'><strong>capescendam.</strong></span> 
     </span>
    </p>

    <p class='ocr_par' dir='ltr' id='par_1_8' title="bbox 1224 2721 2058 2778">
     <span class='ocr_line' id='line_1_33' title="bbox 1224 2721 2058 2778; baseline 0.004 -15"><span class='ocrx_word' id='word_1_201' title='bbox 1224 2737 1281 2763; x_wconf 84' lang='lat' dir='ltr'><strong>ne</strong></span> <span class='ocrx_word' id='word_1_202' title='bbox 1296 2723 1487 2776; x_wconf 73' lang='lat' dir='ltr'><strong>paratis</strong></span> <span class='ocrx_word' id='word_1_203' title='bbox 1509 2724 1712 2778; x_wconf 75' lang='lat' dir='ltr'><strong>quidem.</strong></span> <span class='ocrx_word' id='word_1_204' title='bbox 1756 2721 2058 2767; x_wconf 79' lang='lat' dir='ltr'><strong>MSS.Gue1f.</strong></span> 
     </span>
    </p>
   </div>
   <div class='ocr_carea' id='block_1_5' title="bbox 172 2147 1104 2772">
    <p class='ocr_par' dir='ltr' id='par_1_9' title="bbox 172 2147 1104 2772">
     <span class='ocr_line' id='line_1_34' title="bbox 205 2147 1104 2206; baseline -0.003 -11"><span class='ocrx_word' id='word_1_205' title='bbox 205 2150 491 2195; x_wconf 82' lang='lat' dir='ltr'><strong>V.Be1·oa1d.</strong></span> <span class='ocrx_word' id='word_1_206' title='bbox 517 2151 641 2206; x_wconf 87' lang='lat' dir='ltr'><strong>(cum</strong></span> <span class='ocrx_word' id='word_1_207' title='bbox 665 2147 811 2190; x_wconf 87' lang='lat' dir='ltr'><strong>silent.</strong></span> <span class='ocrx_word' id='word_1_208' title='bbox 830 2147 972 2201; x_wconf 81' lang='lat' dir='ltr'><strong>Vict.)</strong></span> <span class='ocrx_word' id='word_1_209' title='bbox 997 2147 1104 2196; x_wconf 83' lang='lat' dir='ltr'><strong>Alc.</strong></span> 
     </span>
     <span class='ocr_line' id='line_1_35' title="bbox 203 2206 1103 2268; baseline -0.01 -13"><span class='ocrx_word' id='word_1_210' title='bbox 203 2207 387 2268; x_wconf 75' lang='lat' dir='ltr'><strong>Micyll.</strong></span> <span class='ocrx_word' id='word_1_211' title='bbox 461 2207 525 2252; x_wconf 77' lang='lat' dir='ltr'><strong>ef.</strong></span> <span class='ocrx_word' id='word_1_212' title='bbox 567 2207 652 2249; x_wconf 88' lang='lat' dir='ltr'><strong>An.</strong></span> <span class='ocrx_word' id='word_1_213' title='bbox 680 2206 722 2256; x_wconf 87' lang='lat'><strong>6,</strong></span> <span class='ocrx_word' id='word_1_214' title='bbox 754 2207 827 2249; x_wconf 74' lang='lat'><strong>24.</strong></span> <span class='ocrx_word' id='word_1_215' title='bbox 876 2207 1103 2259; x_wconf 75' lang='lat' dir='ltr'><strong>epistolae</strong></span> 
     </span>
     <span class='ocr_line' id='line_1_36' title="bbox 201 2264 1028 2318; baseline -0.01 -5"><span class='ocrx_word' id='word_1_216' title='bbox 201 2280 449 2314; x_wconf 82' lang='lat' dir='ltr'><strong>servorum</strong></span> <span class='ocrx_word' id='word_1_217' title='bbox 467 2265 667 2307; x_wconf 83' lang='lat' dir='ltr'><strong>nomina</strong></span> <span class='ocrx_word' id='word_1_218' title='bbox 686 2264 1028 2318; x_wconf 71' lang='lat' dir='ltr'><strong>praeferebant.</strong></span> 
     </span>
     <span class='ocr_line' id='line_1_37' title="bbox 260 2319 1102 2380; baseline -0.005 -12"><span class='ocrx_word' id='word_1_219' title='bbox 260 2328 329 2368; x_wconf 85' lang='lat' dir='ltr'><strong>vis</strong></span> <span class='ocrx_word' id='word_1_220' title='bbox 359 2337 506 2380; x_wconf 80' lang='lat' dir='ltr'><strong>penes</strong></span> <span class='ocrx_word' id='word_1_221' title='bbox 540 2321 661 2364; x_wconf 77' lang='lat' dir='ltr'><strong>Mac.</strong></span> <span class='ocrx_word' id='word_1_222' title='bbox 731 2320 809 2363; x_wconf 86' lang='lat' dir='ltr'><strong>Sic</strong></span> <span class='ocrx_word' id='word_1_223' title='bbox 843 2319 947 2363; x_wconf 87' lang='lat' dir='ltr'><strong>edd.</strong></span> <span class='ocrx_word' id='word_1_224' title='bbox 980 2319 1102 2378; x_wconf 83' lang='lat' dir='ltr'><strong>Lips.</strong></span> 
     </span>
     <span class='ocr_line' id='line_1_38' title="bbox 172 2378 1102 2439; baseline -0.009 -12"><span class='ocrx_word' id='word_1_225' title='bbox 172 2382 173 2385; x_wconf 32' lang='lat'>¹</span> <span class='ocrx_word' id='word_1_226' title='bbox 203 2383 327 2439; x_wconf 85' lang='lat' dir='ltr'><strong>(inde</strong></span> <span class='ocrx_word' id='word_1_227' title='bbox 363 2383 416 2425; x_wconf 89' lang='lat' dir='ltr'><strong>ab</strong></span> <span class='ocrx_word' id='word_1_228' title='bbox 443 2397 513 2423; x_wconf 88' lang='lat' dir='ltr'><strong>an.</strong></span> <span class='ocrx_word' id='word_1_229' title='bbox 544 2378 694 2431; x_wconf 81' lang='lat'><strong>1574.)</strong></span> <span class='ocrx_word' id='word_1_230' title='bbox 719 2386 761 2421; x_wconf 87' lang='lat' dir='ltr'><strong>et</strong></span> <span class='ocrx_word' id='word_1_231' title='bbox 781 2393 878 2435; x_wconf 91' lang='lat' dir='ltr'><strong>sqq.</strong></span> <span class='ocrx_word' id='word_1_232' title='bbox 917 2400 972 2410; x_wconf 92' lang='lat'><strong>—-</strong></span> <span class='ocrx_word' id='word_1_233' title='bbox 1031 2381 1102 2420; x_wconf 81' lang='lat' dir='ltr'><strong>ius</strong></span> 
     </span>
     <span class='ocr_line' id='line_1_39' title="bbox 195 2434 1099 2498; baseline -0.009 -14"><span class='ocrx_word' id='word_1_234' title='bbox 195 2455 338 2498; x_wconf 84' lang='lat' dir='ltr'><strong>penes</strong></span> <span class='ocrx_word' id='word_1_235' title='bbox 361 2439 424 2483; x_wconf 86' lang='lat' dir='ltr'><strong>M.</strong></span> <span class='ocrx_word' id='word_1_236' title='bbox 444 2437 578 2480; x_wconf 87' lang='lat' dir='ltr'><strong>MSS.</strong></span> <span class='ocrx_word' id='word_1_237' title='bbox 599 2444 644 2479; x_wconf 85' lang='lat' dir='ltr'><strong>et</strong></span> <span class='ocrx_word' id='word_1_238' title='bbox 667 2435 766 2479; x_wconf 87' lang='lat' dir='ltr'><strong>edd.</strong></span> <span class='ocrx_word' id='word_1_239' title='bbox 788 2443 895 2480; x_wconf 80' lang='lat' dir='ltr'><strong>vett.</strong></span> <span class='ocrx_word' id='word_1_240' title='bbox 923 2434 1099 2490; x_wconf 76' lang='lat' dir='ltr'><strong>vulgari</strong></span> 
     </span>
     <span class='ocr_line' id='line_1_40' title="bbox 200 2491 1097 2543; baseline -0.008 -1"><span class='ocrx_word' id='word_1_241' title='bbox 200 2497 484 2543; x_wconf 82' lang='lat' dir='ltr'><strong>confusione.</strong></span> <span class='ocrx_word' id='word_1_242' title='bbox 547 2493 652 2537; x_wconf 86' lang='lat' dir='ltr'><strong>Vid.</strong></span> <span class='ocrx_word' id='word_1_243' title='bbox 681 2501 775 2535; x_wconf 87' lang='lat' dir='ltr'><strong>not.</strong></span> <span class='ocrx_word' id='word_1_244' title='bbox 798 2493 850 2534; x_wconf 88' lang='lat' dir='ltr'><strong>ad</strong></span> <span class='ocrx_word' id='word_1_245' title='bbox 877 2493 965 2536; x_wconf 82' lang='lat' dir='ltr'><strong>An.</strong></span> <span class='ocrx_word' id='word_1_246' title='bbox 995 2495 1031 2542; x_wconf 87' lang='lat'><strong>1,</strong></span> <span class='ocrx_word' id='word_1_247' title='bbox 1054 2491 1097 2535; x_wconf 85' lang='lat'><strong>8.</strong></span> 
     </span>
     <span class='ocr_line' id='line_1_41' title="bbox 201 2549 1096 2610; baseline -0.011 -9"><span class='ocrx_word' id='word_1_248' title='bbox 201 2556 449 2601; x_wconf 80' lang='lat' dir='ltr'><strong>Oberlinus</strong></span> <span class='ocrx_word' id='word_1_249' title='bbox 492 2551 692 2610; x_wconf 84' lang='lat' dir='ltr'><strong>prodidit</strong></span> <span class='ocrx_word' id='word_1_250' title='bbox 736 2549 783 2591; x_wconf 89' lang='lat' dir='ltr'><strong>in</strong></span> <span class='ocrx_word' id='word_1_251' title='bbox 833 2551 933 2593; x_wconf 87' lang='lat' dir='ltr'><strong>cod.</strong></span> <span class='ocrx_word' id='word_1_252' title='bbox 979 2550 1096 2592; x_wconf 89' lang='lat' dir='ltr'><strong>Bud.</strong></span> 
     </span>
     <span class='ocr_line' id='line_1_42' title="bbox 200 2606 1097 2671; baseline -0.011 -13"><span class='ocrx_word' id='word_1_253' title='bbox 200 2629 293 2658; x_wconf 90' lang='lat' dir='ltr'><strong>non</strong></span> <span class='ocrx_word' id='word_1_254' title='bbox 325 2627 455 2671; x_wconf 89' lang='lat' dir='ltr'><strong>posse</strong></span> <span class='ocrx_word' id='word_1_255' title='bbox 486 2609 706 2657; x_wconf 83' lang='lat' dir='ltr'><strong>discerni,</strong></span> <span class='ocrx_word' id='word_1_256' title='bbox 744 2615 899 2649; x_wconf 70' lang='lat' dir='ltr'><strong>utrum</strong></span> <span class='ocrx_word' id='word_1_257' title='bbox 934 2606 990 2650; x_wconf 84' lang='lat' dir='ltr'><strong>sit</strong></span> <span class='ocrx_word' id='word_1_258' title='bbox 1022 2608 1097 2649; x_wconf 79' lang='lat' dir='ltr'><strong>ias</strong></span> 
     </span>
     <span class='ocr_line' id='line_1_43' title="bbox 199 2666 1094 2715; baseline -0.011 0"><span class='ocrx_word' id='word_1_259' title='bbox 199 2688 255 2715; x_wconf 87' lang='lat' dir='ltr'><strong>an</strong></span> <span class='ocrx_word' id='word_1_260' title='bbox 285 2673 368 2714; x_wconf 82' lang='lat' dir='ltr'><strong>vis.</strong></span> <span class='ocrx_word' id='word_1_261' title='bbox 427 2667 526 2712; x_wconf 87' lang='lat' dir='ltr'><strong>Hoc</strong></span> <span class='ocrx_word' id='word_1_262' title='bbox 556 2667 658 2709; x_wconf 89' lang='lat' dir='ltr'><strong>loco</strong></span> <span class='ocrx_word' id='word_1_263' title='bbox 686 2667 751 2707; x_wconf 74' lang='lat' dir='ltr'><strong>vis</strong></span> <span class='ocrx_word' id='word_1_264' title='bbox 775 2666 907 2708; x_wconf 87' lang='lat' dir='ltr'><strong>unice</strong></span> <span class='ocrx_word' id='word_1_265' title='bbox 935 2680 1094 2707; x_wconf 86' lang='lat' dir='ltr'><strong>verum</strong></span> 
     </span>
     <span class='ocr_line' id='line_1_44' title="bbox 199 2721 1096 2772; baseline -0.01 0"><span class='ocrx_word' id='word_1_266' title='bbox 199 2738 276 2772; x_wconf 73' lang='lat' dir='ltr'><strong>est.</strong></span> <span class='ocrx_word' id='word_1_267' title='bbox 312 2755 370 2764; x_wconf 86' lang='lat'><strong>---</strong></span> <span class='ocrx_word' id='word_1_268' title='bbox 423 2727 535 2769; x_wconf 78' lang='lat' dir='ltr'><strong>Mox</strong></span> <span class='ocrx_word' id='word_1_269' title='bbox 565 2724 761 2767; x_wconf 80' lang='lat' dir='ltr'><strong>verbum</strong></span> <span class='ocrx_word' id='word_1_270' title='bbox 806 2730 912 2765; x_wconf 80' lang='lat' dir='ltr'><strong>erat</strong></span> <span class='ocrx_word' id='word_1_271' title='bbox 941 2721 1096 2764; x_wconf 79' lang='lat' dir='ltr'><strong>ferunt</strong></span> 
     </span>
    </p>
   </div>
   <div class='ocr_carea' id='block_1_6' title="bbox 184 2778 1098 3647">
    <p class='ocr_par' dir='ltr' id='par_1_10' title="bbox 184 2778 1098 3304">
     <span class='ocr_line' id='line_1_45' title="bbox 184 2778 1098 2838; baseline -0.008 -10"><span class='ocrx_word' id='word_1_272' title='bbox 184 2787 328 2831; x_wconf 82' lang='lat' dir='ltr'><strong>MSS.</strong></span> <span class='ocrx_word' id='word_1_273' title='bbox 350 2785 476 2828; x_wconf 74' lang='lat' dir='ltr'><strong>Flor.</strong></span> <span class='ocrx_word' id='word_1_274' title='bbox 501 2787 623 2838; x_wconf 83' lang='lat' dir='ltr'><strong>(test.</strong></span> <span class='ocrx_word' id='word_1_275' title='bbox 639 2780 787 2835; x_wconf 85' lang='lat' dir='ltr'><strong>Pieh.)</strong></span> <span class='ocrx_word' id='word_1_276' title='bbox 815 2778 967 2822; x_wconf 84' lang='lat' dir='ltr'><strong>Guelf.</strong></span> <span class='ocrx_word' id='word_1_277' title='bbox 987 2780 1098 2836; x_wconf 78' lang='lat' dir='ltr'><strong>Agr.</strong></span> 
     </span>
     <span class='ocr_line' id='line_1_46' title="bbox 196 2836 1090 2892; baseline -0.009 -6"><span class='ocrx_word' id='word_1_278' title='bbox 196 2844 297 2888; x_wconf 83' lang='lat' dir='ltr'><strong>edd.</strong></span> <span class='ocrx_word' id='word_1_279' title='bbox 347 2852 449 2886; x_wconf 77' lang='lat' dir='ltr'><strong>ante</strong></span> <span class='ocrx_word' id='word_1_280' title='bbox 479 2840 744 2883; x_wconf 72' lang='lat' dir='ltr'><strong>Rhenanam</strong></span> <span class='ocrx_word' id='word_1_281' title='bbox 785 2838 907 2892; x_wconf 85' lang='lat' dir='ltr'><strong>(cum</strong></span> <span class='ocrx_word' id='word_1_282' title='bbox 943 2836 1090 2879; x_wconf 84' lang='lat' dir='ltr'><strong>silent.</strong></span> 
     </span>
     <span class='ocr_line' id='line_1_47' title="bbox 193 2894 1091 2955; baseline -0.006 -13"><span class='ocrx_word' id='word_1_283' title='bbox 193 2901 334 2955; x_wconf 70' lang='lat' dir='ltr'><strong>vict.)</strong></span> <span class='ocrx_word' id='word_1_284' title='bbox 381 2907 423 2942; x_wconf 84' lang='lat' dir='ltr'><strong>et</strong></span> <span class='ocrx_word' id='word_1_285' title='bbox 465 2899 536 2941; x_wconf 89' lang='lat' dir='ltr'><strong>ed.</strong></span> <span class='ocrx_word' id='word_1_286' title='bbox 573 2897 671 2938; x_wconf 82' lang='lat' dir='ltr'><strong>Mic</strong></span> <span class='ocrx_word' id='word_1_287' title='bbox 690 2894 766 2939; x_wconf 83' lang='lat' dir='ltr'><strong>⁷lli.</strong></span> <span class='ocrx_word' id='word_1_288' title='bbox 850 2894 1091 2937; x_wconf 87' lang='lat' dir='ltr'><strong>Rhenanus</strong></span> 
     </span>
     <span class='ocr_line' id='line_1_48' title="bbox 194 2912 1092 3003; baseline -0.009 0"><span class='ocrx_word' id='word_1_289' title='bbox 194 2958 461 3003; x_wconf 77' lang='lat' dir='ltr'><strong>auctoritate</strong></span> <span class='ocrx_word' id='word_1_290' title='bbox 518 2953 620 2998; x_wconf 86' lang='lat' dir='ltr'><strong>cod.</strong></span> <span class='ocrx_word' id='word_1_291' title='bbox 673 2912 792 2994; x_wconf 69' lang='lat' dir='ltr'><strong>i3nd.</strong></span> <span class='ocrx_word' id='word_1_292' title='bbox 865 2952 1092 2995; x_wconf 76' lang='lat' dir='ltr'><strong>deleverat</strong></span> 
     </span>
     <span class='ocr_line' id='line_1_49' title="bbox 195 3008 1090 3066; baseline -0.009 -7"><span class='ocrx_word' id='word_1_293' title='bbox 195 3023 322 3066; x_wconf 84' lang='lat' dir='ltr'><strong>erat,</strong></span> <span class='ocrx_word' id='word_1_294' title='bbox 356 3014 650 3056; x_wconf 77' lang='lat' dir='ltr'><strong>restituerunt</strong></span> <span class='ocrx_word' id='word_1_295' title='bbox 667 3010 859 3052; x_wconf 72' lang='lat' dir='ltr'><strong>Pithena</strong></span> <span class='ocrx_word' id='word_1_296' title='bbox 874 3041 886 3058; x_wconf 90' lang='lat'>,</span> <span class='ocrx_word' id='word_1_297' title='bbox 916 3008 1090 3066; x_wconf 79' lang='lat' dir='ltr'><strong>Lipsius</strong></span> 
     </span>
     <span class='ocr_line' id='line_1_50' title="bbox 192 3066 1088 3132; baseline -0.01 -16"><span class='ocrx_word' id='word_1_298' title='bbox 192 3073 352 3132; x_wconf 81' lang='lat'><strong>(1607.)</strong></span> <span class='ocrx_word' id='word_1_299' title='bbox 370 3071 678 3126; x_wconf 76' lang='lat' dir='ltr'><strong>Berneggerus</strong></span> <span class='ocrx_word' id='word_1_300' title='bbox 694 3083 791 3125; x_wconf 87' lang='lat' dir='ltr'><strong>sqq.</strong></span> <span class='ocrx_word' id='word_1_301' title='bbox 803 3090 850 3099; x_wconf 92' lang='lat'><strong>—</strong></span> <span class='ocrx_word' id='word_1_302' title='bbox 886 3066 977 3109; x_wconf 83' lang='lat' dir='ltr'><strong>Pro</strong></span> <span class='ocrx_word' id='word_1_303' title='bbox 990 3067 1088 3108; x_wconf 83' lang='lat' dir='ltr'><strong>Mu-</strong></span> 
     </span>
     <span class='ocr_line' id='line_1_51' title="bbox 192 3123 1087 3176; baseline -0.011 -1"><span class='ocrx_word' id='word_1_304' title='bbox 192 3135 376 3176; x_wconf 69' lang='lat' dir='ltr'><strong>cianum</strong></span> <span class='ocrx_word' id='word_1_305' title='bbox 398 3129 499 3170; x_wconf 85' lang='lat' dir='ltr'><strong>MS.</strong></span> <span class='ocrx_word' id='word_1_306' title='bbox 526 3124 682 3170; x_wconf 86' lang='lat' dir='ltr'><strong>Guelf.</strong></span> <span class='ocrx_word' id='word_1_307' title='bbox 714 3125 758 3167; x_wconf 74' lang='lat' dir='ltr'><strong>iu</strong></span> <span class='ocrx_word' id='word_1_308' title='bbox 782 3134 993 3168; x_wconf 79' lang='lat' dir='ltr'><strong>contextu</strong></span> <span class='ocrx_word' id='word_1_309' title='bbox 1016 3123 1087 3166; x_wconf 83' lang='lat' dir='ltr'><strong>ha·</strong></span> 
     </span>
     <span class='ocr_line' id='line_1_52' title="bbox 191 3180 1088 3238; baseline -0.01 -5"><span class='ocrx_word' id='word_1_310' title='bbox 191 3191 267 3233; x_wconf 86' lang='lat' dir='ltr'><strong>bet</strong></span> <span class='ocrx_word' id='word_1_311' title='bbox 290 3186 635 3230; x_wconf 84' lang='lat' dir='ltr'><strong>Domitianum.</strong></span> <span class='ocrx_word' id='word_1_312' title='bbox 711 3183 770 3224; x_wconf 87' lang='lat' dir='ltr'><strong>At</strong></span> <span class='ocrx_word' id='word_1_313' title='bbox 803 3182 848 3225; x_wconf 83' lang='lat' dir='ltr'><strong>in</strong></span> <span class='ocrx_word' id='word_1_314' title='bbox 887 3180 1088 3238; x_wconf 78' lang='lat' dir='ltr'><strong>margine</strong></span> 
     </span>
     <span class='ocr_line' id='line_1_53' title="bbox 191 3241 800 3304; baseline -0.016 -13"><span class='ocrx_word' id='word_1_315' title='bbox 191 3245 380 3304; x_wconf 76' lang='lat' dir='ltr'><strong>legitur:</strong></span> <span class='ocrx_word' id='word_1_316' title='bbox 412 3244 488 3284; x_wconf 81' lang='lat' dir='ltr'><strong>vel</strong></span> <span class='ocrx_word' id='word_1_317' title='bbox 514 3241 800 3284; x_wconf 81' lang='lat' dir='ltr'><strong>Mucianum.</strong></span> 
     </span>
    </p>

    <p class='ocr_par' dir='ltr' id='par_1_11' title="bbox 186 3294 1084 3647">
     <span class='ocr_line' id='line_1_54' title="bbox 251 3294 1084 3358; baseline -0.01 -12"><span class='ocrx_word' id='word_1_318' title='bbox 251 3304 468 3358; x_wconf 82' lang='lat' dir='ltr'><strong>Varoque</strong></span> <span class='ocrx_word' id='word_1_319' title='bbox 491 3300 649 3343; x_wconf 83' lang='lat' dir='ltr'><strong>Arrio.</strong></span> <span class='ocrx_word' id='word_1_320' title='bbox 711 3295 786 3340; x_wconf 86' lang='lat' dir='ltr'><strong>Sic</strong></span> <span class='ocrx_word' id='word_1_321' title='bbox 810 3297 946 3339; x_wconf 77' lang='lat' dir='ltr'><strong>MSS.</strong></span> <span class='ocrx_word' id='word_1_322' title='bbox 962 3294 1084 3338; x_wconf 83' lang='lat' dir='ltr'><strong>Flor.</strong></span> 
     </span>
     <span class='ocr_line' id='line_1_55' title="bbox 189 3353 1083 3419; baseline -0.013 -14"><span class='ocrx_word' id='word_1_323' title='bbox 189 3367 306 3419; x_wconf 76' lang='lat' dir='ltr'><strong>(test.</strong></span> <span class='ocrx_word' id='word_1_324' title='bbox 333 3358 483 3410; x_wconf 81' lang='lat' dir='ltr'><strong>Pich.)</strong></span> <span class='ocrx_word' id='word_1_325' title='bbox 509 3354 662 3397; x_wconf 82' lang='lat' dir='ltr'><strong>Guelf.</strong></span> <span class='ocrx_word' id='word_1_326' title='bbox 689 3355 788 3396; x_wconf 81' lang='lat' dir='ltr'><strong>edd.</strong></span> <span class='ocrx_word' id='word_1_327' title='bbox 820 3353 941 3397; x_wconf 85' lang='lat' dir='ltr'><strong>Pich.</strong></span> <span class='ocrx_word' id='word_1_328' title='bbox 970 3354 1083 3394; x_wconf 75' lang='lat' dir='ltr'><strong>Ber-</strong></span> 
     </span>
     <span class='ocr_line' id='line_1_56' title="bbox 186 3409 1082 3518; baseline -0.012 1"><span class='ocrx_word' id='word_1_329' title='bbox 186 3431 401 3518; x_wconf 54' lang='lat' dir='ltr'><strong>gegssgagq</strong></span> <span class='ocrx_word' id='word_1_330' title='bbox 439 3414 467 3514; x_wconf 58' lang='lat'>3</span> <span class='ocrx_word' id='word_1_331' title='bbox 516 3413 604 3513; x_wconf 58' lang='grc' dir='ltr'><strong>ἑὲ</strong></span> <span class='ocrx_word' id='word_1_332' title='bbox 628 3411 819 3510; x_wconf 58' lang='lat'><strong>2³:15}</strong></span> <span class='ocrx_word' id='word_1_333' title='bbox 854 3412 912 3500; x_wconf 58' lang='grc' dir='ltr'><strong>ἶ·</strong></span> <span class='ocrx_word' id='word_1_334' title='bbox 959 3409 1082 3509; x_wconf 57' lang='grc' dir='ltr'><strong>ἐέὶζῗῗ</strong></span> 
     </span>
     <span class='ocr_line' id='line_1_57' title="bbox 186 3525 1077 3589; baseline -0.012 -14"><span class='ocrx_word' id='word_1_335' title='bbox 186 3548 330 3589; x_wconf 81' lang='lat' dir='ltr'><strong>roque</strong></span> <span class='ocrx_word' id='word_1_336' title='bbox 365 3533 504 3573; x_wconf 82' lang='lat' dir='ltr'><strong>Arrio</strong></span> <span class='ocrx_word' id='word_1_337' title='bbox 541 3527 611 3570; x_wconf 87' lang='lat' dir='ltr'><strong>ed.</strong></span> <span class='ocrx_word' id='word_1_338' title='bbox 644 3525 763 3584; x_wconf 80' lang='lat' dir='ltr'><strong>Spir.</strong></span> <span class='ocrx_word' id='word_1_339' title='bbox 804 3550 858 3557; x_wconf 90' lang='lat'>—</span> <span class='ocrx_word' id='word_1_340' title='bbox 917 3526 1077 3588; x_wconf 32' lang='lat' dir='ltr'><strong>&#39;Varn-</strong></span> 
     </span>
     <span class='ocr_line' id='line_1_58' title="bbox 188 3582 1076 3647; baseline -0.009 -15"><span class='ocrx_word' id='word_1_341' title='bbox 188 3605 274 3647; x_wconf 83' lang='lat' dir='ltr'><strong>que</strong></span> <span class='ocrx_word' id='word_1_342' title='bbox 300 3591 413 3635; x_wconf 80' lang='lat' dir='ltr'><strong>Ario</strong></span> <span class='ocrx_word' id='word_1_343' title='bbox 450 3587 549 3632; x_wconf 84' lang='lat' dir='ltr'><strong>edd.</strong></span> <span class='ocrx_word' id='word_1_344' title='bbox 583 3584 687 3628; x_wconf 69' lang='lat' dir='ltr'><strong>Pul.</strong></span> <span class='ocrx_word' id='word_1_345' title='bbox 722 3583 787 3625; x_wconf 87' lang='lat' dir='ltr'><strong>M.</strong></span> <span class='ocrx_word' id='word_1_346' title='bbox 822 3592 859 3625; x_wconf 72' lang='lat' dir='ltr'><strong>et</strong></span> <span class='ocrx_word' id='word_1_347' title='bbox 888 3583 940 3626; x_wconf 74' lang='lat' dir='ltr'><strong>V.</strong></span> <span class='ocrx_word' id='word_1_348' title='bbox 975 3582 1076 3625; x_wconf 80' lang='lat' dir='ltr'><strong>Ber.</strong></span> 
     </span>
    </p>
   </div>
   <div class='ocr_carea' id='block_1_7' title="bbox 1154 2779 2100 3572">
    <p class='ocr_par' dir='ltr' id='par_1_12' title="bbox 1163 2779 2070 2956">
     <span class='ocr_line' id='line_1_59' title="bbox 1167 2779 2061 2836; baseline 0.002 -14"><span class='ocrx_word' id='word_1_349' title='bbox 1167 2788 1208 2822; x_wconf 82' lang='lat' dir='ltr'><strong>et</strong></span> <span class='ocrx_word' id='word_1_350' title='bbox 1231 2779 1345 2821; x_wconf 85' lang='lat' dir='ltr'><strong>Bud.</strong></span> <span class='ocrx_word' id='word_1_351' title='bbox 1375 2793 1437 2820; x_wconf 83' lang='lat' dir='ltr'><strong>ne</strong></span> <span class='ocrx_word' id='word_1_352' title='bbox 1452 2782 1660 2833; x_wconf 75' lang='lat' dir='ltr'><strong>patratis</strong></span> <span class='ocrx_word' id='word_1_353' title='bbox 1679 2782 1883 2836; x_wconf 82' lang='lat' dir='ltr'><strong>quidem.</strong></span> <span class='ocrx_word' id='word_1_354' title='bbox 1953 2782 2061 2824; x_wconf 82' lang='lat' dir='ltr'><strong>Mox</strong></span> 
     </span>
     <span class='ocr_line' id='line_1_60' title="bbox 1166 2836 2070 2894; baseline 0.003 -15"><span class='ocrx_word' id='word_1_355' title='bbox 1166 2837 1239 2879; x_wconf 83' lang='lat' dir='ltr'><strong>ed.</strong></span> <span class='ocrx_word' id='word_1_356' title='bbox 1282 2836 1397 2893; x_wconf 80' lang='lat' dir='ltr'><strong>Spir.</strong></span> <span class='ocrx_word' id='word_1_357' title='bbox 1441 2839 1548 2890; x_wconf 80' lang='lat' dir='ltr'><strong>quia</strong></span> <span class='ocrx_word' id='word_1_358' title='bbox 1588 2840 1755 2890; x_wconf 83' lang='lat' dir='ltr'><strong>palam</strong></span> <span class='ocrx_word' id='word_1_359' title='bbox 1795 2839 2070 2894; x_wconf 66' lang='lat' dir='ltr'><strong>opprimere»</strong></span> 
     </span>
     <span class='ocr_line' id='line_1_61' title="bbox 1163 2894 2044 2956; baseline 0.006 -22"><span class='ocrx_word' id='word_1_360' title='bbox 1163 2894 1428 2937; x_wconf 83' lang='lat' dir='ltr'><strong>Antonium</strong></span> <span class='ocrx_word' id='word_1_361' title='bbox 1457 2896 1692 2948; x_wconf 78' lang='lat' dir='ltr'><strong>nequibat.</strong></span> <span class='ocrx_word' id='word_1_362' title='bbox 2026 2942 2044 2956; x_wconf 41' lang='grc' dir='ltr'><strong>β</strong></span> 
     </span>
    </p>

    <p class='ocr_par' dir='ltr' id='par_1_13' title="bbox 1160 2951 2059 3180">
     <span class='ocr_line' id='line_1_62' title="bbox 1219 2951 2059 3006; baseline 0.004 -13"><span class='ocrx_word' id='word_1_363' title='bbox 1219 2954 1267 2993; x_wconf 78' lang='lat' dir='ltr'><strong>in</strong></span> <span class='ocrx_word' id='word_1_364' title='bbox 1289 2959 1475 2995; x_wconf 81' lang='lat' dir='ltr'><strong>senatu.</strong></span> <span class='ocrx_word' id='word_1_365' title='bbox 1515 2951 1783 2995; x_wconf 79' lang='lat' dir='ltr'><strong>MS.Guelf.</strong></span> <span class='ocrx_word' id='word_1_366' title='bbox 1807 2954 2059 3006; x_wconf 59' lang='lat' dir='ltr'><strong>inse-natu.</strong></span> 
     </span>
     <span class='ocr_line' id='line_1_63' title="bbox 1163 3006 2054 3068; baseline 0.006 -20"><span class='ocrx_word' id='word_1_367' title='bbox 1163 3007 1288 3050; x_wconf 87' lang='lat' dir='ltr'><strong>Idem</strong></span> <span class='ocrx_word' id='word_1_368' title='bbox 1316 3006 1429 3051; x_wconf 87' lang='lat' dir='ltr'><strong>liber</strong></span> <span class='ocrx_word' id='word_1_369' title='bbox 1452 3010 1653 3051; x_wconf 80' lang='lat' dir='ltr'><strong>honerat</strong></span> <span class='ocrx_word' id='word_1_370' title='bbox 1681 3025 1763 3068; x_wconf 84' lang='lat' dir='ltr'><strong>pro</strong></span> <span class='ocrx_word' id='word_1_371' title='bbox 1786 3018 1980 3061; x_wconf 80' lang='lat' dir='ltr'><strong>onerat,</strong></span> <span class='ocrx_word' id='word_1_372' title='bbox 2011 3020 2054 3053; x_wconf 74' lang='lat' dir='ltr'><strong>et</strong></span> 
     </span>
     <span class='ocr_line' id='line_1_64' title="bbox 1161 3067 2054 3123; baseline 0.002 -16"><span class='ocrx_word' id='word_1_373' title='bbox 1161 3067 1487 3108; x_wconf 72' lang='lat' dir='ltr'><strong>citerior-iorem</strong></span> <span class='ocrx_word' id='word_1_374' title='bbox 1509 3081 1592 3123; x_wconf 83' lang='lat' dir='ltr'><strong>pro</strong></span> <span class='ocrx_word' id='word_1_375' title='bbox 1618 3068 1891 3112; x_wconf 80' lang='lat' dir='ltr'><strong>citeriorem.</strong></span> <span class='ocrx_word' id='word_1_376' title='bbox 1945 3069 2054 3111; x_wconf 80' lang='lat' dir='ltr'><strong>Mox</strong></span> 
     </span>
     <span class='ocr_line' id='line_1_65' title="bbox 1160 3124 1667 3180; baseline 0.008 -17"><span class='ocrx_word' id='word_1_377' title='bbox 1160 3137 1333 3164; x_wconf 82' lang='lat' dir='ltr'><strong>nauem</strong></span> <span class='ocrx_word' id='word_1_378' title='bbox 1354 3139 1436 3180; x_wconf 79' lang='lat' dir='ltr'><strong>pro</strong></span> <span class='ocrx_word' id='word_1_379' title='bbox 1459 3124 1667 3168; x_wconf 79' lang='lat' dir='ltr'><strong>inanem.</strong></span> 
     </span>
    </p>

    <p class='ocr_par' dir='ltr' id='par_1_14' title="bbox 1219 3180 1996 3236">
     <span class='ocr_line' id='line_1_66' title="bbox 1219 3180 1996 3236; baseline 0.006 -16"><span class='ocrx_word' id='word_1_380' title='bbox 1219 3181 1444 3235; x_wconf 75' lang='lat' dir='ltr'><strong>cupidine.</strong></span> <span class='ocrx_word' id='word_1_381' title='bbox 1507 3180 1608 3223; x_wconf 89' lang='lat' dir='ltr'><strong>MS.</strong></span> <span class='ocrx_word' id='word_1_382' title='bbox 1633 3181 1717 3224; x_wconf 88' lang='lat' dir='ltr'><strong>les.</strong></span> <span class='ocrx_word' id='word_1_383' title='bbox 1737 3183 1996 3236; x_wconf 72' lang='lat' dir='ltr'><strong>cupiditate.</strong></span> 
     </span>
    </p>

    <p class='ocr_par' dir='ltr' id='par_1_15' title="bbox 1154 3237 2050 3509">
     <span class='ocr_line' id='line_1_67' title="bbox 1219 3237 2050 3296; baseline 0.006 -18"><span class='ocrx_word' id='word_1_384' title='bbox 1219 3239 1385 3280; x_wconf 75' lang='lat' dir='ltr'><strong>abolet.</strong></span> <span class='ocrx_word' id='word_1_385' title='bbox 1447 3237 1529 3280; x_wconf 82' lang='lat' dir='ltr'><strong>Ed.</strong></span> <span class='ocrx_word' id='word_1_386' title='bbox 1554 3237 1672 3296; x_wconf 78' lang='lat' dir='ltr'><strong>Spir.</strong></span> <span class='ocrx_word' id='word_1_387' title='bbox 1707 3241 1885 3283; x_wconf 83' lang='lat' dir='ltr'><strong>adolet.</strong></span> <span class='ocrx_word' id='word_1_388' title='bbox 1946 3241 2050 3283; x_wconf 83' lang='lat' dir='ltr'><strong>MS.</strong></span> 
     </span>
     <span class='ocr_line' id='line_1_68' title="bbox 1159 3295 2050 3355; baseline 0.002 -19"><span class='ocrx_word' id='word_1_389' title='bbox 1159 3295 1267 3351; x_wconf 77' lang='lat' dir='ltr'><strong>Agr.</strong></span> <span class='ocrx_word' id='word_1_390' title='bbox 1302 3296 1496 3345; x_wconf 77' lang='lat' dir='ltr'><strong>adimit,</strong></span> <span class='ocrx_word' id='word_1_391' title='bbox 1531 3304 1572 3338; x_wconf 80' lang='lat' dir='ltr'><strong>et</strong></span> <span class='ocrx_word' id='word_1_392' title='bbox 1607 3310 1709 3338; x_wconf 82' lang='lat' dir='ltr'><strong>mox</strong></span> <span class='ocrx_word' id='word_1_393' title='bbox 1739 3297 1837 3339; x_wconf 78' lang='lat' dir='ltr'><strong>eius</strong></span> <span class='ocrx_word' id='word_1_394' title='bbox 1859 3313 1943 3355; x_wconf 82' lang='lat' dir='ltr'><strong>pro</strong></span> <span class='ocrx_word' id='word_1_395' title='bbox 1969 3313 2050 3338; x_wconf 81' lang='lat' dir='ltr'><strong>cu-</strong></span> 
     </span>
     <span class='ocr_line' id='line_1_69' title="bbox 1157 3349 2047 3412; baseline 0.006 -20"><span class='ocrx_word' id='word_1_396' title='bbox 1157 3349 1248 3395; x_wconf 69' lang='lat' dir='ltr'><strong>ius.</strong></span> <span class='ocrx_word' id='word_1_397' title='bbox 1308 3352 1415 3393; x_wconf 73' lang='lat' dir='ltr'><strong>Mox</strong></span> <span class='ocrx_word' id='word_1_398' title='bbox 1453 3351 1522 3393; x_wconf 85' lang='lat' dir='ltr'><strong>ed.</strong></span> <span class='ocrx_word' id='word_1_399' title='bbox 1549 3352 1664 3410; x_wconf 81' lang='lat' dir='ltr'><strong>Spir.</strong></span> <span class='ocrx_word' id='word_1_400' title='bbox 1701 3355 1820 3408; x_wconf 77' lang='lat' dir='ltr'><strong>legio</strong></span> <span class='ocrx_word' id='word_1_401' title='bbox 1859 3369 1944 3412; x_wconf 82' lang='lat' dir='ltr'><strong>pro</strong></span> <span class='ocrx_word' id='word_1_402' title='bbox 1979 3357 2047 3397; x_wconf 83' lang='lat' dir='ltr'><strong>Ie-</strong></span> 
     </span>
     <span class='ocr_line' id='line_1_70' title="bbox 1154 3409 2050 3469; baseline 0.004 -20"><span class='ocrx_word' id='word_1_403' title='bbox 1154 3411 1315 3461; x_wconf 66' lang='lat' dir='ltr'><strong>gt&#39;nne,</strong></span> <span class='ocrx_word' id='word_1_404' title='bbox 1348 3409 1448 3451; x_wconf 85' lang='lat' dir='ltr'><strong>dein</strong></span> <span class='ocrx_word' id='word_1_405' title='bbox 1475 3412 1521 3450; x_wconf 86' lang='lat' dir='ltr'><strong>in</strong></span> <span class='ocrx_word' id='word_1_406' title='bbox 1547 3413 1751 3454; x_wconf 76' lang='lat' dir='ltr'><strong>Antonio</strong></span> <span class='ocrx_word' id='word_1_407' title='bbox 1778 3426 1861 3469; x_wconf 82' lang='lat' dir='ltr'><strong>pro</strong></span> <span class='ocrx_word' id='word_1_408' title='bbox 1885 3412 1934 3455; x_wconf 81' lang='lat' dir='ltr'><strong>in</strong></span> <span class='ocrx_word' id='word_1_409' title='bbox 1955 3415 2050 3454; x_wconf 83' lang='grc' dir='ltr'><strong>Λη-</strong></span> 
     </span>
     <span class='ocr_line' id='line_1_71' title="bbox 1154 3468 1346 3509; baseline 0.01 -2"><span class='ocrx_word' id='word_1_410' title='bbox 1154 3468 1328 3507; x_wconf 77' lang='lat' dir='ltr'><strong>tonium</strong></span> <span class='ocrx_word' id='word_1_411' title='bbox 1337 3498 1346 3509; x_wconf 90' lang='lat'><strong>.</strong></span> 
     </span>
    </p>

    <p class='ocr_par' dir='ltr' id='par_1_16' title="bbox 1212 3523 2100 3572">
     <span class='ocr_line' id='line_1_72' title="bbox 1212 3523 2100 3572; baseline 0.006 -7"><span class='ocrx_word' id='word_1_412' title='bbox 1212 3525 1352 3565; x_wconf 79' lang='lat' dir='ltr'><strong>Arrio</strong></span> <span class='ocrx_word' id='word_1_413' title='bbox 1398 3523 1542 3566; x_wconf 77' lang='lat' dir='ltr'><strong>Varo.</strong></span> <span class='ocrx_word' id='word_1_414' title='bbox 1626 3524 1702 3567; x_wconf 89' lang='lat' dir='ltr'><strong>Sic</strong></span> <span class='ocrx_word' id='word_1_415' title='bbox 1747 3524 1849 3568; x_wconf 89' lang='lat' dir='ltr'><strong>MS.</strong></span> <span class='ocrx_word' id='word_1_416' title='bbox 1891 3524 2045 3569; x_wconf 78' lang='lat' dir='ltr'><strong>Guelf.</strong></span> <span class='ocrx_word' id='word_1_417' title='bbox 2097 3569 2100 3572; x_wconf 24' lang='lat'><em>⁴</em></span> 
     </span>
    </p>
   </div>
   <div class='ocr_carea' id='block_1_8' title="bbox 1154 3580 2044 3641">
    <p class='ocr_par' dir='ltr' id='par_1_17' title="bbox 1154 3580 2044 3641">
     <span class='ocr_line' id='line_1_73' title="bbox 1154 3580 2044 3641; baseline 0.004 -19"><span class='ocrx_word' id='word_1_418' title='bbox 1154 3580 1251 3623; x_wconf 82' lang='lat' dir='ltr'><strong>edd.</strong></span> <span class='ocrx_word' id='word_1_419' title='bbox 1292 3581 1389 3623; x_wconf 77' lang='lat' dir='ltr'><strong>Put.</strong></span> <span class='ocrx_word' id='word_1_420' title='bbox 1428 3581 1493 3624; x_wconf 88' lang='lat' dir='ltr'><strong>M.</strong></span> <span class='ocrx_word' id='word_1_421' title='bbox 1518 3590 1559 3623; x_wconf 77' lang='lat' dir='ltr'><strong>et</strong></span> <span class='ocrx_word' id='word_1_422' title='bbox 1586 3581 1641 3625; x_wconf 88' lang='lat' dir='ltr'><strong>V.</strong></span> <span class='ocrx_word' id='word_1_423' title='bbox 1670 3581 1792 3627; x_wconf 83' lang='lat' dir='ltr'><strong>Pich.</strong></span> <span class='ocrx_word' id='word_1_424' title='bbox 1827 3582 2044 3641; x_wconf 75' lang='lat' dir='ltr'><strong>Bernegg.</strong></span> 
     </span>
    </p>
   </div>
  </div>
 </body>
</html>
