2138 4030
99 330 102 335 ,
158 220 261 325 χ50

733 239 1462 314 HISTORIARUM

1722 241 1848 326 2:¹22:
1865 238 1959 328 ⁸²⁷&

354 385 574 446 XXXI.
619 384 898 460 Dilapsis
936 369 1405 458 speculatorilius
1443 389 1633 445 cetera
1673 374 1889 439 cohors
1925 374 2053 445 tion

182 485 502 554 aspernata
530 473 1016 536 concionantem,
1076 476 1144 522 ut
1184 464 1445 522 turbidis
1475 465 1656 526 rebus
1688 463 1925 547 evenit,
1950 459 2061 544 ‘fir-2

180 558 345 626 more
390 552 578 632 magis
620 568 677 614 et⁴
717 553 1014 611 nonnullo
1061 546 1254 606 adbuc
1299 548 1585 619 consilio;
1640 560 1811 625 parat
1837 551 2050 625 signa,

187 648 349 727 quod.
378 645 597 722 postea*
613 637 904 699 creditum
936 646 1022 692 est
1055 635 1291 692 insidiis
1327 645 1384 692 et
1420 633 1816 695 simulatione.
1878 634 2056 699 Mis-

126 837 140 842 ’
186 835 317 895 Spin,
338 847 449 890 quae
470 831 528 874 ita
552 829 706 873 haben
726 827 812 869 secl
828 825 1026 882 proinde
1050 838 1082 864 a

184 895 312 939 nobis
339 890 614 932 donativum
649 887 706 927 ob
728 885 908 940 fidem,
940 886 1083 937 q'nam

186 961 271 995 etc.
331 947 541 1004 Denique
579 960 602 986 e
636 941 736 986 MS.
766 941 896 987 Harl.
927 940 1083 982 Brote-

186 1011 279 1054 rius
324 1003 463 1049 edi'dit
501 1001 700 1058 perinde
745 1015 830 1056 pro
870 999 1086 1063 proinde,

189 1082 329 1123 eaque
366 1070 431 1105 est
463 1061 590 1117 origo
625 1065 795 1104 tex-tus,
846 1056 923 1114 qui
953 1052 1087 1097 hodie

187 1125 423 1192 vulgatur:
464 1121 544 1161 sed
570 1116 765 1170 perinde
790 1129 822 1156 a
844 1113 974 1156 nobis
997 1115 1085 1153 do-

188 1190 401 1227 nativum
439 1178 494 1218 ob
519 1175 671 1232 fidem
712 1172 954 1228 quam-,¹116
988 1169 1092 1211 altis

186 1255 273 1299 pro
306 1236 518 1292 facinore
552 1229 802 1284 accipietis.
872 1227 959 1271 Sed
992 1226 1089 1285 pri-

192 1312 318 1343 mum
363 1292 489 1335 video
525 1288 696 1332 nullam
731 1283 976 1343 particulae
1010 1285 1094 1326 sed

193 1356 266 1401 hic
300 1366 394 1394 esse
426 1349 636 1391 idoneam
665 1344 909 1387 rationem.
970 1340 1094 1384 Vidit

152 1402 158 1406 ⁹
193 1409 325 1458 etiam
364 1403 608 1452 Ricklefs.‚>
655 1401 733 1460 qui
778 1398 986 1444 emendat
1027 1405 1088 1440 et.

165 1475 168 1479 “
192 1471 364 1512 Verum
389 1481 437 1507 ea
461 1460 710 1506 mutatione
732 1459 860 1502 locus
886 1456 1092 1503 nondum

193 1530 240 1572 fit
277 1519 422 1568 sanus.
495 1520 609 1562 Nam
643 1516 799 1559 Pisoni
829 1524 939 1559 tunc
972 1510 1091 1556 aliud

194 1592 287 1630 erat
309 1575 698 1641 pronuntiandum
719 1589 852 1631 quam
888 1571 1013 1630 quod
1046 1571 1094 1612 in

192 1637 421 1687 hodiernis
446 1634 571 1678 libris
594 1632 726 1676 dicit:
770 1646 931 1688 nempe
955 1629 1093 1671 debe-

192 1706 264 1746 bat
286 1698 388 1757 plus
443 1692 674 1736 romittere
698 1690 756 1732 ob
779 1687 937 1738 fidem,
960 1699 1094 1743 quam

194 1757 271 1802 alii·
292 1769 376 1814 pro
401 1711 626 1794 facinore.
685 1745 882 1789 Perinde
907 1745 1024 1787 enim
1050 1757 1095 1784 se

195 1817 404 1860 daturum
438 1808 494 1850 ob
533 1806 668 1849 {idem
738 1819 839 1846 uam
870 1801 980 1847 alios
1012 1813 1096 1859 pro

193 1872 397 1917 facinore
434 1866 469 1909 si
502 1864 635 1914 dixit,
680 1863 722 1904 ni
759 1861 788 1904 il
821 1858 968 1918 potuit
999 1855 1094 1900 effi-

196 1946 297 1975 cere
329 1926 378 1968 in
415 1923 611 1965 militum
650 1918 827 1962 animis.
886 1915 988 1960 Alia
1011 1928 1093 1974 po-

196 1989 284 2031 tius
311 1991 376 2027 est
396 1981 574 2024 Pisonis
595 1975 827 2022 sententia.
888 1974 1095 2016 Primum

196 2044 405 2088 universe
453 2037 674 2095 loquitur:
741 2048 824 2075 nec
871 2039 939 2075 est
978 2033 1098 2085 plus,

196 2103 318 2161 quod
341 2131 352 2141 .
367 2129 399 2141 ..
416 2129 427 2141 .
448 2099 610 2138 datur.
686 2092 778 2134 Iam
804 2089 993 2132 debebat
1016 2087 1095 2129 ad-

199 2162 329 2204 dere:
362 2154 502 2210 Quod
526 2168 632 2195 cum
659 2151 717 2193 ita
741 2148 820 2198 sit,
858 2145 974 2189 haud
999 2159 1094 2186 nia·

198 2219 343 2261 iorem
370 2228 452 2272 pro
479 2209 682 2253 facinore
705 2207 758 2249 ab
787 2203 883 2247 aliis
910 2218 1047 2262 quam
1075 2217 1099 2244 a

202 2273 331 2317 nobis
359 2285 440 2330 pro
465 2267 551 2311 side
582 2263 837 2308 mercedem
869 2267 1100 2319 exspecta-

201 2331 331 2375 bitis:
372 2330 515 2371 immo
542 2323 645 2382 plus
670 2338 693 2365 a
714 2319 846 2363 nobis
873 2319 931 2361 ol)
966 2316 1100 2359 fidem

201 2404 338 2448 quam
363 2385 417 2429 ab
440 2383 536 2427 aliis
562 2396 647 2440 pro
672 2378 876 2421 facinore
903 2374 1101 2430 accipie-

200 2450 271 2490 tis.
344 2442 550 2486 Proinde
603 2434 946 2481 conclusionem
994 2431 1102 2498 facit

202 2501 471 2561 respicitque
507 2497 562 2540 ad
596 2495 797 2551 priorem
834 2499 1099 2534 sententiam

203 2562 407 2604 universe
463 2556 646 2598 dictam.
724 2550 965 2593 Donatiuo
1007 2578 1017 2589 .
1091 2580 1100 2589 .

203 2616 429 2669 accipietis
452 2612 623 2655 dictum
649 2616 713 2652 est
734 2607 782 2650 in
806 2606 998 2650 modum·
1018 2603 1108 2671 for-

206 2674 355 2719 mulae
378 2677 503 2714 dono
527 2669 748 2723 accipere.
812 2663 1107 2707 Germanice:

197 2743 306 2775 ‘nun
347 2733 459 2771 aber
501 2729 609 2770 sollt
651 2726 725 2767 ihr
766 2736 860 2764 von
900 2734 988 2762 uns
1019 2733 1108 2760 zur

209 2791 483 2838 Veram-ung
519 2786 652 2826 mehr
675 2782 770 2838 fitt-
809 2775 919 2822 eitre
942 2777 1110 2829 Treue,

206 2851 277 2890 als
307 2859 399 2886 von
428 2845 613 2883 andern
633 2840 724 2896 fiir
749 2839 823 2881 die
861 2836 1107 2879 Uebelthat

208 2902 511 2958 ernpfizngen.
1068 2947 1077 2957 ι

267 2961 379 3004 CAP.
424 2957 495 3000 31.
566 2952 948 3007 speculatoribus.
1032 2949 1108 2992 Sic

207 3016 344 3062 MSS.
368 3015 492 3058 Flor.
517 3016 638 3068 (tesi.
662 3010 799 3065 Vict.)
824 3006 979 3052 Guelf.
1003 3006 1107 3072 edd.

211 3078 241 3119 S
276 3077 326 3118 ir.
353 3073 470 3130 Lips.
497 3085 595 3127 sqq.
643 3093 697 3100 -
757 3065 1109 3119 spiculatoribus

214 3094 317 3175 ogd.
341 3131 444 3173 Put.
470 3127 572 3169 lior.
599 3125 695 3167 Ale.
720 3124 865 3168 Rhen.
895 3121 996 3166 Ald.
1048 3120 1109 3165 cf.

210 3199 310 3234 noh·
334 3187 391 3232 ad
417 3203 454 3228 c.
475 3184 530 3225 25
557 3192 599 3225 et
620 3182 689 3225 2¹7.

269 3255 319 3290 ut
353 3242 548 3287 turbidis
569 3242 707 3282 rebus
729 3238 902 3289 evenit,
944 3236 1111 3278 timore

213 3305 365 3359 magis
391 3308 435 3344 et
467 3300 700 3341 nonnullo
732 3297 880 3337 adhuc
917 3294 1108 3336 consilio

209 3369 352 3418 parat
381 3359 537 3412 signa,
579 3356 700 3411 quod
733 3361 819 3395 etc.
892 3351 969 3394 Sic
1003 3349 1104 3393 edd.

212 3422 318 3465 Ber.
364 3417 486 3472 (cum
528 3411 704 3456 silentio
750 3407 961 3463 Victorii)
1006 3407 1107 3451 Ale.

211 3477 357 3520 Rhen.
376 3472 478 3516 Ald.
507 3486 600 3529 sqq.
629 3496 686 3505 -
747 3473 798 3508 uc
820 3466 1013 3507 turbidis·
1034 3478 1106 3507 re-

213 3538 299 3577 bus
327 3531 522 3575 euectior
554 3541 613 3570 rev
782 3556 789 3563 .
818 3530 861 3565 et
882 3525 1109 3564 nonnullo

211 3594 359 3636 adhuc
386 3587 577 3639 consilio
605 3588 754 3638 parat
785 3581 944 3634 signa.-
985 3583 1109 3635 quod

1150 816 1242 866 ¹etc.
1291 823 1363 867 ed.
1402 812 1519 881 Spir.
1565 823 1651 877 (sic
1690 832 1795 868 ante
1821 830 1866 866 et
1897 823 2056 869 relicto

1156 881 1335 939 spat-io).
1395 880 1668 938 Puteolanus
1701 880 2057 933 cum-Beroaldo
2119 911 2138 922 .

1158 938 1407 990 consentit,
1469 938 1556 982 nisi
1607 939 1730 1007 quod
1782 954 1866 998 pro
1908 945 2059 994 parat

1157 997 1292 1050 signa
1313 994 1450 1039 habet
1465 1008 1582 1049 pars
1604 1006 1780 1050 ingens.
1836 994 1936 1039 Iam·
1951 1003 2059 1039 vero

1158 1053 1357 1097 Pichena
1389 1053 1438 1096 in
1477 1054 1580 1097 MS.
1617 1054 1741 1097 Flor.
1776 1060 1863 1113 pro
1896 1053 2062 1107 evenit,

1163 1112 1335 1154 timore
1371 1111 1524 1166 magis
1560 1109 1735 1155 invenit
1767 1111 1982 1156 euentior
2017 1117 2062 1152 te

1163 1169 1340 1222 magis,
1379 1167 1501 1210 unde
1538 1167 1733 1213 coniecit
1762 1178 1805 1212 at
1839 1184 1898 1212 ue
1924 1167 2064 1211 edidit

1163 1226 1341 1275 evenit,
1355 1225 1489 1282 forte
1506 1227 1687 1283 magis,
1714 1222 1775 1284 qu
1861 1225 1918 1271 ad
1942 1224 2064 1271 hunc

1166 1284 1285 1327 diem
1319 1282 1541 1340 vulgatur.
1602 1284 1748 1332 Mate,
1788 1290 1839 1331 ut
1862 1281 1974 1330 mihi
1992 1282 2065 1325 vi·

1167 1342 1312 1384 detur.
1373 1340 1488 1383 Nam
1521 1340 1720 1398 primum
1752 1340 1900 1387 obstat
1923 1338 2062 1383 silen-

1165 1399 1279 1442 tium
1305 1396 1526 1447 Victorii,
1577 1412 1711 1456 quem
1729 1430 1742 1448 ,
1782 1394 1887 1457 quia
1916 1414 1939 1442 e
1960 1396 2063 1442 MS.

1167 1456 1293 1499 Flor.
1315 1454 1467 1501 verbis
1496 1463 1549 1498 ut
1571 1457 1772 1503 turbidis
1795 1456 1940 1500 rebus
1957 1469 2064 1498 eve-

1167 1514 1237 1556 nit
1264 1529 1409 1556 uncos
1443 1507 1640 1566 addidit,
1670 1529 1764 1557 non
1787 1519 1898 1572 puto
1923 1513 2067 1567 omis-

1167 1587 1324 1614 surum
1357 1569 1495 1612 fuisse
1532 1570 1868 1615 adnotationem
1901 1566 1962 1612 de·
1993 1568 2069 1613 illa

1167 1629 1416 1687 scriptura,
1459 1643 1595 1684 quam
1628 1628 1827 1683 Pichena
1856 1627 1918 1671 ibi
1948 1625 2068 1678 vidit,

1168 1687 1202 1729 si
1246 1685 1385 1728 niodo
1429 1687 1619 1729 adesset.
1694 1681 1872 1730 Deinde
1908 1700 1959 1728 ex
1994 1684 2069 1729 illa

1169 1744 1289 1802 ipsa,
1324 1758 1458 1798 quam
1483 1743 1678 1787 Pichena
1701 1742 1920 1803 protulit,
1953 1743 2070 1787 scri.-
2107 1762 2112 1771 ·

1169 1811 1301 1860 ptura
1334 1800 1511 1844 facilius
1542 1800 1715 1845 eruitur
1741 1802 1906 1849 timore
1933 1797 2069 1859 quam

1158 1859 1310 1915 forte.
1372 1856 1581 1916 Denique
1615 1874 1808 1916 quaero,
1850 1862 1917 1909 ans
1940 1857 1974 1900 si
2008 1872 2068 1900 na

1169 1934 1194 1961 a
1245 1916 1431 1959 cohorte
1476 1914 1594 1959 forte
1643 1917 1793 1974 parari
1834 1931 1859 1959 a
1891 1923 1935 1958 te
2013 1914 2074 1959 ‘ci-

1169 1974 1373 2032 possint'?
1414 1989 1471 2016 an
1505 1972 1550 2015 id
1583 1972 1776 2017 turbidis
1808 1990 1856 2018 re
1891 1988 1942 2015 us
1975 1988 2070 2015 eve·

1170 2032 1267 2074 nire
1300 2030 1463 2081 soleat,
1517 2039 1567 2074 ut
1600 2031 1723 2088 signa
1757 2029 2070 2088 forteparen-
2102 2070 2110 2075 ,

1169 2088 1280 2131 tur?
1338 2083 1520 2130 Etenim
1562 2088 1728 2131 cohors
1767 2095 1892 2146 parat
1935 2087 2072 2145 sig'nssa,

1172 2162 1278 2189 cum
1314 2145 1486 2201 expedit
1522 2144 1647 2211 signa
1684 2153 1832 2204 -eaq‘ue
1870 2152 2072 2203 aptat‘et

1172 2202 1303 2261 ponit
1330 2218 1412 2245 suo
1435 2201 1540 2246 loc'o
1565 2218 1613 2245 in
1638 2202 1845 2254 cohorte,
1876 2201 1998 2260 quod
2021 2201 2072 2247 fit

1172 2277 1197 2303 a
1220 2259 1407 2303 cohorte
1427 2259 1483 2302 ad
1504 2259 1833 2318 expeditionem
1854 2275 1909 2304 se„
1922 2259 2074 2314 accim·

1176 2325 1321 2375 gente.
1382 2315 1595 2368 Ceterum
1620 2317 1706 2362 lac.
1729 2317 1992 2364 Gronovius
2021 2315 2070 2361 in

1174 2375 1278 2419 MS.
1312 2374 1439 2417 Flor.
1478 2391 1562 2434 pro
1600 2383 1749 2430 parat
1785 2376 1921 2432 signa
1962 2374 2071 2418 vidit

1171 2448 1265 2487 par
1302 2432 1494 2488 signas,
1549 2448 1660 2490 quae
1696 2432 1862 2491 iterum
1895 2433 2075 2492 ignorat

1174 2489 1422 2533 Victorius.
1496 2491 1616 2533 Inter
1651 2488 1850 2548 reliquos
1895 2490 2077 2534 codices

1179 2548 1281 2592 MS.
1312 2548 1422 2605 Agr.
1457 2555 1605 2591 totum
1635 2547 1788 2592 locum
1822 2547 1952 2592 habet
1985 2547 2078 2592 sic:

1180 2607 1376 2648 evectior
1413 2607 1567 2663 (supra
1587 2605 1862 2664 adscriptum
1883 2614 1947 2649 est
1971 2619 2075 2648 ere-

1177 2664 1311 2718 ctior)
1351 2677 1403 2705 re
1435 2663 1594 2716 magis
1612 2670 1657 2704 et
1679 2665 1903 2706 nonnullo
1925 2664 2078 2714 adhuc

1177 2721 1366 2762 consilio
1385 2728 1531 2774 parat
1549 2721 1686 2774 signas
1710 2724 1832 2776 quod
1856 2729 1942 2765 etc.
1975 2718 2076 2766 MS.

1178 2778 1296 2820 Bud.
1337 2778 1540 2818 euectim·
1573 2778 1645 2819 ire
1678 2779 1832 2843 magis
1866 2787 1913 2822 et
1944 2781 2075 2822 nullo

1180 2837 1330 2877 adhuc
1369 2835 1556 2876 consilio
1594 2843 1740 2888 parat
1775 2831 1910 2891 signa
1951 2839 2079 2894 quod

1180 2901 1264 2935 ete.
1325 2891 1461 2934 MSS.
1490 2891 1643 2936 Guelf.
1675 2893 1797 2936 Harl.
1831 2893 1961 2938 Bodl'.
1989 2894 2075 2938 les.

1180 2951 1348 2992 timore
1385 2949 1539 3003 magis
1574 2957 1618 2992 et
1655 2955 1905 2994 nonnullo-
1924 2951 2080 2994 adhuc

1180 3007 1370 3050 consilio
1398 3021 1516 3060 pars
1552 3009 1714 3063 ingens
1745 3008 1893 3067 (plane
1914 3017 1964 3052 ut
1984 3009 2077 3059 Pu·

1179 3063 1330 3117 teol.).
1390 3064 1442 3107 In
1458 3064 1580 3107 Harl.
1606 3066 1892 3110 emendatum
1912 3075 1977 3111 est
1993 3081 2080 3122 pa·

1181 3130 1258 3163 rat
1301 3122 1449 3174 signa.
1527 3122 1630 3166 MS.
1670 3123 1810 3167 Con-b.
1854 3123 2080 3168 consentit

1182 3195 1284 3222 cum
1323 3179 1391 3221 ed.
1423 3179 1540 3237 Spir.
1618 3180 1804 3223 Praeter
1835 3181 2079 3225 Pichenam

1184 3245 1225 3278 et
1247 3234 1321 3278 alii
1341 3237 1541 3279 sanando
1564 3238 1667 3282 loco
1691 3230 1874 3305 operair'i
1894 3238 2078 3288 ‚dedere-

1183 3294 1356 3349 Lipsius
1383 3293 1575 3337 coniecit
1603 3303 1776 3343 evenit,
1806 3298 1881 3339 ira
1908 3299 2077 3352 magis,

1182 3359 1225 3391 et
1260 3353 1474 3393 nonnulli
1498 3355 1563 3394 ‘ad
1594 3356 1682 3395 hoc
1714 3355 1900 3396 consilio
1914 3369 1928 3397 .·
1963 3369 2080 3410 pam

1181 3410 1365 3462 ingens,
1408 3412 1531 3464 quod
1570 3418 1651 3454 ete.
1722 3409 2080 3456 Freinshemius:

1184 3467 1356 3514 evenit,
1399 3481 1535 3510 more
1557 3468 1731 3522 magis,
1779 3476 1823 3511 et
1841 3472 1970 3512 nullo
1987 3472 2077 3512 ad-

1182 3525 1267 3563 huc
1291 3524 1477 3565 consilio
1495 3532 1642 3579 parat
1662 3525 1801 3580 signa
1812 3543 1828 3578 ς
1865 3542 2008 3584 quam
2030 3534 2081 3570 ut

1178 3588 1345 3634 postea
1366 3589 1451 3625 etc.
1515 3581 1756 3627 Trimerus:
1789 3581 1984 3627 erectior
2005 3591 2075 3627 te-
