2138 4030
30 224 35 232 ι

28 232 59 251 'N

201 247 428 330 233-”732
614 219 795 312 121ssss
826 250 934 312 111.
1008 249 1201 312 CAP.
1240 253 1330 312 10.
1375 254 1469 312 11.
1838 254 1963 313 267

115 382 376 440 tribunal
412 374 771 449 tuebantur,
801 346 1063 438 'extrema
1108 380 1197 436 vis
1233 381 1568 455 parabatur.
1668 377 1967 458 Opposuit

114 466 310 524 sinum
350 463 681 535 Antonius,
746 465 944 520 stricto
981 466 1136 522 ferro
1171 475 1271 522 aut
1305 466 1562 522 militum
1595 484 1656 521 se
1690 468 1966 526 manibus

113 565 215 610 aut
245 552 364 609 suis
388 552 741 608 moriturum
764 550 1060 606 obtestans
1078 595 1092 618 ‚
1129 561 1197 608 ut
1225 569 1515 626 quemque
1540 561 1749 606 notum
1777 563 1834 609 et
1852 553 1966 609 ali-

114 659 231 714 quo
277 636 523 692 militari
574 637 782 691 decore
822 634 1112 707 insignem
1157 645 1488 709 aspexerat,
1553 635 1628 689 ad
1663 635 1965 693 ferendam

113 742 284 798 opem
312 721 553 777 nomine
579 720 756 778 ciens,
843 740 980 775 mox
1020 738 1335 775 conversus
1373 721 1447 775 ad
1485 719 1650 792 signa
1683 731 1740 776 et
1773 721 1965 778 bello-

112 828 245 864 rum
285 808 454 875 (lem,
523 801 782 862 hostium
830 804 1027 878 potius
1071 804 1418 862 exercitibus
1461 804 1635 861 illum
1684 803 1964 876 furorem,

56 907 66 911 ’
111 891 275 948 illam
303 889 656 947 discordiam
686 890 1026 957 inficerent,
1068 889 1299 958 orabat,
1341 889 1528 945 donec
1553 886 1842 946 fatisceret
1876 910 1966 946 sea-

21 2631 30 2652 *
113 2647 374 2706 conspirant
405 2646 686 2703 MSS.-Reg.
722 2647 858 2691 Corb.

112 977 260 1032 ditio
288 987 344 1033 et
374 987 630 1032 extremo
661 974 777 1030 iam
796 974 900 1030 die
933 994 1035 1030 sua
1070 974 1316 1049 quisque
1355 974 1419 1029 in
1453 972 1704 1031 tentoria
1742 973 1968 1030 dilabe-

112 1053 334 1120 rentur.
419 1059 724 1116 Profectus
753 1060 952 1115 eadem
983 1070 1152 1116 nocte
1173 1055 1492 1116 Flavianus
1526 1057 1717 1116 obviis
1741 1057 1968 1135 Vespa-

113 1146 264 1203 siani
284 1145 494 1203 litteris
518 1140 844 1201 discrimini
870 1154 1168 1217 exemptus
1193 1154 1295 1201 est.

280 1254 386 1316 XI.
470 1254 758 1331 Legiones
807 1254 994 1311 veluti
1041 1255 1174 1311 tabe
1225 1253 1472 1311 infectae
1510 1249 1820 1331 ‘Aponium
1858 1256 1968 1316 Sa-

113 1342 424 1400 turninum
455 1340 706 1398 Moesici
746 1340 1028 1396 exercitus
1064 1339 1319 1412 legatum
1357 1359 1423 1396 eo
1465 1340 1717 1398 atrocius
1761 1344 1967 1418 adgre-

112 1429 390 1494 diuntur,
435 1428 595 1502 quod
629 1446 752 1482 non
776 1436 843 1481 ut
865 1425 1031 1499 prius
1065 1424 1267 1480 labore
1307 1435 1363 1481 et
1402 1445 1576 1499 opere
1611 1427 1821 1497 fessae.
1865 1429 1967 1485 sed

110 1512 305 1568 medio
335 1510 449 1566 diei
481 1521 812 1567 exarserant
835 1508 1087 1583 vulgatis
1115 1509 1404 1583 epistoli5‚
1447 1530 1592 1585 quas
1610 1509 1968 1570 Saturninus

112 1598 186 1653 ad
236 1595 546 1654 Vitellium
599 1594 909 1669 scripsisse
949 1595 1313 1653 credebatur.
1421 1605 1490 1650 ut
1541 1595 1685 1650 olim
1730 1596 1967 1656 virtutis

111 1681 572 1756 modestiaeque,
621 1691 758 1736 tunc
784 1680 1150 1754 procacitatis
1186 1690 1241 1735 et
1275 1679 1635 1754 petulantiae
1673 1693 1967 1739 certamen
2012 1710 2024 1731 τ

114 1777 263 1835 erat,
306 1785 380 1821 ne
404 1766 603 1820 minus
638 1765 935 1822 violenter
962 1763 1269 1839 Aponium
1299 1784 1475 1840 quam
1502 1765 1856 1824 Flavianum
1888 1770 1965 1824 ad

115 1849 469 1927 supplicium
537 1851 935 1925 deposcerent.

169 2095 214 2131 et
243 2090 413 2144 aliquo.
510 2087 612 2131 MS.
641 2086 772 2130 Bodt.
807 2086 997 2143 (Abx-ah.

110 2146 346 2194 Gronovio
371 2148 497 2203 teste)
524 2148 595 2188 vel
615 2146 792 2202 aliquo.

167 2206 366 2290 riutitan'
380 2250 559 2290 decore.
617 2243 693 2288 Sic
714 2244 851 2289 MSS.
875 2244 1000 2287 Flor.

112 2306 226 2360 (test.
251 2304 400 2361 Pieh.)
433 2303 584 2347 Guelf.
618 2302 743 2345 Harl.
767 2302 896 2344 Bodl.
920 2302 1002 2344 les.

112 2362 227 2404 Bud.
261 2363 359 2405 edd.
392 2362 494 2405 Put.
534 2359 732 2403 Beroald.
779 2360 901 2414 (cum
933 2359 1002 2406 sil.

113 2418 253 2473 vict.)
280 2434 378 2478 sqq.
400 2418 454 2461 ad
477 2417 673 2474 Lipsium
689 2449 700 2467 ‚
733 2417 807 2471 qui
831 2432 882 2458 ex
901 2417 1001 2459 eod.

114 2476 256 2530 Vatie.
292 2485 335 2518 et
369 2475 437 2519 ed.
472 2476 589 2533 Spir.
638 2473 772 2517 edidit
813 2476 1002 2523 honore,

112 2549 256 2591 quum
293 2533 425 2576 etiam
467 2533 512 2574 in
545 2533 727 2574 Fames.
762 2530 1004 2573 invenisset

112 2605 264 2634 onere.
323 2590 414 2633 Pro
445 2592 624 2632 honore
655 2603 760 2630 cum
789 2587 858 2630 ed.
881 2586 1000 2687 δρὲιζ.

970 2660 1002 2686 1·

112 2704 254 2750 ebena
279 2704 456 2748 reduxit
478 2707 656 2747 decore.

168 2805 395 2846 bellorum
433 2807 558 2847 deos.
635 2802 778 2856 Plane,
810 2817 902 2846 non
924 2802 1001 2851 ,vi-

113 2862 221 2912 deo,
265 2876 355 2918 quo
389 2860 574 2904 nomine
608 2860 884 2914 vocabulum
907 2860 1000 2900 bel-

112 2923 271 2961 lorum
309 2927 564 2974 suspectum
606 2917 740 2959 fuerit
777 2916 1000 2960 Ernestio.

112 2975 230 3019 Nam
278 2975 498 3018 bellorum
556 2974 618 3017 dii
670 2975 898 3031 pertinent
947 2975 999 3016 ad

114 3032 262 3090 signa:
296 3047 431 3089 quare
453 3031 561 3074 nihil
581 3031 724 3089 aptius
747 3031 833 3075 diei
857 3039 1003 3088 potest

113 3106 255 3147 quum
293 3104 539 3132 conversus
570 3093 634 3131 act
665 3090 795 3141 signa
827 3096 870 3129 et
902 3089 1000 3130 bel-

113 3150 267 3190 lorum
287 3149 416 3195 deos,
447 3145 532 3190 hoc
553 3154 617 3189 est
641 3144 690 3189 ἓν
712 3143 788 3188 διὰ
812 3145 960 3188 δυοῖν.

183 3246 438 3289 iniicerent.
538 3245 620 3288 Ed.
681 3245 800 3303 Spir.
862 3246 1002 3288 Inice-

114 3311 233 3359 rent.
290 3304 390 3359 MS.
412 3303 550 3350 Corb.
574 3304 835 3351 mitterent,

99 3376 101 3381 Ι
173 3387 588 3441 dondefatiseeree.
650 3386 727 3430 Sic
743 3385 847 3429 MS.
862 3384 1002 3430 Corb.

46 3492 53 3500 ,
117 3443 234 3499 (test.
270 3444 414 3495 Brut.)
446 3452 491 3487 et
523 3442 652 3486 tacite
679 3442 777 3487 edd.
803 3442 1000 3486 Rhenan-

118 3511 216 3558 sqq.
231 3525 287 3537 -·-
317 3504 460 3544 donec
470 3499 693 3556 fatiscere
705 3498 838 3545 MSS.
852 3497 1009 3561 Guelf.

118 3555 240 3602 Harl.
261 3558 394 3602 Bodl.
419 3560 496 3603 les.
530 3556 633 3603 edd.
662 3556 769 3603 Put.
789 3556 859 3602 M.
878 3565 923 3600 et
946 3556 1003 3602 V.

1069 3065 1325 3115 poscerent.

1065 1848 1281 1926 quippe
1348 1846 1645 1906 Moesicae.
1705 1851 1964 1927 legiones

1071 2086 1176 2130 Ber.
1210 2087 1329 2142 (cnm
1370 2085 1548 2130 silentio
1577 2072 1714 2144 Vict.)
1752 2087 1858 2134 Alc.
1908 2114 1965 2124 ·—-

1071 2147 1215 2188 donee
1235 2144 1507 2200 satisfacere
1527 2145 1597 2188 ed.
1623 2144 1742 2203 Spir.

1129 2244 1469 2287 dilaberentur.
1556 2244 1634 2289 Sic
1669 2245 1805 2290 MSS.
1838 2247 1961 2291 Flor.

1075 2305 1194 2356 (test.
1222 2301 1340 2344 Vict.
1374 2318 1479 2345 eum
1504 2302 1649 2357 Pieb.)
1681 2303 1791 2361 Reg.
1824 2303 1960 2348 Corb-

1075 2357 1330 2414 eddsSpir.
1364 2358 1491 2402 Pich.
1527 2359 1738 2418 I3e1·negg.
1758 2377 1874 2419 rsqtl.
1906 2386 1963 2394 ——

1073 2418 1356 2458 dilaberetur
1370 2416 1508 2459 MSS.
1523 2416 1678 2460 Guelf.
1691 2418 1817 2461 Harl..
1829 2418 1962 2463 Bodl.
2043 2446 2045 2449 .

1074 2474 1160 2515 les.
1205 2472 1321 2516 Bud.
1368 2474 1471 2517 edd.
1513 2474 1616 2517 Put.
1648 2490 1747 2533 sqq.
1790 2474 1845 2518 ad
1884 2476 1962 2520 Pi-

1074 2529 1280 2572 chenam.

1133 2629 1244 2673 CM».
1278 2631 1347 2673 11.
1408 2633 1564 2675 veluti.
1623 2631 1708 2676 Ed.
1732 2632 1847 2691 Spir.
1882 2648 1962 2677 ve·-

1073 2689 1157 2730 lut.
1243 2687 1411 2730 Eadem
1447 2704 1550 2731 mox
1592 2690 1840 2733 videbatur
1879 2707 1963 2750 pro

1075 2747 1369 2790 credebatur.

1131 2853 1369 2886 certamen
1396 2851 1515 2887 erat.
1572 2843 1675 2888 MS.
1695 2843 1849 2891 Guelf.
1874 2849 1964 2890 cri-

1073 2917 1183 2944 men
1211 2910 1332 2945 erat.
1752 2914 1753 2917 ’
1812 2915 1815 2918 ’

1131 3007 1441 3055 deposcerent.

1534 2992 1639 3046 MS.
1675 3015 1680 3026 ’-
1697 3002 1830 3048 ΒοᾶΙ.
1885 3019 1964 3048 re-

1130 3160 1358 3202 Moesicae
1396 3160 1620 3212 legiones.
1707 3159 1783 3204 Sic
1825 3160 1959 3205 codd.

1072 3216 1207 3260 MSS.
1237 3216 1387 3260 Guelf.
1409 3216 1556 3261 Vatic.
1589 3216 1747 3276 (Lips.)
1782 3217 1960 3276 aliique,

1077 3274 1179 3317 edd.
1215 3272 1331 3339 Spir.
1362 3273 1465 3317 Put.
1497 3275 1561 3318 M.
1595 3283 1640 3317 et
1668 3275 1722 3318 V.
1753 3274 1956 3318 Beroald.

1076 3336 1200 3385 (cum
1229 3330 1297 3373 snt.
1324 3329 1459 3388 vict.)
1483 3332 1580 3375 Ate.
1606 3354 1664 3364 —
1720 3330 1961 3376 Rhenanus

1077 3405 1100 3431 e
1123 3388 1224 3431 cod.
1245 3386 1384 3438 Bud„
1446 3389 1491 3431 ui
1518 3389 1650 3432 habet
1671 3388 1862 3430 Moesiae
1884 3403 1961 3430 ne-

1075 3443 1223 3501 glecto
1258 3445 1430 3488 vocabu
1451 3446 1746 3502 odegiones,
1781 3443 1961 3488 dederat

1075 3501 1299 3553 Moesici„
1333 3500 1545 3546 Veterem
1582 3503 1849 3560 scripturam
1878 3498 1963 3555 Pi·-

1076 3559 1215 3603 chena
1236 3557 1429 3612 restituit
1450 3576 1475 3604 e
1497 3560 1600 3605 MS.
1622 3559 1743 3603 Flor.
1782 3613 1786 3618 .
