2138 4030
205 242 439 327 ati-⁸33:
727 237 907 304 ΜΒ.
943 241 988 301 1.
1058 237 1250 304 CAP.
1292 242 1388 301 129.
1903 240 1984 302 35

119 380 325 440 oratio.
409 374 490 434 Et
522 383 758 450 patrum
795 373 964 428 favor
1004 371 1231 427 aderat:
1276 371 1451 427 multi
1488 373 1790 432 voluntate
1828 377 1980 435 effu-

118 466 266 523 sius:
312 462 418 540 qui
454 460 797 527 noluerant,
832 456 1054 525 medie,
1096 476 1162 512 ac
1197 455 1442 530 plurimi
1475 455 1652 514 obvio
1677 460 1979 540 obsequie,

116 549 374 626 privatas
400 565 531 621 spes
565 543 849 617 agitantes
887 541 1013 597 sine
1037 540 1276 615 publica
1303 560 1460 600 cura.
1550 561 1659 598 nec
1687 545 1852 602 aliud
1889 569 1983 606 se..

120 633 326 711 quenti
368 630 714 709 quatridUO‚
777 627 939 703 quod
983 626 1247 682 medium
1294 625 1451 682 inter
1496 627 1878 701 adoptionem
1921 647 1978 693 et

120 720 356 777 caedem
411 715 553 785 fuit,
627 713 853 770 dictum
908 732 942 767 a
985 709 1202 767 Pisone
1258 710 1323 765 in
1375 712 1613 786 publico
1667 712 1981 780 factumve.

116 801 534 861 Crebrioribus
578 799 645 854 in
690 798 815 854 dies
850 793 1240 853 Germanicae
1279 795 1622 853 defectionis
1658 802 1885 858 nuntiis
1916 817 1978 863 et

117 888 280 946 facili
326 886 558 943 civitate
596 884 674 940 ad
720 881 1058 956 accipienda
1106 880 1515 956 credendaque
1566 883 1768 939 omnia
1806 905 1977 960 nova,

121 993 255 1030 cum
293 971 482 1028 tristia
514 980 681 1038 sunt,
736 976 1084 1024 censuerant
1120 976 1314 1040 patres
1351 966 1672 1024 mittendos
1709 969 1784 1025 ad
1825 970 1978 1029 Ger-

118 1058 420 1130 manicum
459 1053 774 1111 exercitum
808 1053 1045 1125 legatos,
1133 1051 1418 1123 agitatum
1447 1062 1694 1122 secreto,
1737 1075 1885 1112 num
1923 1072 1978 1117 et

118 1141 257 1200 Piso
296 1141 760 1217 proficisceretur
799 1136 1023 1193 maiore
1059 1125 1392 1210 praetextu,
1444 1137 1537 1192 illi
1569 1140 1976 1199 auctoritatem

120 1347 224 1392 Alc.
250 1345 393 1390 Rhen.
425 1359 520 1402 sqq.
552 1342 607 1385 ad
636 1339 876 1400 Ryckium.
954 1339 1008 1383 In

122 1421 222 1463 sqq.
241 1419 346 1448 curn
367 1403 548 1461 Bipont.
568 1408 610 1442 et
627 1399 836 1443 Oberlin.
862 1398 1006 1456 sequi·

121 1479 226 1506 mur
268 1468 473 1506 veterum
515 1457 617 1501 edd.
651 1456 784 1510 (inde
816 1471 841 1498 a
873 1456 1006 1511 Put.)

123 1517 422 1576 distinguendi
456 1515 696 1559 rationem.
764 1512 1005 1556 Freinshe-

120 1577 236 1619 mius
283 1574 473 1618 alienam
513 1573 567 1616 ab
606 1569 828 1616 hocloco
868 1570 1010 1612 inter-

121 1633 414 1693 punctionem
453 1630 710 1673 induxerat:
755 1630 895 1670 multi
924 1642 1009 1670 vo-

122 1695 302 1734 laniate
312 1705 328 1740 ,·
379 1689 558 1743 effusius
602 1687 687 1742 qui
729 1687 1012 1728 noluerant.-

123 1749 289 1798 medii,
342 1762 398 1789 ac
445 1744 645 1799 plurimi
691 1751 777 1788 etc.
866 1742 1010 1784 Immo

124 1820 321 1863 quorum
350 1802 488 1848 animi
512 1801 559 1844 in
581 1801 794 1843 Pisonem
824 1799 1012 1842 inclina·

122 1864 256 1912 bant,
285 1861 331 1904 hi
356 1859 534 1903 effusius
556 1856 791 1902 favebant:
831 1856 906 1914 qui
932 1872 1011 1899 no·

124 1919 300 1962 lucrant
340 1916 463 1960 illam
501 1915 818 1972 adoptionem,
868 1911 1015 1958 medie

126 1984 214 2020 etc.
272 1975 444 2032 Nempe
473 1971 520 2015 hi
542 1972 655 2014 laeto
685 1971 866 2028 quidem
890 1970 1015 2012 vultu

124 2040 294 2091 patrem
326 2030 562 2086 filiumque
601 2027 901 2084 excipiebant:
947 2026 1014 2069 in-

123 2099 196 2134 tus
217 2087 555 2134 succensebant.

181 2150 450 2190 noluerant.
509 2141 708 2187 SieMS.
731 2137 886 2184 Guels.
913 2141 1013 2184 edd.

124 2204 228 2250 Put.
251 2219 349 2262 sqq.
386 2217 490 2246 cum
522 2200 671 2244 silent.
693 2200 812 2244 Vict.
841 2221 900 2232 -
951 2206 1014 2240 ηδ

123 2265 370 2306 voluerant
390 2258 461 2303 ed.
481 2257 512 2301 S
546 2258 601 2300 ir.

181 2319 352 2365 medie.
413 2316 490 2360 Sic
567 2311 776 2358 s.Guelf.
799 2312 1014 2357 edd.Put.

127 2395 147 2422 s
182 2394 227 2435 q.
270 2391 377 2420 eum
407 2372 556 2418 silent.
588 2370 706 2415 Vict.
742 2398 801 2407 --
868 2372 1016 2434 medif

127 2394 200 2480 ed.
224 2434 366 2492 Spin,
395 2429 573 2530 vulqari
598 2429 727 2474 vitio.
806 2428 1016 2472 Feinshe-

127 2493 245 2537 mius
270 2507 292 2533 e
316 2506 394 2533 sua
416 2488 472 2532 de
524 2502 580 2530 oc
611 2487 714 2530 loco
740 2485 1015 2543 distinguen-

128 2551 189 2594 do
233 2548 444 2607 opinione
493 2543 677 2587 dederat
718 2544 885 2591 medii,
926 2542 1018 2586 sic:

127 2606 268 2651 multi
295 2607 566 2653 voluntate;
599 2602 784 2656 effusius
816 2600 899 2657 qui
926 2615 1015 2642 no-

127 2667 344 2708 luerant:
382 2662 545 2711 medii,
581 2674 636 2702 ac
669 2658 892 2714 plurimi,
932 2660 1016 2699 ob-

130 2723 204 2765 vio
235 2719 454 2777 obsequio
484 2725 571 2760 etc.
600 2716 808 2759 *Ernesh
843 2714 1018 2758 reduxit

128 2779 292 2822 medie.
383 2774 628 2819 Wissowa
670 2772 719 2816 in
753 2773 875 2817 Lect.
909 2767 1016 2816 Tac.

129 2851 248 2894 spec.
282 2835 355 2878 alt.
393 2832 559 2888 (1829)
596 2830 804 2889 praetulit
840 2829 1018 2872 Freins-

128 2892 267 2937 hemii
305 2892 545 2936 rationem.
625 2888 736 2930 Mox
767 2886 868 2930 MS.
903 2887 1014 2945 Agr.

161 2967 214 2994 ro
243 2965 298 2993 ac
328 2948 459 2992 habet
495 2954 564 2989 at.
638 2944 852 2989 Ceterum
897 2953 1018 2987 totus

148 3023 285 3056 ocus,
323 3014 373 3049 ut
400 3003 533 3047 multi
552 3001 626 3045 alii
648 3002 775 3060 apud·
788 3001 1020 3053 Nostrum,

129 3064 360 3109 intellecto
389 3062 526 3105 verbo
559 3059 710 3118 aliquo
733 3058 1018 3117 explicandus

132 3132 222 3172 est.
273 3119 332 3165 cf.
355 3127 450 3163 not.
472 3118 529 3162 ad
551 3117 640 3161 An.
663 3118 702 3168 l,
724 3117 795 3161 32.
829 3115 912 3159 sub
940 3132 1017 3162 vv.

133 3183 255 3238 quod
279 3191 428 3233 neque
450 3174 644 3218 dzsiecti.
704 3173 889 3225 Uncos,
919 3173 1019 3231 quis

131 3238 295 3283 verba:
338 3236 460 3291 quod
490 3233 698 3274 medium
723 3263 735 3275 .
756 3264 767 3275 .
787 3263 798 3275 .
813 3230 912 3289 fuit
937 3229 1021 3273 cir-

134 3293 337 3340 cumdari
384 3289 492 3334 inde
535 3306 560 3333 a
600 3287 818 3332 Rhenano
863 3287 1023 3338 solent,

134 3350 292 3397 sustuli
314 3358 363 3393 ut
385 3345 581 3390 inutiles.
890 3386 894 3388 q

193 3411 241 3452 in
261 3407 458 3463 publico.
520 3403 596 3446 Sic
612 3401 885 3445 MSS.F101=.
908 3401 1025 3457 (test.

137 3467 256 3510 vict.
300 3479 405 3508 cum
446 3460 670 3513 Pichena)
710 3459 827 3501 Bud.
868 3456 1022 3502 Guelf..

137 3523 259 3567 Harl.
277 3519 406 3565 Bodl.
439 3519 520 3562 les.
545 3517 683 3562 Corb.
712 3516 813 3558 edd.
838 3515 1022 3558 Picheu.

142 3596 239 3639 sqq.
271 3603 327 3612 -·
387 3577 435 3620 in
468 3575 702 3629 publicum
740 3573 877 3618 MSS.
908 3573 1018 3630 Reg.

1078 1340 1190 1398 Agr.
1234 1339 1336 1383 edd.
1372 1340 1488 1398 Spir.
1523 1340 1626 1387 Put.
1661 1359 1759 1403 sqq.
1800 1344 1855 1389 ad
1891 1347 1973 1392 Pi-

1080 1397 1287 1441 chenam.
1606 1444 1612 1449 „
1769 1417 1795 1423 ”’

1139 1454 1466 1497 Germanicae.
1526 1454 1602 1498 Sic
1635 1455 1733 1499 edd.
1764 1458 1974 1509 Beroald.

1084 1513 1206 1568 (cum
1234 1512 1380 1554 silent.
1402 1511 1539 1562 Viet.)
1578 1514 1679 1557 Alc.
1707 1514 1851 1562 Rhen.
1875 1537 1974 1578 sqq.

1081 1595 1139 1603 ——
1159 1570 1429 1623 germanice
1449 1569 1661 1614 edd.Put.
1677 1599 1736 1607 --
1769 1575 1971 1621 Germa-

1081 1629 1154 1682 ηίρ
1185 1626 1284 1670 MS.
1321 1625 1472 1669 Guelf.
1511 1627 1561 1682 (a
1583 1644 1671 1671 sec.
1701 1635 1866 1688 manu)
1903 1637 1972 1679 ed.

1083 1684 1203 1744 spir.
1263 1684 1304 1725 A
1327 1683 1471 1742 prima
1496 1701 1633 1727 manu
1657 1685 1870 1733 inGuelf.
1890 1692 1976 1735 fuit

1082 1743 1363 1796 germanice.
1381 1765 1437 1772 —-
1469 1742 1579 1783 Mox
1601 1743 1756 1786 eadem
1777 1746 1843 1792 ed.
1859 1749 1976 1807 spir.
2037 1767 2039 1769 ·

1083 1801 1215 1843 habet
1237 1799 1430 1841 tristitia
1447 1814 1532 1856 pro
1558 1801 1723 1844 tristia.
1801 1822 1804 1825 ·

1139 1871 1253 1899 num
1274 1863 1319 1898 et
1343 1855 1467 1899 Piso.
1528 1856 1628 1900 MS.
1659 1856 1811 1904 Guelf.
1843 1863 1908 1904 ηδ
1933 1873 1979 1907 et

1083 1913 1214 1963 Piso,
1266 1929 1378 1968 quae
1413 1911 1623 1956 confusio
1659 1914 1874 1975 frequens
1915 1931 1979 1966 est

1083 1970 1132 2013 in
1154 1969 1234 2012 illo
1254 1968 1387 2013 libro.

1141 2028 1321 2069 maiore
1337 2034 1611 2082 praetextu.
1655 2029 1806 2089 Lipsio
1828 2051 1977 2094 suspe-

1085 2093 1211 2149 ctum
1246 2091 1338 2127 erat
1371 2100 1478 2130 voc.
1513 2086 1722 2134 maiore:
1766 2091 1974 2138 Acidalio

1084 2157 1250 2198 magis,
1282 2141 1404 2199 quod
1445 2142 1670 2199 sequitur²
1697 2156 1975 2199 praetextu.

1084 2199 1263 2242 Ernest.
1297 2199 1589 2244 etjzroterius
1622 2218 1727 2246 cum
1755 2204 1974 2251 Salinerio

1086 2267 1129 2300 et
1161 2255 1417 2299 Boxhornio
1454 2258 1591 2303 verba
1625 2258 1978 2320 interpretantur

1085 2314 1171 2357 ita:
1217 2322 1303 2364 „ut
1342 2314 1486 2356 maior
1518 2312 1750 2372 legationis
1787 2319 1978 2378 dignitas

1087 2371 1253 2415 esset.'’
1281 2369 1479 2414 ›Parum
1512 2374 1651 2417 recte.
1711 2375 1789 2419 Est
1826 2379 1977 2435 potius

1087 2427 1301 2472 sententia
1322 2427 1455 2471 haec:
1488 2428 1702 2484 agitatum
1729 2448 1836 2485 esse,
1863 2451 1977 2479 num

1088 2495 1130 2529 et
1143 2484 1248 2527 Piso
1270 2485 1633 2542 proficisceretur
1655 2489 1711 2532 ad
1734 2479 1993 2537 sedandam'

1088 2541 1285 2586 militum
1319 2542 1611 2592 seditionem,
1650 2545 1709 2588 ita
1742 2556 1893 2592 tamen
1927 2559 1979 2595 ut

1087 2615 1182 2644 non
1212 2599 1346 2647 haec,
1391 2600 1466 2643 sed
1502 2599 1586 2643 alia
1621 2604 1843 2659 quaedam
1872 2615 1979 2664 gra*

1089 2658 1186 2700 vior
1209 2671 1338 2700 causa
1367 2656 1637 2713 profectioni
1657 2662 1975 2717 praetendere-

1088 2723 1186 2763 tur,
1215 2722 1355 2771 utque
1387 2713 1434 2755 in
1464 2713 1706 2771 publicum*
1722 2719 1981 2766 crederetur

1089 2787 1184 2815 non
1218 2771 1274 2813 ob
1308 2770 1575 2813 seditionem
1609 2773 1840 2830 profectus
1872 2793 1981 2842 effe,

1089 2829 1255 2887 quippe
1277 2828 1403 2871 cuius
1429 2828 1707 2874 atrocitatem
1731 2831 1980 2880 dissimula-

1089 2887 1220 2930 bant:
1272 2885 1345 2927 sed
1379 2885 1547 2928 maiore
1585 2885 1640 2930 de
1668 2903 1821 2942 causa,
1861 2893 1982 2937 velut

1090 2951 1254 2986 statum
1278 2950 1327 2983 ut
1349 2943 1514 2990 viseret
1540 2941 1717 3002 imperii
1744 2956 1819 2990 aut
1846 2964 1979 3006 expe-

1091 3000 1310 3044 ditionem
1356 2998 1523 3042 faceret
1563 3001 1636 3046 vel
1674 3002 1818 3046 simile
1858 3007 1981 3062 quid.

1090 3058 1166 3101 Sic
1201 3058 1294 3100 An.
1327 3055 1369 3104 Ξ,
1393 3055 1465 3100 44.
1497 3057 1675 3101 Drusus
1719 3060 1880 3105 missus
1920 3072 1983 3107 est

1087 3113 1135 3157 in
1158 3113 1417 3171 Illyricum,
1446 3122 1495 3155 ut
1518 3115 1694 3158 urbano
1727 3117 1849 3161 luxui
1879 3120 1981 3163 abs-

1090 3171 1341 3214 traheretur
1378 3179 1422 3214 et
1452 3170 1661 3215 Tiberius
1693 3174 1835 3217 tutior
1871 3186 1984 3221 esset

1092 3238 1288 3285 utroque
1339 3226 1434 3269 filio
1482 3228 1682 3286 legiones
1725 3231 1980 3278 obtinente:

1095 3294 1139 3327 at
1169 3284 1572 3342 praetendebantur
1604 3287 1754 3332 suevi.
1813 3290 1905 3333 An.
1939 3292 1984 3341 2,

1096 3343 1166 3385 59.
1202 3340 1500 3384 Germanicus
1538 3343 1795 3401 Aegyptum
1845 3349 1983 3402 profi-

1095 3399 1278 3443 eiseitur
1310 3400 1652 3455 cognoscendae
1687 3401 1986 3460 antiquitatis3

1096 3472 1202 3501 eura
1223 3456 1483 3514 provinciae
1505 3457 1894 3514 praetendebatur.
1967 3504 1971 3509 ,

1151 3514 1224 3556 illi
1241 3514 1586 3557 auctoritatem.
1627 3512 1816 3560 SicMS.
1831 3516 1984 3563 Guelf.

1095 3570 1194 3615 edd.
1216 3570 1443 3649 Putgsqq.
1476 3585 1578 3615 cum
1603 3570 1751 3615 silent.
1777 3572 1895 3620 Vici.
1929 3599 1986 3610 -·

1297 3630 1345 3686 (⁴
1381 3633 1422 3688 2
