2138 4030
148 212 198 242 Α.
214 205 267 242 U.
285 204 369 238 823.

145 251 197 285 A.
218 249 265 285 C,
308 248 367 282 70.

586 202 634 260 L
647 200 754 276 [Β.
799 199 845 262 1.
919 194 1116 258 CAP.
1158 198 1256 259 89.
1295 200 1396 261 90.
1780 201 1914 266 ‘129

61 338 308 398 boniani
342 343 545 391 contra
580 328 900 387 Claudium
940 329 1170 402 incepta
1208 327 1385 384 simul
1418 330 1615 389 audita
1658 345 1714 391 et
1750 357 1917 394 coer-

50 417 197 484 cita.
279 420 436 479 Nero
466 415 696 473 nuntiis
729 413 913 486 magis
947 426 1003 470 et
1027 412 1366 470 rumoribus
1396 432 1574 490 quam
1612 420 1788 475 armis
1813 423 1916 478 de—
1951 414 1954 415 ⁷

63 507 286 588 pulsus.
397 514 524 561 tum
571 500 832 573 legiones
881 497 1232 573 classesque,
1295 508 1360 553 etv
1386 499 1548 574 quod
1587 507 1917 576 ramalia&

63 590 466 672 praetorianus
489 587 867 659 urbanusque
891 583 1060 639 miles
1083 582 1149 637 in
1172 581 1357 638 aciem
1384 583 1655 655 deducti,
1698 583 1916 647 Oriens

67 676 474 750 Occidensque
507 681 564 726 et
592 669 883 746 quidquid
916 667 1214 746 utrimque
1246 666 1465 723 virium
1501 680 1614 740 est,
1669 691 1700 727 a
1739 683 1919 747 tergo,
1996 680 2000 689 ’

69 765 119 821 si
174 761 423 820 ducibus
475 755 606 812 aliis
659 754 943 810 bellatum
985 753 1166 821 foret,
1235 751 1414 825 longo
1459 753 1616 810 hello
1655 761 1919 820 materia.

66 846 258 905 Fuere
311 842 417 921 qni
468 838 860 917 proficiscenti
912 832 1148 894 Othoni
1198 855 1395 893 moras
1459 838 1922 919 religionemque

66 932 335 989 nondum
389 925 763 984 conditorum
812 923 1094 979 ancilium
1143 921 1458 983 adferrent.
1579 940 1922 1000 aspernatus

66 1029 152 1074 est
174 1033 412 1071 omnem
434 1010 869 1069 cunctationem
892 1018 960 1063 ut
980 1005 1205 1084 Neroni
1231 1027 1466 1084 quoque
1493 1010 1820 1074 exitiosam:
1867 1024 1923 1070 et

66 1100 322 1159 Caecina
351 1099 470 1155 iam
495 1096 676 1171 Alpes
705 1106 1096 1166 transgressus
1130 1093 1556 1155 exstimulabat⁴

230 1234 365 1310 „XC.
450 1232 651 1290 Pridie
702 1228 843 1287 Idus
879 1224 1139 1290 ‚Martias
1191 1232 1595 1290 commendata
1657 1220 1924 1309 patribus

71 1344 135 1380 re
176 1321 414 1398 publica
461 1315 740 1393 reliquias
771 1313 1244 1371 Neronianarum
1286 1316 1610 1374 sectionum
1654 1322 1926 1378 nondum

72 1580 258 1631 tentiam
284 1577 456 1633 fund-at,
485 1565 668 1620 nimiam
689 1571 965 1616 emendatio-

74 1639 144 1681 nis
165 1636 358 1695 speciem
381 1634 574 1693 praefert
599 1632 875 1687 minorisque
892 1645 965 1671 au·

73 1694 290 1740 ctoritatis
332 1693 459 1736 libris
505 1690 679 1734 nititur.
743 1687 967 1730 'Potiores

4 1804 6 1806 v
77 1753 177 1796 libri
205 1759 403 1809 pugnant
422 1765 504 1806 pro
532 1750 811 1801 pertinuere.
872 1743 969 1785 Lit-

76 1820 196 1854 terae
216 1824 257 1851 r.
278 1825 327 1862 p.
351 1806 519 1850 suntin
546 1804 771 1847 omnibus.
828 1801 966 1855 Quo-d

76 1866 285 1910 nonnulli
338 1879 489 1907 casum
537 1863 668 1904 etiam
713 1859 967 1916 exprimunt

79 1932 156 1968 aut
179 1921 556 1980 praepositionem
581 1918 774 1967 addunt,
804 1931 965 1973 parurn

77 1982 214 2024 iuvat.
277 1979 476 2021 Verbum
499 1977 728 2028 pertinere
747 1972 968 2031 significat

78 2038 208 2086 latius
238 2045 410 2094 patere,
442 2033 570 2076 latius
597 2031 790 2088 porrigi,
822 2037 967 2071 exten·

4 2108 6 2110 ’
80 2095 147 2138 di:
177 2093 276 2136 finis
292 2093 344 2135 ad
362 2107 494 2149 quem
517 2089 695 2132 additur
717 2104 821 2131 cum
847 2101 967 2151 prae-

79 2168 180 2210 pos.
203 2153 268 2193 ad
284 2149 349 2204 vel
371 2150 440 2205 in.
495 2146 687 2189 Ponitur
707 2160 812 2187 vero
836 2151 969 2186 etiarn

80 2207 283 2252 absolute
314 2222 398 2249 nec
429 2204 580 2248 addito
616 2203 703 2244 fine
737 2201 791 2245 ad
818 2216 968 2258 quem.

83 2267 143 2310 cf.
169 2265 265 2320 Cic.
301 2264 356 2306 de
383 2262 437 2307 N.
463 2262 521 2306 D.
555 2262 596 2309 2,
620 2260 690 2303 55.
719 2268 971 2313 eorumque

0 2329 12 2381 ,g
80 2321 389 2380 (nervorum)
445 2318 814 2372 implicationem
871 2321 970 2356 toto

82 2394 276 2434 corpore
303 2379 629 2432 pertinentem.
690 2373 805 2416 lbid.
830 2379 973 2427 atque

81 2439 186 2480 inde
217 2436 343 2478 aliae
378 2435 510 2489 (viae)
536 2433 824 2487 pertinentes
844 2436 974 2479 sunt,

78 2510 164 2549 per
190 2508 308 2550 quas
336 2491 461 2535 cadit
491 2492 616 2533 cibus
651 2497 737 2532 etc.
818 2486 974 2542 Quare

86 2551 333 2594 Gutmann.
357 2557 482 2606 putat
497 2547 703 2591 Tacitum
725 2543 973 2601 scripsisse:

83 2607 138 2652 're
166 2604 349 2664 publica
369 2607 663 2660 pertinuere,
694 2611 743 2644 ut
766 2601 863 2645 Cic.
887 2598 916 2643 l.
940 2600 973 2644 l.

87 2673 183 2708 toto
233 2678 424 2716 corpore
470 2664 799 2716 pertinentem.
888 2656 973 2699 Vix

87 2723 238 2768 credo.
296 2737 399 2763 nam
432 2719 548 2778 apud
572 2718 667 2761 Cic.
702 2715 972 2761 vocabulum

40 2830 53 2834 -
88 2788 184 2824 toto
206 2795 301 2822 eam
325 2778 418 2822 vim
443 2777 588 2827 habet,
620 2791 730 2832 quae
754 2773 972 2818 desidera·

87 2849 162 2882 tur
194 2837 242 2880 in
276 2834 379 2878 loco
410 2832 569 2877 Taciti.
634 2830 809 2886 Quodsi
847 2831 972 2873 abso·

87 2897 231 2939 lutum
257 2908 385 2935 usum
409 2892 543 2934 verbo
569 2889 785 2938 vindicas,
816 2885 974 2928 melius

89 2952 274 2995 fortasse
297 2947 487 2991 scribes:
527 2953 709 2993 tantum
730 2945 862 2999 pacis
884 2946 974 2985 ad·-

92 3018 225 3050 versa
285 3007 356 3048 rei
415 3005 624 3058 publicae
690 3003 975 3058 pertinuere.

90 3066 207 3109 Tum
225 3064 355 3117 pacis
377 3066 578 3104 adversa
599 3062 675 3102 rei
690 3061 897 3114 publicae
913 3057 975 3099 di·

92 3131 255 3168 cuntur
288 3129 334 3162 ut
363 3119 636 3174 prodicionis
669 3118 743 3158 ira
771 3115 975 3157 militum

93 3179 197 3224 infr.
223 3178 264 3229 3,
285 3179 376 3228 10.;
407 3191 573 3217 canum
595 3175 802 3216 adulatio
822 3173 974 3213 domi-

14 3238 19 3241 ⁷
47 3289 49 3291 q
76 3236 261 3279 'norum
295 3233 388 3276 Cic.
425 3234 477 3275 de
509 3231 567 3274 N.
594 3231 652 3274 l).
679 3232 718 3280 Ξ,
742 3230 813 3274 63.
832 3246 842 3270 :
864 3242 976 3282 per-

94 3297 292 3342 tinuere,
360 3289 406 3334 h.
447 3306 485 3332 e.
523 3290 848 3346 ¹perennitatem
904 3285 976 3328 ha-

96 3355 256 3398 tmere,
292 3347 524 3390 duravere.
584 3345 686 3387 MS.
710 3343 887 3393 Guelf„
928 3349 978 3384 ut

94 3406 368 3466 saepissime,
417 3420 499 3462 pro
529 3411 714 3444 tantum
737 3401 866 3444 habet
899 3408 977 3442 ta-

97 3480 216 3507 men.

150 3520 440 3563 Scriboniani
455 3535 495 3562 c.
515 3518 561 3562 C.
589 3519 782 3571 iace-pta.
811 3514 868 3560 cf.
890 3513 981 3557 An.

95 3587 340 3638 TAcmzs
367 3585 463 3636 Ill.

1038 1573 1105 1623 12,
1128 1571 1197 1614 52.
1258 1572 1616 1619 Suetonsslaud.
1645 1591 1685 1620 c.
1708 1575 1774 1620 13.
1837 1577 1925 1621 mo

1034 1631 1105 1680 60,
1132 1631 1201 1673 15.
1235 1658 1293 1666 --
1360 1631 1442 1675 Ed.
1474 1631 1593 1689 Spir.
1631 1648 1715 1690 pro
1748 1637 1927 1690 incepta

1039 1688 1111 1730 dat
1135 1690 1294 1741 inepta
1303 1705 1319 1740 ‚·
1347 1689 1412 1731 ed.
1439 1689 1543 1734 Put.
1569 1689 1623 1733 V.
1643 1699 1817 1747 scepta.

1096 1773 1274 1814 audita.
1333 1772 1416 1815 Ed.
1444 1772 1562 1830 Spir.
1585 1772 1794 1820 Taudtta.

1094 1855 1138 1897 si
1171 1857 1369 1906 dacibus
1395 1859 1498 1900 aliis
1532 1860 1759 1901 bellatura
1778 1861 1927 1916 soret.

1039 1910 1118 1954 Sic
1139 1911 1275 1955 MSS.
1299 1913 1426 1958 Flor.
1462 1916 1611 1970 (alter)
1640 1915 1751 1973 Reg.
1786 1919 1926 1963 Con-b.

1022 1970 1138 2025 edd.
1167 1968 1284 2025 Spir.
1308 1969 1434 2015 Picb.
1458 1988 1555 2030 sqq.
1589 1997 1644 2004 -—
1687 1978 1769 2017 sub
1792 1978 1926 2018 duci-

1041 2029 1121 2068 bus
1162 2027 1266 2068 alite
1305 2029 1350 2068 si
1379 2031 1602 2074 bellatum
1623 2031 1753 2085 foret
1788 2033 1928 2078 MSS.

1038 2080 1164 2126 Harl.
1201 2082 1335 2128 Bodl.
1367 2086 1452 2130 les.
1487 2086 1637 2131 Guelf.
1683 2089 1783 2132 edd.
1821 2090 1927 2134 Put.

1041 2140 1246 2184 Beroald.
1269 2157 1366 2199 sqq.
1406 2144 1458 2186 ad
1493 2145 1753 2192 Pichenam.
1835 2148 1928 2191 Ea-

1042 2198 1142 2240 dem
1176 2207 1279 2240 sunt
1309 2200 1355 2241 in
1391 2198 1659 2254 MS.'Bud'.‚
1690 2204 1774 2247 nisi
1805 2207 1930 2264 quod

1042 2255 1077 2297 is
1102 2255 1213 2297 liber
1237 2257 1403 2300 omittit
1426 2261 1482 2302 si.

1097 2354 1233 2406 longo
1265 2356 1380 2397 bello
1405 2357 1629 2401 materia.
1690 2358 1790 2402 MS.
1815 2361 1932 2418 Agr.

1044 2408 1117 2452 ed.
1156 2409 1298 2468 Ryek.
1348 2415 1488 2467 longa
1540 2415 1657 2456 bello
1710 2418 1930 2463 materia.

1043 2466 1240 2510 Praestat
1280 2468 1530 2526 vulgatum.
1608 2472 1730 2516 Alibi
1762 2473 1930 2518 Nostro

1043 2524 1255 2567 scribitur
1280 2530 1515 2573 materies.

1102 2625 1408 2665 conditorum
1421 2627 1659 2667 ancilium.
1720 2625 1796 2669 Sic
1827 2627 1931 2672 edd.

1044 2679 1144 2724 Put.
1180 2696 1278 2739 sqq.
1320 2709 1378 2716 --
1446 2683 1584 2727 MSS.
1615 2684 1729 2725 Bud.
1775 2683 1930 2728 Guels.

1044 2738 1107 2792 (in
1130 2742 1286 2794 marg.)
1316 2737 1428 2794 Reg.
1451 2739 1591 2784 Corb.
1619 2741 1688 2783 ed.
1709 2739 1827 2798 Spir.
1857 2743 1931 2785 ad·

1044 2795 1156 2838 dunt
1187 2804 1367 2837 scutum
1398 2804 1442 2836 et
1465 2812 1603 2839 arma
1636 2801 1872 2850 coelestia,
1906 2816 1930 2842 e

1046 2853 1323 2908 glossemate.
1387 2854 1454 2894 De
1487 2870 1534 2896 re
1563 2854 1622 2898 cf.
1650 2855 1788 2901 Ovid.
1816 2858 1934 2900 Fast.

1046 2909 1087 2957 3,
1111 2912 1198 2953 260
1217 2926 1317 2970 sqq.

1103 2989 1387 3061 aspernatus
1412 3015 1495 3052 est.
1515 2982 1519 2987 Ι
1563 3008 1638 3052 Sic
1662 3008 1802 3053 MSS.
1822 3009 1930 3067 Reg.

1050 3067 1186 3110 Cot-b.
1212 3065 1323 3121 Agr.
1346 3065 1446 3107 edd.
1467 3066 1583 3122 Spir.
1599 3066 1638 3107 R
1673 3066 1741 3110 ck.
1758 3066 1932 3112 Ernest.

1049 3140 1144 3181 sqq.
1243 3123 1289 3164 ln
1324 3121 1460 3181 MSS.
1491 3123 1607 3167 Bud.
1686 3124 1766 3168 arl.
1800 3124 1933 3168 Bodt.

1050 3182 1133 3279 lest.
1157 3178 1307 3222 Guelf.
1332 3179 1430 3241 edd.
1457 3179 1557 3224 Put.
1580 3197 1682 3241 sqq.
1713 3182 1934 3224 ominium

1048 3253 1097 3282 es
1123 3269 1134 3280 .
1174 3263 1177 3267 >

1105 3337 1219 3380 CAP.
1251 3335 1325 3377 90.
1401 3335 1621 3390 reliquias
1663 3336 1726 3379 N.
1768 3337 1934 3378 sectio-

1048 3411 1176 3437 num.
1238 3392 1296 3434 cf.
1330 3407 1452 3449 supr.
1483 3409 1524 3436 c.
1548 3393 1617 3434 ΞΟ.
1697 3392 1778 3435 Ed.
1814 3392 1937 3447 Spir-

1050 3468 1131 3510 pro
1164 3451 1543 3493 Neronianarum
1587 3450 1659 3494 (lat
1689 3465 1745 3491 ne
1773 3465 1934 3491 roma-

1049 3523 1242 3552 narum.
