2138 4030
127 262 355 348 2:812&
525 265 698 327 LIB.
736 263 846 326 111.
925 262 1123 329 CAP.
1155 263 1257 326 25.
1292 267 1394 327 26.
1765 269 1891 331 289

44 381 216 456 liant:
258 399 478 455 factum
501 416 622 453 esse
645 395 830 452 scelus
853 394 1183 473 loquuntur
1202 394 1560 473 faciuntque.
1647 399 1730 459 Ut
1741 400 1908 462 Cre-‘

43 503 284 540 monam
306 502 521 539 venere
536 526 551 551 ‚
586 500 809 537 novum
833 480 1302 556 immensumque
1323 501 1473 556 opus
1497 487 1766 549 occurrit.

209 596 435 657 XXVI.
479 591 828 653 Othoniano
862 594 1019 651 hello
1047 591 1435 650 Germanicus
1465 594 1631 652 miles
1661 603 1890 658 moeni-

44 687 155 742 bus
179 682 667 742 Cremonensium
696 691 877 736 castra
907 698 1042 748 sua,
1092 677 1295 735 castris
1322 678 1546 735 vallum
1581 681 1889 742 circumie-

46 781 204 827 cerat
218 815 235 838 ‚
272 787 454 843 eaque
477 766 842 821 munimenta
863 782 1066 821 rursus
1088 758 1346 821 auxerat.
1381 784 1636 839 quorum
1656 783 1889 844 aspectu

46 847 287 911 haesere
316 853 597 938 victforeffi
666 849 906 906 incertis
941 847 1191 906 ducibus
1235 846 1380 923 quid
1416 847 1707 912 iuberent.
1791 855 1889 911 in-

42 939 235 1014 cipere
258 935 759 1012 oppugnationem
780 935 929 990 sesso
953 953 1059 1009 per
1081 931 1238 988 diem
1262 943 1610 1010 noctemque
1635 940 1890 998 exercitu

36 1024 299 1080 ¹arduum
326 1034 381 1079 et
403 1021 572 1078 nullo
611 1020 771 1076 iuxta
808 1019 1070 1076 subsidio
1106 1036 1335 1090 anceps,
1423 1017 1515 1087 sin
1535 1017 1891 1081 Bedriacum

42 1109 332 1176 redirent,
379 1105 785 1163 intolerandus
822 1115 941 1161 tam
970 1100 1135 1175 longi
1164 1101 1392 1157 itineris
1419 1102 1589 1160 labor
1618 1117 1675 1164 et
1701 1107 1890 1166 victo-

43 1194 132 1250 ria
159 1190 504 1249 ad‘inritum
527 1190 954 1266 revolvebatur.
1037 1185 1272 1243 munire
1305 1198 1518 1258 castra,
1559 1189 1622 1247 id
1653 1212 1890 1272 quoque

42 1277 390 1354 propinquis
421 1271 687 1332 hostibus
714 1273 1194 1339 formidolosum,
1242 1291 1318 1326 ne
1342 1272 1636 1348 dispersos
1663 1289 1720 1334 et
1743 1270 1891 1354 opus

42 1363 350 1420 molientes
373 1361 565 1417 subita
591 1360 898 1433 eruptione
926 1358 1249 1414 turbarent.
1306 1377 1454 1432 quae
1477 1377 1653 1434 super
1682 1377 1890 1422 cuncta

42 1448 298 1504 terrebat
326 1445 588 1520 ipsorum
613 1444 783 1499 miles
816 1442 1066 1518 periculi
1107 1461 1286 1519 quam
1319 1461 1518 1499 morae
1552 1446 1889 1522 patientior,

45 1532 261 1609 quippe
294 1530 520 1603 ingrata
551 1549 698 1605 quae
721 1540 873 1597 tuta,
926 1548 993 1583 ex
1018 1525 1341 1603 temeritate
1364 1545 1519 1602 spes:
1576 1533 1887 1611 omnisque

44 1618 242 1673 caedes
268 1627 323 1672 et
347 1616 594 1672 vulnera
619 1626 675 1671 et
700 1612 934 1687 sanguis
962 1613 1240 1670 aviditate
1277 1613 1527 1685 praedae
1560 1619 1894 1690 pensaban-

42 1715 156 1760 tur.

98 1923 488 1973 immensumque.
546 1915 760 1972 Echspir.
785 1916 931 1958 etim·
1058 1915 1360 1960 Bedriacum.
1435 1918 1554 1962 Libri
1598 1919 1796 1973 variant,
1844 1932 1894 1968 ut

44 1992 269 2020 mensum.
1001 1977 1150 2029 supra.

100 2035 211 2078 CAP.
250 2033 324 2077 26.
390 2034 607 2087 incipere.
687 2031 769 2074 Ed.
807 2030 928 2090 Spir.
1058 2030 1396 2074 intolerandus.
1466 2032 1532 2075 Ed
1577 2033 1692 2092 Spir.
1724 2038 1892 2081 intole-

41 2094 264 2145 incepere.
1001 2089 1259 2135 rabundus.

88 2150 226 2204 fesso
261 2180 275 2191 .
304 2178 315 2190 .
342 2179 354 2191 .
387 2147 605 2189 exercitu.
678 2144 756 2188 Sic
792 2144 929 2188 MSS.

43 2206 191 2250 Guelf.
226 2204 348 2248 Harl.
382 2203 514 2246 Bodl.
552 2202 652 2246 edd.
685 2202 787 2246 Put.
824 2203 929 2245 Ber.

40 2281 139 2322 sqq.
172 2290 230 2298 --
287 2262 344 2305 At
366 2260 499 2304 MSS.
521 2259 646 2302 Flor.
673 2261 787 2314 (test.
808 2259 931 2303 Viet.

43 2338 146 2366 cum
161 2318 320 2377 Ryck.)
342 2319 450 2375 Reg.
475 2317 929 2375 ed.Spir.sessos...

45 2380 312 2422 exercitum.
370 2374 472 2419 MS.
508 2374 618 2432 Agr.
643 2374 802 2430 fessos
839 2406 851 2418 .
877 2406 890 2418 .
914 2403 927 2415 .

45 2435 292 2478 exercitus.
332 2431 484 2489 Quare
499 2431 706 2489 Bipont.:
729 2432 931 2487 incipere

43 2491 427 2546 oppugnationem
454 2489 615 2544 fessos
660 2492 766 2543 (per
804 2490 930 2530 diem

41 2555 313 2603 noctemque
374 2547 645 2601 exercitum)
713 2548 930 2588 arduum.

44 2607 237 2651 Frustra.
310 2603 377 2647 Ut
407 2602 625 2660 scriptura
657 2601 778 2646 Flor.
813 2619 929 2645 eon-

41 2674 125 2707 stet
146 2693 161 2711 ‚
207 2660 422 2724 jntellige
471 2660 621 2718 potius
673 2661 931 2702 exercitum

40 2723 162 2764 diem
202 2727 501 2774 noctemque,
555 2724 601 2759 ut
642 2717 733 2764 An..
781 2719 821 2765 1,
860 2717 930 2760 17.

44 2777 273 2822 exercitas
295 2781 523 2826 aestates,
558 2782 601 2815 et
625 2791 666 2818 c.
689 2773 760 2818 35.
785 2788 929 2817 exer-

42 2838 158 2878 citae
192 2834 395 2874 militiae.
462 2831 525 2873 Ita
554 2830 687 2884 sessi
718 2831 931 2874 dicuntur

39 2906 126 2948 pet·
166 2890 292 2931 diem
332 2894 608 2944 noctemque
657 2889 930 2939 exercitum,

43 2949 125 2992 nisi
148 2947 264 2989 forte
286 2953 475 3004 praestat
495 2946 767 2993 exercitam,
794 2960 930 3002 quan-

44 3021 175 3064 quam
214 3002 323 3046 Hist.
351 3006 388 3050 l,
420 3004 486 3044 11.
524 3001 737 3058 leguntur
770 3002 932 3056 Africa

44 3079 99 3104 ac
129 3061 331 3114 legiones
361 3061 408 3101 in
438 3075 495 3100 ca
527 3066 756 3101 contenta.
826 3059 928 3101 Vid.

44 3120 105 3162 ib.
157 3125 250 3160 not.
338 3116 440 3159 MS.
480 3116 588 3158 ssud.
632 3118 790 3172 sessos·
829 3148 840 3158 .
874 3124 902 3158 .'
925 3150 933 3158 .

42 3176 275 3228 exercitu,
317 3173 392 3215 ubi
418 3174 624 3214 exercitu
645 3175 830 3229 ponitur
849 3187 931 3230 pro

42 3230 266 3279 exercitio,
293 3228 618 3277 exercitatione,
644 3231 810 3281 labore,
840 3245 931 3286 quo

43 3291 76 3334 si
110 3287 291 3332 nificatu
330 3285 374 3328 id
406 3286 676 3329 vocabulum
713 3297 777 3330 est
811 3286 929 3344 apud

42 3347 77 3389 P
99 3355 250 3389 autum
275 3343 486 3400 aliosque.
524 3341 931 3398 MSS.Corb.fes·

41 3418 143 3445 sum
171 3431 183 3445 .
202 3432 213 3444 .
232 3433 243 3444 .
268 3403 551 3451 exercitum,
593 3399 672 3443 les.
695 3403 832 3456 fesso
858 3431 868 3442 .
889 3432 898 3442 .
915 3431 927 3443 .

45 3459 317 3502 exereitum.

99 3518 249 3556 iuxta.
308 3514 522 3572 Ed.Spir.
545 3517 694 3567 iusta,
728 3521 777 3555 ut
800 3529 930 3570 saepe

43 3571 144 3615 libri
167 3579 337 3616 veteres
362 3588 442 3627 pro
470 3574 624 3615 iuxta.

125 3637 367 3688 TAcrrus
408 3636 501 3688 III.

1059 2147 1244 2187 munire
1267 2154 1442 2191 castra.
1500 2145 1644 2191 lntssi
1672 2147 1895 2201 iuberent,

1002 2200 1124 2259 quod
1164 2203 1458 2259 repetendum
1495 2213 1559 2248 est
1598 2222 1621 2248 e
1662 2208 1897 2265 superiore

1003 2259 1131 2301 loco:
1174 2260 1359 2302 incertis
1381 2262 1596 2312 ducibus,
1634 2266 1744 2319 quid
1766 2268 1896 2309 iube-

1000 2323 1127 2358 rent.
1189 2315 1341 2372 Quare
1366 2317 1671 2375 interrogandi
1703 2323 1897 2380 signum,

1003 2373 1124 2429 quod
1147 2371 1379 2418 Ernestius
1407 2384 1509 2433 post
1534 2385 1693 2420 castra
1716 2380 1897 2423 addide-

1001 2437 1092 2479 rat,
1122 2430 1235 2472 bene
1256 2430 1417 2474 delevit
1441 2431 1670 2477 Bekkerus
1685 2468 1696 2484 .
1725 2443 1776 2478 ut
1795 2437 1895 2480 alie·

1004 2502 1113 2529 num
1137 2487 1191 2529 ab
1217 2486 1303 2531 hoc
1326 2488 1430 2532 loco
1451 2497 1582 2546 atque
1603 2491 1776 2536 inutile.

1055 2546 1103 2585 id
1165 2558 1347 2600 quoque
1402 2547 1696 2604 propinquis.

1003 2598 1153 2643 Guelf.
1181 2603 1228 2642 id
1249 2603 1518 2658 propinquis
1541 2619 1735 2661 quoque.

1060 2660 1317 2712 eruptione.
1347 2659 1446 2702 MS.
1461 2659 1612 2705 Guelf.
1628 2665 1896 2718 irruptione.

1461 2715 1546 2761 Ed.
1586 2718 1703 2777 Spir.
1745 2724 1896 2786 subitg

1645 2833 1749 2879 MS.
1786 2837 1896 2896 Agr.

1002 2902 1141 2940 super
1164 2902 1284 2942 quae
1303 2895 1481 2931 cuncta.
1539 2888 1642 2934 Sed.
1665 2891 1726 2936 cf.-
1748 2893 1834 2937 An.
1851 2897 1893 2944 6,

1002 2945 1074 2986 35.
1116 2957 1230 2999 quos
1262 2958 1418 2997 super.
1488 2944 1614 2989 Idem
1648 2949 1750 2995 eod.
1779 2953 1894 3009 Agr.

1002 3017 1086 3058 pro
1110 3004 1312 3054 ipsorum
1339 3000 1426 3043 fert
1451 3001 1565 3056 lpse.

1059 3072 1120 3100 ex
1163 3057 1438 3102 temeritate.
1518 3058 1595 3104 Sic
1632 3060 1731 3106 MS.
1765 3064 1895 3110 Flor.

1006 3117 1122 3167 (test.
1165 3114 1277 3157 Vict.
1319 3130 1423 3157 eum
1465 3115 1549 3159 lae.
1583 3116 1750 3178 Gron.)
1792 3124 1893 3166 edd.

1004 3174 1122 3230 Spir.
1159 3171 1248 3214 lae.
1282 3169 1485 3214 Gronov.
1520 3178 1616 3233 sqq.
1651 3185 1694 3218 et
1731 3181 1787 3222 ita
1825 3197 1898 3222 se-

1004 3230 1151 3270 cunda
1188 3243 1346 3270 manus
1388 3231 1638 3274 emendavit
1674 3233 1720 3275 in
1759 3237 1894 3280 MSS.

1002 3285 1121 3328 llarl.
1157 3295 1198 3327 et
1226 3284 1358 3328 Bodl.
1402 3308 1460 3319 --
1517 3288 1578 3331 At
1614 3290 1744 3335 MSS.
1775 3293 1896 3337 Harl.
1943 3299 1946 3304 ’

1003 3351 1044 3384 et
1085 3343 1216 3383 Bodl.
1261 3358 1284 3383 a
1324 3342 1470 3398 prima
1512 3362 1646 3389 manu
1699 3359 1741 3391 et
1782 3351 1895 3393 Bud.

1004 3398 1154 3441 Guelf.
1190 3399 1269 3440 les.
1304 3400 1403 3443 edd.
1438 3400 1541 3446 Pul.
1576 3403 1682 3446 Ber.
1716 3423 1814 3463 sqq.
1852 3418 1896 3449 et

1003 3457 1286 3504 temeritate,
1321 3456 1493 3514 vulgari
1520 3460 1803 3504 confusione.
1835 3466 1894 3508 cl.

1002 3521 1098 3555 not.
1131 3511 1187 3554 ad
1219 3511 1332 3556 Hist.
1366 3517 1404 3565 1,
1440 3514 1507 3560 13.
1544 3524 1590 3558 et
1615 3520 1899 3565 rumor-iuss.

1003 3569 1177 3626 Lipsius
1199 3584 1222 3610 e
1249 3568 1376 3614 libris
1401 3586 1464 3615 ex
1485 3573 1740 3627 addiderat,
1772 3587 1819 3621 ut
1841 3577 1899 3620 le·

1371 3631 1426 3688 T

1793 2550 1895 2596 MS.

1001 2715 1115 2757 Bud.
1147 2717 1384 2782 ruptione.

1001 2775 1232 2826 eruption.

1061 2845 1181 2885 quae
1220 2843 1362 2881 super
1400 2837 1577 2875 cuncta.
