2138 4030
581 251 755 312 LIB.
794 251 870 312 ΙΙ.
950 246 1149 311 CAP.
1190 251 1291 311 69.
1333 252 1433 312 70.
1807 255 1933 314 213

0 378 3 385 ’
72 397 136 441 ut
179 382 591 458 largitionibus
638 382 894 438 adfectae
944 381 1062 436 iam
1109 381 1343 456 imperii
1385 399 1524 454 opes
1579 382 1928 452 sufficerent,

69 470 363 544 amputari
392 468 693 541 legionum
729 466 1199 543 auxiliorumque
1239 485 1518 521 numeros
1546 465 1708 522 iubet
1732 455 1928 524 vetitis

71 553 523 629 supplementi8‚
590 563 663 608 et
718 552 1087 626 promiscuae
1144 551 1454 606 missiones
1510 550 1927 612 offerebantur.

70 640 362 697 exitiabile
398 639 463 695 id
500 637 590 694 rei
622 637 925 713 publicae,
980 637 1277 710 ingratum
1324 636 1535 705 militi,
1589 636 1687 694 cui
1725 638 1929 692 eadem

66 725 271 782 munia
311 725 468 781 inter
506 742 724 798 paucos
755 722 1133 798 periculaque
1169 740 1236 777 ac
1271 721 1441 777 labor
1476 720 1738 776 crebrius
1768 723 1926 777 redi-

67 812 228 869 bant.
338 813 396 866 et
434 809 590 865 vires
644 808 790 864 luxu
838 807 1370 881 corrumpebantur
1417 817 1620 866 contra
1669 816 1924 862 veterem

66 895 546 969 disciplinantet
599 893 868 950 instituta
913 892 1235 960 maiorum,
1300 893 1458 965 apud
1513 910 1662 968 quos
1709 890 1926 948 virtute

65 1001 243 1056 quam
271 979 521 1055 pecunia
551 998 644 1035 res
667 975 941 1036 Romana
965 977 1178 1049 melius
1205 977 1381 1035 stetit.

238 1090 426 1150 LXX.
513 1088 662 1146 Inde
683 1087 962 1145 Vitellius
995 1086 1348 1146 Cremonam
1383 1088 1573 1158 flexit,
1613 1100 1670 1145 et
1707 1099 1925 1163 spectau-

70 1191 127 1234 to
170 1198 417 1234 munere
444 1174 729 1233 Caecinae
767 1174 1036 1230 insistere
1074 1171 1568 1230 Bedriacensibus
1607 1174 1825 1248 campis
1862 1194 1929 1229 ac

68 1263 308 1336 vestigia
377 1261 627 1318 recentis
680 1259 960 1316 victoriae
1019 1259 1270 1315 lustrare
1326 1259 1514 1314 oculis
1562 1259 1925 1333 concupivit:

67 1350 308 1405 foedum
349 1358 523 1422 atque
561 1357 727 1402 atrox
771 1344 1167 1419 spectaculum
1217 1344 1372 1417 intra
1415 1344 1928 1419 quadragesimum

67 1431 503 1507 pugnaediem:
548 1432 735 1488 lacera
763 1449 1037 1504 corpora,
1078 1429 1276 1486 trunci
1299 1441 1490 1499 arum,
1531 1441 1734 1504 putres
1768 1429 1926 1485 viro-

158 250 210 285 A.
227 249 277 285 U.
294 248 380 286 823.

159 297 208 330 A.
230 292 277 327 C.
317 294 378 326 70.

123 1690 341 1749 adfectae
378 1691 495 1734 iam.
556 1689 635 1733 Sic
666 1687 800 1732 MSS.
829 1687 954 1732 Flor.

69 1752 85 1805 (
209 1750 228 1791 I
323 1747 368 1792 G
531 1749 547 1804 )
573 1747 611 1790 Α
746 1745 806 1788 dd
853 1747 889 1788 B
1030 1689 1154 1748 pulta
1186 1689 1398 1732 cadavera
1431 1688 1633 1739 iacuere,
1660 1703 1757 1731 non
1788 1688 1825 1730 si
1853 1688 1927 1730 in·-

90 1758 184 1793 test.
232 1766 298 1794 ac.
370 1764 528 1791 ronov.
618 1761 685 1803 gr.
719 1762 742 1789 e
811 1778 822 1790 .
893 1762 956 1789 er.

1032 1747 1156 1790 tra.”
1213 1745 1416 1790 Fallitur.
1476 1746 1683 1790 Foeditas
1711 1744 1817 1798 loci,
1847 1745 1927 1788 ubi

70 1810 192 1863 (cum
217 1807 288 1851 sil.
312 1806 449 1859 Vict.)
483 1806 570 1849 lac.
597 1805 744 1847 Gron.
776 1803 958 1846 Ernest.

72 1880 169 1922 sqq.
204 1893 263 1901 -
318 1862 533 1919 adfectae
560 1870 662 1905 tam
685 1859 820 1903 MSS.
845 1861 959 1917 Reg.

73 1923 215 1967 Corb.
250 1922 364 1964 Bud.
400 1920 471 1962 ed.
496 1921 611 1975 Spir.
650 1945 705 1951 --
766 1919 961 1972 affectae

69 1989 226 2022 tamen
247 1978 381 2021 MSS.
408 1977 533 2020 Harl.
554 1976 684 2019 Bodl.
704 1976 785 2021 les.
809 1975 962 2019 Guelf.

71 2036 172 2080 edd.
192 2037 294 2080 Put.
318 2036 382 2078 M.
407 2043 449 2078 ct
472 2036 528 2079 V.
554 2033 656 2078 Alc.
691 2033 836 2076 Rhen.
861 2048 961 2090 sqq.

70 2094 126 2138 ad
148 2093 234 2138 lac.
259 2091 568 2137 Gronovium.
629 2090 830 2149 Intellige
856 2106 965 2149 opes

69 2150 249 2210 imperii
277 2152 365 2194 iam
397 2152 451 2194 ab
485 2150 582 2193 aliis
615 2148 845 2193 contritas.
909 2186 911 2189 .

123 2236 439 2289 promiscuae.
505 2233 607 2276 MS.
626 2232 751 2275 Flor.
774 2230 962 2274 testeVi·

71 2293 216 2337 ctorio
242 2293 531 2347 promiscae,
566 2290 622 2333 de
646 2305 729 2332 suo
759 2304 904 2332 more.

125 2377 381 2419 misszbnes.
437 2374 574 2419 MSS.
591 2374 703 2432 Reg.
723 2374 862 2419 corb.
890 2373 958 2417 ed.

69 2433 187 2492 Spir.
224 2435 516 2483 emissiones,
565 2440 734 2475 temere
772 2431 962 2491 repetita

0 2515 2 2517 >
69 2491 232 2550 prioris
255 2489 466 2535 vocabuli
490 2490 636 2533 littera
657 2488 832 2533 ultima.

130 2575 387 2619 exitiabile.
448 2573 525 2617 Sic
546 2573 678 2617 codd.
695 2575 829 2618 MSS.
841 2575 962 2617 Flor·

76 2636 192 2688 (test.
222 2632 337 2692 Vict.
368 2648 474 2676 cum
497 2631 642 2686 Pich.)
670 2633 785 2675 Bud.
805 2632 962 2676 Guelf.

74 2690 262 2748 aliique,
303 2690 404 2734 edd.
430 2689 551 2747 Spir.
584 2688 711 2732 Pieh.
742 2690 963 2747 Bernegg.

0 2803 1 2806 Ἴ
74 2763 173 2806 sqq.
193 2776 253 2784 --
281 2749 476 2791 exitiale
497 2746 599 2790 edd.
626 2747 729 2790 Put.
753 2747 963 2791 Beroald.

75 2806 175 2850 Alc.
201 2805 343 2848 Rben.
368 2821 465 2863 sqq.
490 2805 545 2847 ad
568 2804 828 2848 Pichenam.

129 2885 276 2929 stetit.
336 2882 440 2925 MS.
463 2881 618 2927 Guelf.
641 2890 850 2927 steterat.

131 2967 247 3011 CAP.
267 2963 337 3010 70.
363 2957 778 3010 Bedriacensibus.
827 2966 965 3019 Libri,

77 3033 124 3068 ut
147 3041 298 3084 supra.
355 3025 415 3069 cf.
437 3033 536 3067 not.
559 3024 613 3067 ad
634 3040 673 3067 c.
696 3022 770 3067 23.

119 3112 320 3167 foedum
349 3116 492 3164 atque
522 3116 686 3150 atrox.
744 3106 963 3166 Synonya-

77 3183 150 3212 ma
173 3166 423 3211 seeundum
446 3164 583 3208 Roth.
605 3180 649 3222 p.
674 3165 743 3208 15.

133 3238 264 3280 intra
316 3236 730 3291 quadragesimum
779 3248 969 3290 pugnae

44 3303 46 3305 ’
78 3297 215 3339 diem.
283 3292 516 3336 Ernestius
537 3293 591 3335 ad
612 3292 655 3336 h.
681 3291 710 3335 l.
761 3324 787 3344 ‚‚
798 3291 846 3335 Si
871 3306 966 3334 non

78 3353 209 3411 plane
228 3351 410 3394 insititia
434 3357 539 3392 sunt
558 3349 666 3394 haec
686 3350 823 3395 verba
836 3379 849 3397 ‚
880 3363 966 3395 ve-

79 3425 185 3452 reor
206 3407 530 3471 neclegendum
553 3407 606 3449 sit
634 3409 762 3449 ultra
786 3421 871 3464 pro
895 3406 970 3453 in-

81 3470 174 3511 tra.
232 3465 331 3523 {psa
364 3463 581 3509 diurnitas
613 3461 972 3522 temporisl'acit

82 3521 264 3580 intelligi
296 3522 555 3567 foeditatem
588 3520 847 3580 spectaculi.-
907 3520 972 3563 Ea

81 3579 363 3637 exprimitur,
408 3579 444 3625 ci
474 3581 602 3622 ultra
624 3579 702 3622 XL
724 3579 816 3622 dies
852 3577 971 3622 inse-

1021 2781 1223 2837 foedum
1249 2809 1260 2820 .
1275 2808 1285 2819 .

1031 1812 1279 1863 pugnatum
1304 1813 1393 1855 est,
1422 1803 1539 1845 intra
1565 1802 1797 1862 quoddam
1818 1810 1926 1845 tem-

1030 1863 1154 1920 poris
1188 1860 1380 1918 spatium
1426 1860 1582 1909 durat,
1645 1861 1763 1904 ultra
1803 1860 1931 1917 quod.

1030 1919 1245 1977 paulatim
1308 1917 1502 1961 mitescit
1555 1918 1926 1964 evanescentibus

1031 1976 1176 2019 foedis
1210 1974 1409 2033 reliquiis
1452 1983 1494 2017 et
1530 1975 1767 2033 reparatis,
1812 1990 1926 2032 quac

1033 2034 1215 2077 fuerant
1263 2040 1441 2076 vastata.
1531 2031 1740 2075 Vitellius
1793 2031 1931 2090 igitur

1033 2090 1154 2134 intra
1203 2089 1595 2147 quadragesimum
1638 2089 1783 2139 diem,
1836 2105 1932 2132 non

1034 2148 1158 2206 prius
1207 2163 1292 2190 nec
1332 2147 1452 2189 ultra
1490 2145 1707 2205 spectavit
1736 2147 1928 2190 Bedria-

1035 2222 1189 2248 censes
1215 2219 1398 2261 campos
1430 2205 1474 2247 h.
1509 2221 1546 2248 e.
1582 2204 1700 2248 intra
1733 2205 1779 2247 id
1813 2212 1930 2247 tem-

1034 2263 1159 2320 poris
1183 2262 1399 2318 spatium,
1431 2263 1507 2305 ubi
1529 2261 1720 2320 putredo
1742 2262 1832 2304 iam
1857 2277 1928 2304 sa-

1034 2322 1089 2364 tis
1135 2318 1289 2362 omnia
1338 2328 1674 2376 penetraverat,
1734 2318 1929 2370 necdum

1036 2386 1311 2423 evanuerant
1345 2375 1505 2419 foedae
1538 2376 1767 2434 reliquiae.
1839 2375 1929 2418 Ce-

1033 2444 1180 2479 terum
1202 2433 1327 2479 varia
1351 2433 1426 2476 hic
1450 2435 1576 2477 locus
1607 2434 1652 2476 in
1684 2432 1808 2477 libris
1840 2433 1929 2476 uti-

1032 2502 1109 2536 tur
1129 2491 1513 2548 interpunctione.
1573 2490 1815 2547 Edd.Spir.
1828 2490 1931 2533 Put.

1034 2549 1319 2604 concupivit:
1346 2549 1549 2603 foedum
1583 2548 1672 2604 (ed.
1702 2548 1820 2603 Spir.
1841 2547 1930 2604 se—

1034 2610 1166 2656 dum)
1192 2613 1334 2661 atque
1349 2613 1496 2647 atrox
1516 2607 1828 2660 spectaculum
1853 2605 1927 2647 in-

1036 2673 1117 2707 tra
1137 2662 1242 2706 XL.
1261 2676 1452 2716 pugnae
1481 2664 1606 2704 diem
1619 2677 1632 2703 .·
1660 2664 1820 2705 lacera
1840 2671 1925 2706 etc.

1810 2718 1925 2762 Nam

1301 2808 1312 2821 .
1338 2779 1652 2831 spectaculum
1686 2786 1751 2820 est
1782 2777 1926 2834 adpo-

1035 2836 1138 2880 sitio
1176 2835 1269 2877 eius
1306 2833 1501 2892 generis,
1534 2834 1588 2876 de
1618 2849 1710 2891 quo
1738 2834 1929 2877 diximus

1035 2893 1091 2936 ad
1123 2894 1212 2936 An.
1247 2893 1287 2940 1,
1314 2891 1385 2935 27.
1463 2891 1613 2934 Verba
1647 2891 1774 2934 intra
1806 2907 1926 2947 qua-

1036 2950 1356 3004 dragesimam
1377 2963 1562 3002 pugnae
1583 2950 1707 2992 diem
1732 2949 1929 2991 reddunt

1035 3008 1272 3056 rationem,
1295 3022 1377 3049 cur
1398 3005 1582 3049 foedum
1606 3014 1650 3048 et
1672 3013 1794 3050 atrox
1815 3004 1928 3049 illud

1037 3065 1340 3122 spectaculum
1363 3079 1456 3106 non
1481 3063 1676 3121 potuerit
1699 3079 1796 3106 non
1820 3079 1928 3106 csse.

1037 3122 1249 3189 Sequitur
1275 3119 1529 3164 accuratior
1551 3120 1817 3180 camporum
1848 3121 1929 3163 ‹le-

1037 3178 1244 3238 scr1ptio:
1277 3181 1431 3220 lacera
1455 3191 1651 3233 corpora
1675 3187 1758 3222 etc.
1823 3178 1924 3220 Ma-

1039 3238 1165 3279 luere
1189 3245 1337 3278 tamen
1362 3243 1598 3292 sequentes
1623 3236 1817 3279 editores
1842 3233 1928 3277 dis-

1037 3295 1239 3351 tinguere
1269 3293 1351 3336 ita:
1392 3293 1667 3348 concupivit.
1715 3292 1930 3335 Foedum

1039 3359 1181 3406 atque
1233 3357 1391 3402 atrox
1435 3353 1750 3405 spectaculum
1805 3351 1931 3391 intra

1040 3407 1146 3451 XL.
1175 3415 1362 3462 pugnae
1393 3409 1516 3449 diem
1542 3410 1700 3451 lacera
1723 3421 1932 3462 corpora,

1043 3466 1202 3508 trunci
1221 3473 1304 3508 etc.
1376 3463 1521 3508 Aldus
1552 3464 1722 3507 addidit
1752 3478 1932 3507 comma

1042 3531 1145 3578 post
1167 3525 1496 3577 spectaculum.
1556 3520 1634 3565 Sic
1655 3529 1696 3563 et
1719 3520 1818 3563 edd.
1837 3519 1932 3562 Mi-

1045 3578 1152 3636 cyll.
1183 3587 1227 3623 et
1244 3579 1379 3639 Lipsii
1404 3578 1562 3638 prima.
1633 3578 1742 3621 Mox
1763 3576 1933 3635 Lipsius

1035 2720 1308 2771 Verissime,
1339 2728 1388 2762 ut
1414 2718 1524 2762 mihi
1547 2720 1741 2763 videtur.
