2138 4030
1835 150 1852 173 J

142 285 275 323 ‘A.'L'.
291 284 377 320 823.

159 329 270 374 Αεο.
316 329 378 362 30.

590 284 763 346 LIB.
800 282 922 346 111:
980 242 1180 378 ‘CAR
1213 286 1313 346 68.
1351 249 1451 351 69.
1795 290 1922 356 3317

76 419 495 486 clamantibUS‚
562 415 666 491 qui
710 413 774 469 in
821 413 1105 470 concione
1137 414 1517 487 ‘adstiteranss
1546 429 1548 431 ’
1575 433 1642 479 ut
1678 421 1754 499 in¹
1775 427 1918 482 aede
1968 480 1971 482 ‚

76 505 437 563 Concordiae
461 501 759 576 positurus
785 499 1038 573 ins-ignia
1067 499 1303 573 imperii
1328 501 1687 581 domumque
1722 502 1919 568 frati-is

77 591 366 666 petiturus
404 585 681 643 discessit.
767 583 958 639 maior
994 579 1092 641 hic
1128 585 1350 640 clamor
1382 586 1790 648 obsistentium
1815 608 1938 669 pe-.*

78 677 313 732 natibus
348 670 624 749 privati5‚
679 668 745 722 in
777 668 1061 743 palatium
1097 670 1454 730 vocantium.
1541 672 1924 735 interclusum

79 761 240 816 aliud
275 758 387 816 iter
420 757 598 831 idque
638 753 859 820 solum,
913 754 1073 828 quod
1101 753 1166 808 in
1189 752 1429 811 Sacram
1455 755 1612 812 viam
1639 758 1924 834 pergeret,

79 846 327 920 patebat.
411 853 539 899 tum
577 838 807 895 consilii
845 838 1018 912 inops
1052 837 1116 893 in
1150 839 1437 913 pala-tium
1479 842 1652 902 redit.
1747 845 1927 904 Prae-

84 939 323 985 venerat
364 943 575 993 rumor¹
613 923 831 979 eiurari
871 924 945 979 ab
986 943 1054 978 eo
1097 923 1457 1007 imperium,⁴
1504 928 1926 1008 scripseratque

81 1005 319 1072 Flavius
342 1008 598 1075 Sabinus
625 1004 957 1071 cohortium
983 1007 1268 1078 tribunis,
1309 1020 1376 1066 ut
1403 1010 1653 1069 militem
1687 1012 1928 1074 cohibe-

81 1109 230 1158 rent.

248 1206 466 1267 LXIX.
511 1205 699 1280 Igitur
724 1215 1003 1281 tanquam
1032 1204 1224 1260 omnis
1249 1225 1343 1262 res
1369 1208 1601 1282 publica
1626 1210 1694 1267 'in
1705 1209 1932 1289 Vespa-

62 1295 236 1353 siani
266 1295 460 1350 sinum
490 1292 775 1360 cessisset,
820 1290 1106 1364 primores
1130 1302 1363 1348 senatus
1389 1305 1444 1349 et
1463 1295 1726 1372 plerique
1750 1318 1933 1375 eque-

89 1382 221 1438 stris
249 1378 478 1435 ordinis
508 1377 816 1451 omnisque
852 1375 1020 1430 miles
1050 1376 1314 1431 urbanus
1353 1389 1408 1433 et
1443 1379 1647 1451 vigiles
1688 1383 1931 1442 domum

88 1465 280 1523 Flavii
304 1462 514 1521 Sabini
542 1461 923 1534 complevere.
988 1459 1131 1514 illuc
1157 1461 1228 1515 de
1258 1463 1466 1517 studiis
1490 1465 1652 1537 vulgi
1676 1479 1729 1523 et
1753 1469 1934 1527 minis
1970 1508 1977 1514 .

91 1537 580 1608 Germanicarum
619 1541 952 1602 cohortium
992 1544 1270 1604 adfertur.
1355 1547 1590 1621 longius
1630 1551 1746 1605 iam
1794 1574 1937 1627 pro..

91 1654 317 1710 gressus
338 1645 460 1688 crat
485 1651 661 1707 quam
685 1642 751 1686 ut
776 1628 1006 1702 regredi
1030 1642 1246 1702 posset:
1281 1642 1337 1687 et
1363 1651 1466 1689 suo
1490 1635 1735 1711 quisque
1757 1651 1936 1711 meta,

89 1742 164 1776 ne
201 1719 470 1776 disiectos
505 1735 689 1792 eoque
723 1715 922 1770 minus
948 1715 1175 1770 validos
1201 1713 1510 1772 Vitelliani
1535 1733 1943 1780 consectaren-

91 1818 222 1874 tur,
272 1813 643 1860 cunctantem
683 1801 747 1854 in
787 1819 965 1855 arma·
996 1800 1398 1872 impellebant.
1484 1804 1616 1872 sed,
1670 1808 1829 1882 quod
1872 1809 1938 1866 in

93 1888 383 1948 eiusmodi
419 1887 595 1943 rebus
631 1885 873 1954 accidit,
935 1884 1249 1940 consilium
1293 1887 1366 1943 ab
1413 1888 1690 1946 omnibus
1731 1892 1941 1952 datum

112 2048 126 2073 Ι

150 2108 442 2150 adstr‘ceremt.
501 2102 578 2145 Sic
590 2099 856 2146 MS.Guelf.
881 2098 984 2144 edd..

97 2174 203 2209 vett.
229 2166 353 2218 (cum
389 2161 536 2205 silent.
558 2159 768 2215 Victorii)
801 2183 854 2222 7-
888 2173 983 2201 non

94 2226 361 2265 astiterant.
796 2265 798 2273 Α

152 2278 375 2322 discessit.
435 2273 519 2318 Ed.
541 2273 662 2331 Spir.
687 2275 924 2316 descessit.

111 2338 117 2349 “
153 2337 279 2379 aliud
295 2336 402 2376 iter.
460 2329 537 2374 Sic
560 2330 695 2374 MSS.
719 2331 840 2376 Flor.
865 2334 982 2385 (test.

95 2391 242 2448 Pieb.)
279 2387 431 2434 Guelf.
467 2387 587 2431 Harl.
613 2388 743 2431 Bodl.
772 2388 848 2431 les.
871 2389 983 2445 Reg.

19 2478 22 2482 .
99 2453 236 2497 Coi-b.
258 2448 360 2491 edd.
381 2445 499 2504 spir.
526 2445 631 2487 Put.
653 2446 722 2487 M.
749 2456 790 2488 et
814 2444 865 2488 V.
895 2446 983 2489 Be-

98 2507 241 2553 roald.
274 2507 396 2560 (cum
428 2501 572 2545 silent.
594 2501 732 2558 Vict.)
763 2501 864 2546 Alc,
888 2503 984 2545 Mi-

99 2565 202 2625 cyll.
235 2561 398 2620 (1557.)
435 2568 478 2602 et
514 2558 673 2601 deinde
709 2559 833 2603 Pieb.
868 2559 985 2618 Lips.

102 2623 266 2678 (1607.)
315 2618 450 2662 Grut.
492 2631 588 2673 sqq.
645 2641 701 2648 —
778 2620 986 2659 alterum

100 2683 193 2726 iter
215 2678 312 2722 MS.
337 2674 450 2718 Bud.
473 2689 496 2715 a
517 2674 661 2730 prima
682 2690 843 2723 manu,
881 2675 985 2718 edd.

101 2739 244 2781 Rhen.
266 2733 370 2777 Ald.
392 2729 524 2787 Lipsii
549 2731 734 2788 prioreS.
958 2774 963 2778 ,

159 2798 207 2838 ίη
221 2792 420 2835 Sacram
443 2787 593 2831 viam.
652 2789 727 2831 Sic
747 2788 849 2832 edd.
872 2789 990 2847 Spir-

99 2854 218 2910 Lips.
251 2846 376 2891 Pieb.
408 2863 427 2888 s
463 2861 504 2901 q.
545 2872 604 2881 —-
656 2847 705 2888 in
739 2860 876 2890 sacra
915 2847 991 2888 via

102 2909 237 2955 MSS.
262 2901 414 2949 Guelf.
489 2904 570 2951 arl,
598 2902 729 2953 Bodl.
764 2904 844 2945 les.
875 2903 989 2946 Bud.

105 2968 204 3010 edd.
231 2958 335 3007 P‘ut.
358 2959 564 3003 Beroald.
596 2967 719 3013 (cum
752 2959 824 3002 sil.
850 2959 990 3016 Vici.)

106 3025 209 3069 Alc.
239 3035 339 3081 sqq.
372 3018 425 3060 ad
452 3015 670 3074 Lipsium.
693 3044 751 3052 -—
790 3016 992 3074 Utraque

104 3082 252 3124 forma
285 3083 427 3134 potest
458 3074 606 3116 locum
637 3072 814 3115 habere.
875 3074 989 3117 Nam

104 3138 152 3181 in
193 3151 315 3179 sacra
355 3132 423 3174 via
461 3130 544 3172 iter
577 3132 722 3188 pergit
754 3130 831 3187 qui
868 3132 991 3188 prius

106 3197 194 3239 iam
217 3192 260 3233 in
283 3205 334 3232 ea
354 3188 426 3232 via
446 3194 538 3230 erat
561 3195 603 3229 et
624 3203 746 3230 nunc
767 3189 814 3230 in
836 3188 990 3230 eadem

105 3246 334 3312 procedit:
366 3246 414 3287 in
439 3260 607 3287 sacram
635 3244 752 3287 viam
775 3245 860 3286 iter
884 3261 988 3302 per-

105 3310 167 3367 git
200 3304 278 3362 qui
310 3301 487 3344 aliunde
514 3316 609 3342 eam
640 3300 756 3343 viam
784 3301 990 3359 ingredi..

105 3376 179 3408 tur
209 3370 252 3405 et
282 3359 439 3401 deinde
470 3357 627 3415 pergit.
649 3385 706 3392 —-
755 3357 844 3400 Pro
868 3361 995 3413 quod

105 3407 456 3465 MS.1es.'habet
478 3430 579 3470 quo.
642 3415 709 3456 De
732 3415 865 3458 verbo
886 3431 992 3469 per-

107 3494 213 3534 gere
237 3475 293 3519 cf.
318 3482 413 3516 not.
436 3473 489 3514 ad
518 3472 600 3519 An,
626 3473 663 3522 1,
685 3473 756 3515 28„
983 3475 987 3477 ’

163 3535 301 3576 redit.
362 3528 437 3573 Sic
460 3529 558 3571 MS.
580 3526 728 3570 Guelf.
752 3528 855 3572 edd.
877 3526 992 3585 Spir.

108 3593 210 3636 Put.
234 3589 301 3631 M.
324 3596 367 3630 et
386 3584 442 3627 V.
463 3584 671 3629 Beroald.
696 3587 815 3640 (cum
843 3585 990 3629 silent.

194 3656 274 3706 TA
286 3671 436 3705 crtus
478 3649 577 3703 ΙΙΙ.

1055 2100 1194 2156 Vict.)
1222 2101 1324 2145 Ale.
1368 2125 1426 2135 —
1468 2101 1619 2146 ‘rediit
1642 2105 1744 2151 MS.
1766 2108 1876 2155 Bud.
1901 2120 1944 2155 et

1053 2157 1158 2200 inde
1180 2159 1281 2202 edd.
1307 2158 1451 2202 Rhen.
1474 2160 1581 2204 ΑΜ.
1605 2178 1704 2221 sqq.
1737 2166 1791 2209 ad
1822 2167 1944 2213 hunc

1055 2215 1187 2259 diem.
1249 2216 1336 2259 Sed
1359 2218 1598 2261 auctoritas
1611 2221 1711 2263 libri
1726 2222 1944 2269 Budensis

1054 2289 1146 2316 non
1161 2289 1209 2316 ea
1226 2282 1303 2321 est,
1326 2275 1397 2316 cui
1419 2290 1651 2332 pareamus
1672 2281 1830 2337 spretis
1852 2298 1943 2326 me-

1055 2330 1241 2373 lioribus
1263 2330 1406 2374 libris.

1111 2388 1306 2431 eiurari.
1365 2388 1468 2432 MS.
1497 2389 1621 2433 Flor.

1055 2446 1223 2500 iurari.

1087 2499 1090 2502 ’
1113 2504 1319 2544 tribunis.
1376 2502 1464 2546 Ed.
1484 2502 1602 2562 Spir.
1625 2507 1860 2553 tribunus.

1115 2558 1224 2602 CAP.
1250 2559 1318 2601 69.
1379 2561 1428 2601 in
1454 2561 1593 2616 Vesp.
1628 2564 1800 2608 sinum.
1860 2566 1946 2612 Ed.

1057 2616 1178 2673 Spir.
1215 2617 1260 2656 in
1295 2617 1354 2659 V.
1381 2617 1501 2659 sinu.

1114 2673 1336 2720 cessisset.
1395 2673 1497 2716 MS.
1512 2673 1632 2718 Flor.
1654 2677 1948 2736 (test-Ryclt.)

1060 2732 1316 2773 cecississel.
1373 2729 1603 2775 Victorius
1634 2750 1729 2777 eam
1755 2737 1948 2782 varieta-

1062 2796 1148 2829 tem
1176 2786 1375 2843 ignorat,
1415 2795 1458 2829 et
1479 2787 1611 2831 facile
1633 2791 1866 2848 dignoscas
1890 2795 1947 2838 il-

1061 2845 1139 2888 lud
1177 2859 1270 2886 esse
1305 2859 1389 2902 pro
1432 2846 1651 2890 cessisset.
1727 2848 1842 2893 Nam
1884 2854 1950 2896 sic

1062 2904 1152 2945 An.
1201 2902 1236 2951 1,
1281 2904 1318 2945 1.
1368 2901 1532 2954 Lepidi
1577 2910 1715 2960 atque
1753 2908 1950 2953 Antoni:

1061 2973 1202 3001 arma
1235 2959 1283 3000 in
1309 2962 1571 3011 Augustum
1603 2976 1796 3008 cessere.
1857 2966 1948 3013 An.

1061 3017 1103 3064 2,
1127 3015 1198 3058 23.
1230 3031 1364 3056 mare
1387 3031 1523 3057 omne
1543 3018 1589 3059 in
1609 3028 1827 3070 austrum
1850 3038 1947 3065 ces-

1062 3075 1136 3116 sit.
1199 3072 1314 3116 Plin.
1338 3072 1502 3130 Paneg.
1529 3074 1570 3125 6,
1591 3073 1648 3125 3..
1665 3079 1873 3133 confugit
1899 3081 1949 3123 in

1061 3133 1218 3172 sinum.
1253 3138 1382 3170 tuum
1424 3145 1644 3174 concussa
1687 3149 1761 3177 res
1793 3139 1950 3191 publi-

1062 3204 1130 3230 ca.
1199 3187 1380 3228 Frustra
1412 3186 1549 3242 igitur
1568 3188 1764 3244 Rycldus
1797 3197 1949 3237 conie-

1063 3244 1122 3286 cit
1172 3257 1222 3285 se
1273 3244 1489 3287 dedisset.
1578 3246 1712 3291 MSS.
1748 3251 1859 3302 Agr.
1907 3265 1949 3300 (a

1063 3301 1203 3357 prima
1245 3302 1404 3354 manu)
1442 3301 1550 3358 fleg.
1590 3302 1725 3349 Corb.
1765 3297 1952 3351 eccidis-

1061 3366 1146 3400 set.

1120 3416 1239 3455 illuc.
1300 3412 1380 3455 Ed.
1400 3414 1518 3472 Spir.
1552 3417 1657 3460 illic.

1115 3483 1409 3525 progressus.
1469 3471 1552 3514 Ed.
1568 3474 1596 3515 S
1603 3476 1683 3531 pir.
1700 3477 1950 3533 profectus.

1063 3528 1172 3570 Mox
1198 3526 1349 3569 eadem
1381 3529 1629 3572 omittitut
1665 3542 1761 3589 post
1795 3550 1950 3590 quam.

1065 3585 1122 3628 cf.
1148 3593 1244 3628 not.
1266 3584 1319 3639 ad
1346 3584 1435 3629 An.
1460 3589 1499 3638 1,
1519 3587 1562 3630 9.

1298 3644 1356 3703 Y

1656 2393 1772 2447 (test.
1802 2393 1946 2454 Vict.)
