2138 4030
24 681 35 699 .
118 644 377 719 gantiam
410 659 646 697 morum
683 638 822 694 fidei
858 638 1176 706 obstinatio
1219 638 1349 696 fuit.

199 255 251 290 A,
268 254 320 288 U.
337 253 420 286 923.

200 299 250 334 A.
270 298 317 334 C.
361 299 419 332 71).

603 253 776 315 ΜΒ.
814 250 921 315 111.
1011 250 1126 335 CA
1142 253 1210 314 P.
1242 254 1341 330 39.
1376 253 1479 316 40.
1845 256 1972 316 sos
2017 234 2025 238 ’

118 390 277 467 (Ῑιιίῐιι
299 399 356 445 et
385 385 587 443 audita
621 396 707 441 est
742 383 1075 439 saevissima
1106 380 1334 442 Vitellii
1369 403 1514 453 vox,
1566 406 1681 461 qua
1719 406 1779 443 se
1816 383 1972 463 (ipsa

120 475 280 531 enim
336 472 521 528 verba
568 466 844 546 referam)
897 468 1127 542 pavisse
1179 467 1382 524 oculos
1437 480 1689 542 spectata
1743 472 1971 529 inimici

117 569 307 616 morte
328 556 584 614 iactavit.
638 552 880 610 ⁴Blaeso
915 573 1090 627 super
1115 553 1442 610 claritatem
1461 554 1748 611 natalium
1774 569 1830 614 et
1853 557 1972 614 ele-

1450 637 1692 712 integris
1738 662 1973 718 quoque

119 731 295 786 rebus
340 748 377 784 a
407 724 658 783 Caecina
704 734 763 779 et
805 723 1168 797 primoribus
1212 722 1470 798 partium
1506 723 1627 778 iam
1661 723 1974 782 Vitellium

121 809 571 889 aspernantibus
626 809 883 865 ambi-tus
932 809 1190 864 abnuere
1240 807 1659 882 perseveravit:
1725 824 1975 879 sanctUS,

120 898 512 966 inturliidUS‚''
537 893 762 953 nullius
807 893 1105 967 repentini
1138 888 1412 962 honoris,
1466 894 1612 949 adeo
1649 914 1773 950 non
1807 897 1976 970 prin—
2014 905 2024 918 ²

121 984 346 1058 cipatus
398 982 679 1057 adpetens
734 998 946 1055 parum
999 978 1307 1051 effugerat,
1372 997 1448 1034 ne
1502 977 1719 1053 dignus
1772 981 1976 1038 crede-

122 1079 302 1124 retur.

292 1162 418 1222 XL.
503 1159 727 1218 Fabius
766 1159 1007 1215 interim
1046 1157 1267 1216 Valens
1303 1160 1490 1216 multo
1527 1178 1594 1217 ac
1628 1161 1798 1218 molli
1833 1156 1977 1219 con-

126 1249 476 1306 cubinarum
508 1247 956 1322 spadonumque
990 1244 1221 1318 agmine
1255 1245 1488 1318 segnius
1527 1266 1706 1323 quam
1741 1249 1816 1303 ad
1850 1249 1981 1304 bel-

129 1335 254 1389 lum
301 1333 578 1388 incedens
625 1330 921 1405 proditam
976 1349 1008 1385 a
1052 1328 1284 1387 Lucilio
1334 1327 1516 1387 Basso
1569 1327 1979 1390 Ravennatem

128 1420 366 1474 classem
403 1416 740 1492 pernicibus
774 1414 1002 1471 nuntiis
1036 1414 1276 1489 accepit.
1375 1425 1433 1471 et
1467 1416 1516 1471 si
1556 1428 1829 1492 coeptum
1867 1419 1980 1475 iter

126 1514 519 1578 properasset,
586 1511 892 1557 nutantem
938 1497 1253 1556 Caecinam
1299 1500 1642 1575 praevenire
1695 1513 1810 1559 aut=
1844 1515 1980 1560 ante

128 1587 443 1644 discrimen
488 1605 720 1663 pugnae
758 1584 1001 1661 adsequi
1040 1585 1300 1662 legiones
1336 1586 1636 1659 potuisset.
1732 1607 1842 1644 nec
1877 1590 1982 1646 de-

128 1685 293 1730 erant
326 1672 429 1749 qui
463 1682 798 1741 monerent,
839 1681 906 1727 ut
944 1690 1076 1726 cum
1111 1669 1407 1727 fidissimis
1441 1690 1546 1746 per
1572 1672 1832 1730 occultos
1860 1685 1983 1731 tra-

191 1933 282 1974 qua
322 1931 371 1960 se
414 1916 544 1983 (547st
587 1915 711 1957 enim
754 1916 898 1981 verba
940 1930 1019 1958 re·

122 1976 287 2075 ‘ssssss'f'
299 1979 425 2086 31..ssss
431 1987 560 2074 ”6325
588 1981 700 2074 2¹3.
735 1973 1022 2088 agatis}

134 2089 270 2135 Corb.
303 2089 412 2143 Agr.
447 2086 548 2131 edd.
573 2089 689 2144 Spir.
722 2086 902 2131 Ernest.
926 2104 1022 2146 sqq.

133 2176 191 2183 ..-
220 2161 314 2201 qua
335 2147 459 2200 (ipsa
482 2174 492 2186 .
513 2175 523 2187 .
544 2177 555 2188 .
583 2144 813 2199 referam)
847 2159 899 2186 se
927 2162 1022 2200 ρα-

134 2207 251 2246 υιὶςεε
283 2201 423 2246 MSS.
449 2199 599 2246 Guelf.
635 2203 748 2255 (non
780 2203 877 2244 sine
907 2202 1023 2246 alte-

1092 1915 1251 1959 nestto.
1274 1942 1331 1950 —-
1373 1921 1424 1956 ut
1441 1930 1618 1969 porum
1638 1917 1860 1973 qffugerec
1883 1919 1983 1965 MS.

1092 1973 1210 2016 Bud.
1235 1972 1337 2015 edd.
1363 1972 1482 2030 Spir.
1506 1972 1649 2016 Rhen.
1671 1974 1899 2034 Alstqq.
1927 1975 1981 2021 ad

1092 2030 1365 2073 Ernestium.
1395 2053 1451 2062 —
1505 2037 1557 2074 ut
1570 2046 1746 2085 parum
1771 2035 1983 2088 effugerit

1093 2087 1196 2130 MS.
1229 2087 1338 2140 Agr.
1373 2111 1427 2120 —
1493 2096 1542 2129 ut
1570 2104 1743 2142 parum
1779 2093 1983 2146 abfuerit

1093 2144 1231 2188 st
1262 2131 1414 2186 Guetf.
1450 2145 1570 2188 naa.
1601 2145 1735 2189 Βοᾱι.
1771 2148 1851 2190 1es.
1879 2149 1981 2194 edd.

1073 2203 1196 2256 Fut.
1222 2202 1288 2244 M.
1308 2210 1350 2243 et
1366 2203 1423 2246 V.
1446 2202 1656 2246 Beroald.
1677 2204 1778 2249 Alc.
1841 2206 1982 2264 Culpa

133 2261 229 2304 rius
267 2274 426 2303 manus
472 2258 756 2301 correctione
797 2259 843 2300 in
883 2275 1023 2303 voca-

134 2317 243 2361 bulo
267 2322 374 2374 qua)
404 2315 666 2360 HarLBodl.
685 2315 767 2359 hm.
783 2314 898 2360 Bud.
922 2318 1023 2360 edd.

132 2377 236 2418 Put.
258 2391 356 2432 sqq.
388 2374 444 2415 ad
475 2372 756 2421 Ernestium,
798 2373 874 2430 qui
904 2374 1023 2417 vide·

133 2442 206 2475 tur
235 2432 336 2474 loco
356 2431 469 2472 bene
491 2429 794 2474 consuluisse:
825 2446 926 2473 narn
962 2434 1024 2474 vis

135 2491 182 2532 in
216 2490 328 2543 ipsis
361 2488 509 2529 verbis
542 2502 636 2528 non
669 2486 727 2529 ita
760 2496 934 2544 spectat
967 2489 1023 2532 ad

134 2562 185 2589 se:
204 2561 334 2604 quam
359 2544 413 2587 ad
432 2545 624 2598 pavisse
648 2546 821 2588 oculos.

180 2616 584 2674 fidez'nbstinatiO.
637 2613 880 2658 MS.F101·.
907 2615 1022 2670 (test.

139 2667 275 2730 Victs)
313 2672 357 2714 in
386 2672 584 2730 margine
605 2670 760 2715 habet:
789 2672 917 2728 fides
941 2675 1025 2715 ob-

137 2732 372 2775 stiuacior.

193 2801 400 2854 integris.
459 2799 560 2843 MS.
587 2798 740 2845 Guelf.
763 2801 980 2855 integros.

195 2880 239 2914 et
256 2870 548 2924 primoribus.
606 2869 690 2915 Ed.
705 2871 824 2930 Spir.
852 2887 908 2913 ac
926 2874 1023 2926 pri-

141 2931 358 2972 moribus.

194 3005 398 3043 sanctus.
457 2996 538 3039 Ed.
559 2997 588 3039 S
609 2996 676 3039 ἦν.
690 2997 877 3052 factus,
908 2996 1026 3043 unde

138 3055 368 3101 Ernestius
405 3014 672 3097 coniicielbat
694 3054 868 3109 factis,
903 3057 1024 3113 quod

140 3127 236 3158 tum
282 3112 462 3153 demum
507 3119 740 3167 acceptum
788 3121 927 3160 esset,
989 3114 1025 3156 si

142 3174 254 3215 laeta
285 3168 372 3211 hoe
404 3167 508 3209 loco
537 3176 875 3224 opponerentur
897 3170 1026 3214 dictis

140 3238 211 3271 aut
241 3226 409 3271 animo.
477 3223 527 3265 In
553 3224 654 3267 MS.
675 3224 829 3268 Guelf.
862 3227 903 3281 (a
937 3243 1025 3271 sce.

141 3286 292 3339 manu)
331 3279 493 3338 legitur
509 3280 655 3335 settis.
716 3280 858 3326 Causa
888 3286 1026 3328 varie·

139 3345 240 3384 tatis
262 3342 367 3384 latet
391 3338 436 3380 in
465 3339 736 3396 compendio
764 3339 1026 3398 scripturae.

195 3402 315 3440 (ιάεό
335 3410 441 3438 non.
502 3394 561 3438 cf.
586 3405 678 3438 not.
701 3413 820 3454 supr.
844 3398 897 3442 ad
921 3401 958 3449 1,
981 3399 1023 3441 9.

194 3469 367 3508 parum
389 3452 625 3506 effugerat.
669 3454 888 3500 SieMSS.
904 3455 938 3497 F
944 3455 1026 3498 lor.

145 3513 257 3565 (test.
283 3510 399 3553 Vict.
425 3525 529 3552 cum
561 3511 647 3553 lac.
671 3510 891 3569 Gronov.)
917 3512 1025 3570 Reg-

146 3568 282 3625 (Σαώ.
313 3568 414 3626 edd.
443 3567 712 3611 recentiores
736 3567 838 3614 inde
861 3570 914 3612 ab
939 3568 1022 3612 Er-

1097 2258 1422 2316 depravationis
1475 2259 1579 2303 latet
1623 2259 1670 2303 in
1712 2265 1834 2304 adeo
1872 2277 1984 2315 non,

1093 2315 1290 2359 formula
1315 2314 1506 2361 librariis
1527 2332 1621 2359 non
1646 2319 1748 2361 satis
1767 2328 1888 2364 recte
1919 2322 1984 2364 in·

1094 2372 1288 2416 tellecta.
1357 2372 1599 2417 Verbalne
1625 2378 1794 2430 dignus
1823 2382 1984 2421 crede-

1094 2438 1230 2473 retur
1250 2429 1354 2473 inde
1374 2432 1593 2487 pendent.
1625 2434 1746 2490 quod
1780 2433 1985 2479 voluerat

1097 2503 1275 2535 cavere,
1317 2503 1374 2529 ne
1411 2489 1573 2545 dignus
1606 2491 1889 2535 crederetur:
1939 2500 1985 2537 at

1096 2559 1190 2587 non
1215 2551 1420 2602 potuerat
1444 2546 1638 2589 efficere.
1689 2546 1983 2594 Germanice:

1097 2614 1202 2643 war
1225 2616 1276 2643 er
1293 2605 1381 2643 der
1409 2602 1585 2658 Gesalu·
1604 2607 1722 2646 doch
1742 2607 1868 2648 nicht
1890 2615 1984 2650 ent·

1094 2673 1280 2712 gangen
1302 2661 1465 2702 dessen
1486 2663 1669 2714 wit'rdig
1685 2664 1905 2716 gehalten
1929 2681 1987 2709 zu

1095 2720 1299 2760 werden.

1156 2784 1269 2830 CAP.
1293 2786 1364 2830 40.
1422 2787 1611 2832 Lucilio.
1669 2789 1744 2833 Sic
1768 2791 1986 2837 edd.t³nt.

1097 2844 1166 2886 M.
1192 2853 1234 2886 et
1264 2842 1319 2887 V.
1347 2844 1552 2888 Beroald.
1595 2848 1717 2899 (cum
1751 2847 1818 2891 sil.
1847 2849 1986 2908 vict.)

1095 2900 1214 2958 Lips.
1240 2900 1421 2944 Pichen.
1443 2917 1541 2959 sqq.
1563 2929 1620 2937 —
1670 2903 1862 2949 Lucullo
1883 2908 1984 2951 MS.

1097 2957 1248 3001 Guelf.
1289 2959 1392 3002 edd.
1427 2958 1528 3002 Alc.
1561 2959 1703 3004 Rhen.
1733 2978 1831 3020 sqq.
1879 2981 1984 3008 cum

1095 3015 1231 3073 Lipsii
1255 3015 1415 3072 prima.
1448 3041 1504 3066 ——v
1556 3017 1736 3061 Lucz'tlo
1768 3021 1839 3066 ed.
1865 3021 1985 3080 Spir.

1097 3072 1159 3117 cf.
1191 3081 1284 3116 not.
1316 3072 1370 3115 ad
1396 3073 1483 3117 An.
1509 3072 1550 3122 4,
1579 3076 1648 3119 15.

1151 3143 1444 3209 ptjaevenzlroe.
1542 3144 1626 3190 Ed.
1690 3147 1809 3207 Spir.
1869 3165 1983 3203 per-⁴

1100 3214 1275 3242 uemre.

1157 3278 1239 3312 aut
1285 3278 1396 3314 ante
1430 3280 1516 3318 etc.
1609 3276 1710 3321 MS.
1741 3277 1890 3322 Guels.
1934 3286 1986 3321 ut

1098 3336 1210 3369 ante
1235 3336 1324 3372 etc.

1154 3399 1370 3450 legiones,
1430 3399 1530 3444 Hoc
1548 3402 1670 3446 abest
1692 3419 1714 3445 a
1737 3402 1831 3447 MS.
1851 3402 1986 3449 Corb.

1098 3454 1222 3498 idem
1268 3457 1372 3500 cod.
1416 3473 1518 3501 mox
1556 3461 1615 3501 ab
1651 3462 1762 3501 urbe
1804 3476 1886 3516 pro
1923 3476 1989 3504 ex

1098 3513 1224 3553 urbe.
1286 3511 1378 3557 Pro
1401 3525 1651 3560 monerent
1674 3515 1872 3574 ed.Spir.
1900 3516 1986 3562 fert

1096 3578 1353 3614 numerent.
