2138 4030
797 239 1509 323 HISTORIARUM

223 392 426 452 decori
475 394 662 458 exitu-s
713 393 846 450 fuit.
951 389 1229 448 Vitellius
1267 402 1435 465 capta
1479 390 1778 468 urbe-‚per
1820 412 2081 452 aversam

186 527 188 530 s
222 476 430 555 palatii
456 489 682 554 partem
712 474 1081 535 Aventinum
1105 475 1172 533 in
1205 475 1454 540 domum
1491 475 1692 532 uxoris
1733 479 1943 538 sellula
1961 481 2084 539 de*-

225 564 442 632 fertur‚
492 575 591 634 ut,
646 563 697 619 si
737 563 896 618 diem
938 561 1163 623 latebra
1202 559 1530 629 vitavisset‚
1584 559 1970 632 Tarracinam
2008 567 2084 623 ad

227 645 499 707 cohortes
537 649 896 722 fratremque
947 646 1297 720 perfugeret.
1362 703 1364 705 ,
1421 646 1560 702 dein
1609 647 1958 708 mobilitate
1976 650 2086 707 ,in-

228 734 385 811 genii
414 746 507 804 et,
543 753 691 810 quae
706 727 937 802 ,natura
960 731 1199 805 pavo-ris
1230 741 1343 799 est,
1387 751 1521 787 cum
1548 732 1762 790 -omnia
1799 736 2085 793 metuenti

227 819 558 896 praesentia
589 817 844 878 maxime
887 815 1296 890 displicerent,
1337 796 1723 890 iii-palatitim
1760 821 2087 892 regreditur

228 916 459 962 vastum
482 906 925 978 desertumque,
966 901 1210 975 dilapsis
1241 899 1418 956 etiam
1455 900 1674 960 infimis
1711 905 2088 964 servitiorum

229 1001 332 1047 aut
354 1008 662 1047 occursum
690 987 816 1044 eius
845 985 1296 1046 declinantibus.
1384 982 1594 1042 Terret
1622 987 1880 1047 solitudo
1915 1001 1971 1047 et
1995 1002 2089 1048 ta-

228 1087 427 1133 centes
462 1073 615 1130 lociz·
653 1082 839 1129 tentat
872 1072 1100 1140 clausa,
1143 1066 1497 1127 inhorrescit
1521 1073 1748 1143 vacuis,
1781 1075 2089 1152 fessusque

228 1161 444 1216 misero
476 1176 673 1214 errore
704 1168 761 1214 et
794 1158 1077 1231 pudenda
1103 1156 1330 1212 latebra
1353 1167 1534 1213 semet
1560 1158 1860 1216 occultans
1888 1161 1964 1216 ab
1990 1159 2091 1217 Iu-

229 1246 312 1304 lio
339 1242 583 1301 Placido
621 1243 865 1300 tribuno
909 1238 1168 1299 cohortis
1209 1235 1588 1316 protrahitur.
1674 1243 1903 1302 vinctae
1934 1266 2090 1320 pone

229 1342 461 1403 tergum
487 1347 734 1396 manus:
774 1328 995 1384 laniata
1024 1338 1182 1383 veste
1206 1327 1450 1382 foedum
1489 1329 1886 1401 spectaculum
1909 1332 2092 1388 duce-

229 1416 435 1484 batur,
487 1411 690 1471 multis
734 1413 1204 1488 increpantibus,
1256 1412 1423 1467 nullo
1463 1411 1890 1472 inlacrimante.
1986 1417 2094 1472 de—

228 1500 497 1557 formitas
523 1500 711 1556 exitus
740 1497 1206 1555 misericordiam
1229 1496 1564 1556 abstulerat.
1629 1495 1866 1557 Obvius
1890 1498 2094 1557 eGer*

230 1585 480 1649 manicis
505 1584 796 1641 militibus
820 1575 1135 1641 Vitellium
1161 1582 1372 1639 infesto
1398 1581 1519 1638 ictu
1545 1604 1650 1658 per
1674 1584 1822 1641 iram
1850 1586 1946 1643 vel
1974 1607 2091 1662 quo

230 1670 520 1732 matu-rius
546 1670 809 1730 ludibrio
838 1669 1118 1725 eximeret
1135 1712 1151 1736 ‚
1202 1687 1280 1723 an
1305 1666 1614 1724 tribunum
1642 1670 2003 1744 adpetierit‚.
2030 1671 2092 1727 in

233 1755 458 1813 incerto
480 1755 625 1814 fuit:
670 1775 875 1817 aurem
901 1753 1129 1811 tribuni
1168 1753 1494 1829 amputavit
1532 1773 1598 1811 ae
1631 1757 2096 1814 ¹statim‚‹:‹mfos·-

235 1858 340 1898 sus*
362 1851 466 1900 est.

196 263 348 342 ..sss

1765 257 1988 339 ‘iv-{⁸²³-

237 2079 390 2124 derint
423 2092 508 2124 nec
540 2081 587 2123 in
619 2080 774 2124 limine
805 2081 985 2138 quidem
1013 2097 1131 2123 mor-

234 2137 350 2188 tisa
387 2153 532 2196 pugna
567 2139 830 2181 destiterint.
891 2138 1032 2194 Igitur
1067 2154 1132 2180 ex·

238 2194 432 2254 plicandi
471 2211 602 2239 causa
634 2195 743 2238 haec
776 2195 880 2238 satis
926 2204 1026 2251 apte
1059 2195 1132 2236 ad-

236 2261 358 2297 sunt.
440 2251 500 2297 of.
537 2261 633 2296 not.
670 2252 726 2297 ad
757 2253 848 2297 Αῐι.
879 2252 920 2303 6,
942 2252 1015 2294 24.
1049 2251 1134 2294 sub

238 2312 661 2354 vwalienationem
692 2312 860 2353 mentis
880 2310 1133 2352 simulans.

292 2425 380 2465 per
430 2425 648 2454 aversam
702 2411 878 2465 palacii
921 2417 1132 2466 partem.

238 2467 322 2512 Ed.
367 2468 486 2527 Spir.
525 2484 617 2525 per
654 2471 919 2521 adversam
967 2467 1142 2524 palatii

233 2534 443 2581 porcam.
524 2526 668 2569 Etiam
699 2525 803 2570 MS.
839 2523 976 2569 Corb.
1004 2523 1138 2568 habet

239 2586 508 2630 adversam.
581 2582 868 2628 contrariam
900 2581 1135 2627 confusio-

238 2656 345 2684 nem
380 2641 573 2686 vidimus
606 2641 718 2684 Hist.
752 2641 790 2692 1,
820 2641 892 2686 59.
961 2638 1135 2698 Lipsius

239 2698 406 2742 frustra
439 2699 707 2745 coniiciebat
730 2713 818 2752 per
841 2711 1014 2741 aversa
1042 2713 1140 2752 pa-

242 2757 356 2799 latii.
419 2755 612 2814 Vulgata
636 2756 855 2813 scriptura
881 2753 1137 2797 defenditur

242 2814 454 2872 exemplis
476 2830 600 2872 supr.
624 2829 662 2857 c.
684 2813 755 2859 70.
786 2823 830 2857 et
849 2814 891 2865 2,
914 2806 985 2856 50.
1043 2811 1137 2855 Sal·

242 2871 348 2915 lust.
370 2873 470 2916 Cat.
492 2888 536 2916 c.
558 2872 630 2914 20.

303 2973 602 3017 Aventinum.
660 2970 762 3015 MS.
772 2970 891 3015 Bud.
904 2970 1141 3013 Aventini.

246 3025 338 3070 Sed
361 3028 547 3072 Tacitus
569 3028 870 3073 accusativum
895 3027 1024 3086 ponit
1043 3026 1139 3069 sine

246 3085 602 3143 praepositione,
641 3095 690 3129 ut
710 3085 834 3129 Suet.
858 3085 959 3128 Tib.
983 3100 1040 3127 c.
1068 3083 1138 3129 15.

245 3142 485 3198 Esquilias
510 3144 886 3198 transmigravit.

306 3224 558 3269 vitam'sset.
650 3226 734 3271 Ed.
781 3226 902 3286 Spir.
953 3226 1141 3268 visitas-

248 3289 339 3325 set.

309 3365 641 3410 Tarracinam.
731 3367 808 3411 Sic
841 3367 945 3411 MS.
984 3362 1140 3408 Guelf.

247 3431 291 3468 et
312 3423 418 3467 edd.
433 3422 588 3482 Lipsii.
606 3446 655 3458 —
701 3424 817 3468 Edd.
830 3434 932 3467 ante
945 3422 993 3466 Li
1029 3423 1143 3464 sium

249 3480 572 3524 Terracinam.
647 3480 708 3525 cf.
736 3490 833 3524 not.
854 3481 910 3525 ad
935 3496 976 3525 c.
1026 3480 1070 3524 6.
1089 3503 1146 3513 -

249 3536 360 3581 Mox
386 3539 458 3583 ed.
474 3537 594 3597 Spir.
615 3546 717 3597 post
737 3540 933 3593 pauoris
955 3552 1048 3582 non
1074 3538 1145 3581 ha·

253 3595 328 3639 bet
352 3603 437 3640 ese.

1257 2086 1479 2182 plzgdcnda
1505 2085 1704 2129 latebra.
1766 2084 1827 2129 cf.
1852 2085 1980 2129 Suet.
2005 2083 2096 2129 Vit.

1207 2154 1247 2184 C·
1336 2172 1345 2182 .

1262 2222 1465 2266 Placido.
1559 2225 1638 2268 Sic
1676 2225 1776 2269 edd.
1819 2226 1942 2285 Spir.
1981 2227 2098 2286 Lips.

1207 2295 1256 2337 sq
1293 2303 1390 2322 .—
1452 2281 1630 2323 placito
1661 2282 1764 2348 edd.
1791 2283 1966 2350 Puteol.
2000 2301 2019 2327 s
2052 2300 2098 2343 q.

1207 2339 1261 2380 ad
1310 2354 1475 2397 ipsium
1498 2343 1624 2395 (cum
1646 2341 1826 2384 silentio
1838 2338 2035 2385 thorii
2062 2374 2072 2384 .

1260 2453 1382 2494 pone
1405 2447 1602 2494 tergum.
1634 2448 1639 2459 ³
1661 2421 1798 2485 MSS.
1819 2437 1964 2486 Corb.
1989 2444 2098 2502 Agr.

1208 2505 1252 2540 et
1275 2497 1348 2540 ed.
1372 2497 1492 2555 Spir.
1523 2505 1708 2551 tergum
1725 2512 1866 2550 pone.

1266 2575 1608 2622 inlacrimante.
1639 2579 1717 2624 Sic'
1728 2579 1830 2635 MS.
1841 2581 1924 2625 Flo
1930 2599 1964 2627 r.
1975 2585 2103 2639 (teste

1207 2636 1438 2690 victorio)
1472 2646 1514 2680 et
1545 2637 1616 2682 ed.
1653 2637 1771 2696 Spir.
1805 2662 1861 2671 -—
1920 2641 2099 2685 illacri-

1209 2702 1367 2737 mante
1383 2695 1482 2737 MS.
1500 2694 1650 2738 Guelf.
1671 2718 1726 2729 -
1770 2695 2101 2756 illachryman-

1213 2760 1259 2795 te
1283 2752 1384 2795 edd.
1411 2752 1588 2796 P-uteol.
1613 2767 1720 2810 sqq.-

1267 2837 1520 2893 maturius.
1579 2835 1663 2880 Ed.
1685 2835 1806 2896 Spir.
1830 2846 2064 2886 maturus.

1267 2921 1485 2988 ludibria.
1554 2919 1796 2969 Rhenanus
1825 2938 1850 2966 e
1884 2935 2097 2984 corrupta

1210 2986 1449 3086 raziae-55,
1471 2977 1955 3094 *ὼε-22
1981 2980 2105 3084 ,5522

1213 3082 1350 3138 diem.
1421 3091 1510 3136 Sed
1537 3109 1677 3151 quum
1704 3094 1839 3138 ceteri
1868 3094 1973 3140 libri
1996 3113 2104 3141 con-

1212 3150 1404 3193 sentiant
1426 3150 1472 3192 in
1491 3151 1718 3201 ludibrio,
1752 3166 1846 3195 non
1871 3162 1983 3211 puto
2006 3169 2101 3199 eam

1212 3207 1314 3250 libri
1352 3206 1467 3252 Bud.
1494 3223 1595 3251 -esse
1631 3208 1968 3262 auctoritatem,
2017 3226 2103 3270 qua

1212 3264 1312 3307 illos'
1342 3272 1535 3322 superet.
1579 3265 1740 3307 ‘Etiam
1767 3265 1996 3312 Broterius
2028 3284 2103 3311 re-

1214 3321 1349 3364 tinuit
1384 3322 1602 3366 ludibrio.
1695 3321 1906 3368 Cete'rum
1945 3336 2104 3390 parum

1215 3379 1415 3422 interest.
1871 3393 1879 3400 ¹

1274 3480 1321 3520 in
1358 3480 1544 3523 incerto.
1620 3478 1906 3525 lua-Guelf.
1941 3474 2107 3535 ῗρενιῦ,

1221 3535 1365 3578 littera
1399 3551 1427 3577 v
1461 3545 1526 3580 est
1559 3552 1583 3579 a
1616 3538 1810 3584 secunda
1842 3531 1996 3585 nunu.
2049 3565 2138 3586 -2-

1220 3593 1321 3637 MS.
1344 3593 1459 3650 Reg.
1491 3598 1538 3636 in
1564 3596 1756 3639 incerta.
