2138 4030
1691 243 1696 254 '
1765 243 1985 279 A-U.82⁴.

1765 286 1887 323 A.c.
1927 290 1983 323 71.

142 295 161 299 ff
202 253 335 318 436
784 221 1492 307 HISTORIARUM

206 382 438 440 Plautio
481 377 732 443 Aeliano
782 377 1056 454 pontifice
1104 376 1346 433 lustrata
1395 375 1891 448 suovetaurilibus
1939 397 2074 453 area

213 480 266 524 et
295 487 472 542 super
506 465 818 539 caespitem
859 460 1105 518 redditis
1131 460 1277 518 extis
1302 459 1540 533 Iovem,
1581 459 1909 533 Iunonem,
1937 459 2074 521 hiiss

213 572 456 608 nervam
500 549 910 625 praesidesque
947 546 1183 620 imperii
1215 547 1355 602 deos
1393 557 1694 622 precatUS‚
1741 546 1832 604 uti
1870 544 2071 624 coepta

213 645 653 712 prosperarent,
710 634 992 705 sedesque
1044 650 1174 686 suas
1214 630 1427 705 pietate
1470 627 1784 687 hominum
1828 620 2073 688 inchoa—

214 735 301 778 tas
351 721 548 777 divina
609 738 717 792 ope
765 716 1131 784 attollerent,
1196 715 1405 785 vittaS‚
1471 716 1602 792 quis
1651 716 1866 788 ligatus
1920 716 2074 791 lapis

214 807 533 882 innexique
578 805 748 859 funes
794 809 996 871 nerant,
1061 800 1326 872 contigit.
1437 801 1613 857 simul
1659 800 1836 857 ceteri
1887 802 2072 874 magi-

218 904 428 949 stratus
490 901 544 945 et
598 887 923 942 sacerdotes
980 895 1037 940 et
1108 896 1341 941 senatus
1397 896 1453 940 et
1511 905 1687 962 eques
1748 897 1806 959 et
1858 905 2070 959 magna

219 996 350 1053 pars
413 972 622 1051 populi
682 971 877 1026 studio
937 969 1273 1045 laetitiaque
1317 970 1555 1025 connixi
1608 990 1810 1030 saxum
1867 969 2074 1044 ingens

221 1075 462 1119 traxere.
562 1056 892 1131 passimque
933 1055 1178 1110 iniectae
1217 1054 1620 1110 fundamentis
1658 1054 1885 1128 argenti
1914 1056 2074 1111 auri-

221 1167 334 1224 que
384 1141 559 1218 stipes
608 1151 664 1197 et
717 1140 1092 1196 metallorum
1148 1139 1442 1214 primitiae
1496 1139 1680 1195 'nullis
1732 1139 2072 1196 fornacibus

223 1233 406 1292 victae
464 1228 565 1283 sed.
611 1237 678 1283 ut
718 1226 1061 1300 gignuntur.
1178 1224 1514 1298 praedixere
1570 1220 1935 1300 haruspices,
1997 1245 2081 1280 ne

1180 1487 1376 1528 cundum
1402 1483 1501 1528 MS.
1527 1481 1659 1528 Bodl.
1690 1483 1791 1527 edd.
1815 1482 1918 1532 Put.
1939 1483 2008 1528 Μ.
2030 1493 2072 1530 et

1181 1543 1238 1586 V.
1273 1542 1480 1585 Beroald.
1510 1542 1614 1586 Alc.
1686 1541 1884 1584 Eandem
1915 1541 2071 1586 confu-

275 1492 462 1537 Plautio
492 1489 704 1533 Aeliano.
763 1483 846 1531 'lta
878 1484 992 1529 illud
1028 1500 1106 1528 no-

219 1568 322 1596 men
361 1549 650 1594 scribendum
688 1546 940 1589 docuerunt
974 1542 1108 1586 Ursi-

219 1625 303 1653 nus
336 1615 377 1650 et
402 1605 599 1664 Ryckius
633 1621 679 1647 ex
708 1602 1005 1659 inscriptione
1028 1599 1108 1642 Ti-

217 1665 416 1710 burtina.
512 1662 569 1706 cf.
603 1660 757 1719 Vulpii
795 1659 897 1702 Vel.
935 1657 1108 1701 Latium

218 1725 355 1767 Tom.
381 1723 435 1765 Χ.
468 1719 591 1764 Part.
615 1721 650 1762 l.
673 1735 726 1773 -ρ,
745 1717 841 1760 340.
893 1714 1108 1774 'Piranesi

218 1780 445 1826 Antii—,hita
459 1777 592 1820 Rom.
617 1775 822 1819 Tah.Xt.
840 1789 940 1831 sqq.
992 1772 1108 1815 Gru-

218 1848 302 1883 ter.
327 1835 480 1897 p.453.
539 1835 587 1878 ln
614 1835 765 1877 locum
788 1846 999 1888 recepere
1011 1828 1107 1874 Lal-

215 1895 463 1944 lemandus‚
494 1891 745 1942 Broterius,
761 1888 995 1931 Ernestius
1011 1903 1108 1944 sqq.

219 1955 270 1996 ln
301 1953 496 1994 Aeliano
521 1948 746 1992 consentit
771 1947 872 1989 MS.
898 1945 1017 1988 Harl.
1052 1972 1109 1980 --

218 2011 318 2054 MS.
342 2010 468 2052 Flor.
495 2011 615 2063 (test.
645 2006 780 2061 Vict.)
817 2004 981 2045 Plauto
1009 2002 1109 2045 He-

221 2071 364 2110 liano.
394 2094 453 2102 --
510 2065 592 2107 Ed.
617 2064 733 2121 Spir.
762 2061 927 2103 plauto
946 2062 1110 2103 oliano.

220 2148 279 2159 --
320 2123 454 2167 MSS.
492 2120 643 2163 Guelf.
685 2120 812 2161 Bodl.
850 2119 930 2160 les.
970 2118 1108 2161 Corb.

220 2182 335 2227 Bud.
369 2180 470 2223 edd.
503 2178 606 2221 Put.
642 2177 708 2220 M.
743 2183 784 2217 et
808 2173 864 2216 V.
898 2172 1107 2216 Beroald.

219 2239 324 2285 Ale.
349 2237 494 2281 Rhen.
513 2251 614 2293 sqq.
640 2235 694 2278 ad
716 2230 1111 2290 LipsiumPlauto

220 2296 447 2340 Heliatio.
479 2316 536 2326 --
584 2292 684 2336 MS.
698 2290 844 2333 Vatic.
869 2287 1110 2346 edd.Lips.

220 2369 317 2413 sqq.
345 2352 510 2394 Plauto
539 2351 723 2393 Eliano.
1023 2356 1025 2359 ·

286 2427 497 2466 lustrata
556 2417 962 2463 suovetaurilibus.
1050 2415 1110 2457 Ex

220 2480 534 2527 emendatione
557 2475 689 2535 Lipsii
715 2474 814 2517 edd.
839 2472 964 2515 Pich.
986 2470 1103 2515 Gru-

218 2548 304 2584 ter.
329 2553 426 2595 sqq.
481 2533 761 2579 Rectissime.
819 2530 1112 2574 AdnuitMS.

220 2598 443 2646 Florem„
475 2595 522 2637 in
558 2608 649 2651 quo
682 2591 799 2645 (test.
827 2586 967 2644 Viet.)
998 2587 1108 2645 legi-

219 2664 322 2699 tur:
355 2655 582 2694 lustratas
602 2645 978 2690 bouetaurilibas.
1031 2646 1110 2687 Ea·

219 2712 319 2754 dem
352 2710 507 2753 insunt
545 2707 613 2750 ed.
640 2704 840 2763 Spirensi
870 2711 912 2746 et
934 2702 1112 2745 MSStis

218 2767 363 2810 Vatic.
396 2765 520 2809 1863.
557 2764 669 2821 Reg.
700 2762 810 2819 Agr.
831 2762 904 2796 ¹---
967 2763 1107 2802 bove-

219 2825 428 2867 taur-ibus
443 2822 545 2866 MS.
565 2820 814 2864 Covarruv.
842 2842 893 2853 --
938 2820 1110 2859 lustra·

221 2891 273 2924 ta
322 2885 433 2923 bove
487 2879 724 2932 murisque
773 2875 910 2918 MSS.
956 2872 1105 2917 Guelf.

217 2938 341 2981 Harl.
365 2937 494 2980 Bodl.
518 2936 598 2978 les.
623 2934 737 2976 Bud.
760 2932 859 2976 edd.
885 2932 986 2975 Put.
1011 2948 1030 2974 s
1065 2947 1107 2989 q.

222 2996 275 3038 ad
299 2995 518 3051 Lipsium.
579 2991 636 3035 cf.
662 2998 754 3033 not.
782 2991 834 3032 ad
862 2990 952 3034 An.
974 2989 1015 3039 6,
1093 3017 1107 3032 .
1142 2991 1148 2995 ’

1148 3069 1150 3071 ·
1238 3067 1417 3105 magna
1457 3066 1588 3105 pars.

221 3051 456 3111 Spalding.
482 3050 535 3094 ad
563 3048 724 3105 Quint.
758 3047 791 3098 Ι,
821 3050 860 3090 l.
892 3050 934 3101 §.
956 3046 1026 3089 67.

277 3123 411 3151 area.
486 3107 589 3150 MS.
614 3104 739 3148 Flor.
766 3105 881 3158 (test.
907 3104 1041 3159 Viet.)
1067 3111 1109 3145 et

220 3165 290 3212 ed.
325 3165 443 3221 Spir.
479 3179 671 3211 aream,
729 3161 850 3219 quod
888 3161 1046 3204 vitium
1085 3175 1108 3202 e

218 3222 356 3266 totius
386 3220 472 3264 loci
506 3220 774 3263 confusione
803 3227 955 3261 ortum
988 3225 1109 3275 puta.

219 3279 308 3323 vul
341 3287 457 3322 atam
519 3278 713 3319 formam
766 3284 951 3319 tuentur
1005 3273 1106 3317 MS.

219 3336 320 3381 Gne
341 3336 371 3377 f.
399 3334 500 3378 edd.
525 3333 701 3376 Puteol.
727 3349 827 3391 sqq.

278 3401 323 3436 et
335 3403 475 3447 super
487 3392 751 3445 caespitem.
811 3404 953 3442 super
974 3389 1107 3432 MSS.

216 3452 340 3495 Flor.
367 3447 606 3505 (test.Vict.
625 3463 729 3491 cum
749 3446 938 3504 Ryckio)
956 3445 1105 3489 Guelf.

219 3508 343 3552 Harl.
386 3504 626 3562 Ies.·Reg.
671 3503 807 3546 Corb.
846 3507 951 3561 Agr.
992 3503 1104 3546 Bud.

216 3564 321 3610 edd.
347 3563 466 3623 Spir.
499 3562 644 3607 Rhen-
674 3559 775 3604 Ald.
803 3577 898 3619 sqq.
923 3579 978 3594 ...
1029 3577 1106 3604 se·-

1180 1600 1354 1642 sionem
1377 1616 1399 1642 e
1424 1595 1696 1657 compendio
1727 1600 1973 1656 scripturae
1999 1614 2071 1643 or·

1180 1666 1271 1699 tam
1304 1665 1346 1699 et
1379 1655 1482 1699 alibi
1512 1656 1721 1703 vidimus.
1792 1656 1853 1700 cf.
1882 1664 1992 1700 not.v
2012 1648 2067 1700 ad

1179 1713 1295 1758 Hist.
1332 1716 1369 1765 1,
1400 1712 1471 1757 51.

1237 1781 1433 1822 redditis
1459 1779 1604 1823 extis.
1657 1775 1719 1822 cf.
1744 1777 1934 1824 sueton.
1959 1778 2066 1825 Oct.

1181 1854 1221 1882 c.
1260 1838 1297 1880 1.
1331 1845 1383 1879 ut
1420 1837 1467 1879 in
1506 1843 1746 1891 posterum
1779 1842 1969 1894 quoque⁴
1998 1827 2070 1880 ἐί-

1181 1895 1287 1938 mili
1319 1896 1456 1936 modo
1491 1900 1605 1935 exta
1634 1893 1788 1942 Marti
1811 1898 2070 1939 redderen-

1180 1961 1308 2051 tur-{4
1370 1950 1468 1994 Vid.
1517 1950 1718 1995 Brisson.
1759 1951 1814 1996 de
1860 1951 2070 1997 formulis

1180 2027 1226 2068 p.
1313 2045 1323 2054 .

1237 2087 1415 2134 coepta.
1484 2077 1587 2122 MS.
1624 2079 1746 2122 Flor.
1786 2081 1903 2136 (test.
1928 2071 2070 2126 Vict.)

1181 2145 1224 2180 et
1245 2139 1314 2180 ed.
1343 2136 1462 2194 Spir.
1490 2145 1690 2191 coeptas.
1760 2137 1880 2194 Num
1911 2139 2071 2182 excidit

1180 2209 1279 2246 res,
1332 2210 1387 2235 an
1423 2202 1657 2250 sequentes
1692 2195 1929 2238 accusativi
1971 2196 2071 2249 (se-

1180 2255 1353 2307 desque
1389 2264 1503 2335 sgms
1528 2280 1594 2294 ...
1620 2252 1880 2303 inchoatas)
1914 2251 2069 2297 vitium

1180 2324 1341 2434 viiii?
1346 2323 1536 2409 rgihffiet
1552 2307 1941 2422 Reliidniogi’eljelzgs
1952 2309 2070 2426 ogi-td

1176 2429 1372 2478 melate.

1238 2482 1502 2523 inchoatas.
1576 2478 1653 2524 Sic
1688 2479 1792 2524 edd.
1826 2479 1928 2526 Put.
1965 2497 2067 2542 sqq.

1183 2553 1287 2581 cum
1313 2537 1489 2579 silentio
1506 2536 1789 2580 Victorii.’—
1827 2539 2071 2585 incohatas

1183 2595 1286 2638 MS.
1320 2590 1469 2637 Guels.
1504 2603 1547 2638 et
1580 2595 1650 2637 ed.
1681 2594 1799 2653 Spir.
1831 2618 1888 2628 —
1957 2595 2068 2640 Mox

1182 2652 1335 2695 eadem
1370 2651 1438 2694 ed.
1461 2652 1579 2709 Spir.
1613 2653 1759 2695 victas
1793 2654 1875 2711 pro
1912 2653 2068 2705 vittas,

1180 2719 1230 2752 ut
1255 2724 1403 2766 supra.
2016 2708 2024 2714 ’

1240 2768 1339 2821 quis
1364 2768 1544 2819 ligatus.
1604 2765 1679 2810 Sic
1695 2765 1792 2810 MS.
1808 2765 1926 2812 Flor.
1950 2769 2066 2822 (test.

1183 2824 1299 2866 Vict.
1321 2839 1423 2866 cum
1449 2822 1658 2880 Pichena)
1684 2824 1788 2869 edd.
1804 2823 1923 2884 Spir.
1945 2825 2071 2872 Pieh.

1180 2882 1394 2937 Bernegg.
1431 2895 1527 2937 sqq.
1565 2909 1622 2917 --
1691 2883 1853 2938 quibus
1896 2882 2070 2939 ligatus

1180 2938 1281 2980 MS.
1315 2929 1462 2980 Guelf.
1499 2938 1601 2982 edd.
1638 2938 1739 2982 Put.
1769 2955 1870 2999 sqq.
1904 2940 1960 2983 ad
1995 2940 2067 2985 Pi-

1182 2995 1389 3038 ehenarn.

1675 3051 1761 3098 Ed.
1794 3052 1914 3111 Spir.
1947 3064 2068 3110 pat-s

1181 3123 1375 3161 magna.
1412 3133 1456 3142 ·-
1524 3109 1690 3153 Eadem
1734 3126 1835 3155 mox
1879 3120 1924 3155 et
1965 3112 2074 3157 au'ri

1181 3182 1267 3229 ηας
1287 3169 1442 3219 stapes.
1999 3215 2003 3218 ⁴

1235 3227 1321 3264 sed
1345 3232 1403 3265 αι’
1420 3225 1692 3279 gignuntur.
1750 3223 1827 3269 Sic
1842 3225 1940 3271 MS.
1956 3227 2068 3271 de.

1180 3279 1282 3321 edd.
1304 3279 1406 3323 Put.
1430 3296 1529 3339 sqq.
1560 3306 1613 3314 —
1658 3284 1742 3325 sed
1763 3290 1813 3324 ut
1832 3284 2067 3339 gmgmm-

1182 3343 1260 3377 tur
1280 3336 1380 3379 MS.
1405 3337 1558 3382 Guelf.
1583 3366 1640 3375 -
1689 3343 1771 3381 sed
1794 3347 1843 3382 ut
1867 3341 2063 3394 signan-
2137 3360 2138 3376 ἢ

1180 3400 1259 3434 tm·
1289 3394 1389 3438 MS.
1416 3393 1536 3439 Flor.
1567 3395 1691 3448 (teste
1713 3394 1751 3438 R
1771 3394 1905 3449 νοῌο)
1929 3406 1970 3440 et
1993 3399 2063 3442 ed.

1178 3451 1298 3507 Spir.
1361 3451 1423 3495 At
1446 3451 1673 3495 Victorius
1707 3469 1729 3494 e
1791 3451 1950 3501 lorent.
1987 3455 2061 3498 ad—

1179 3506 1262 3573 fert
1295 3507 1556 3561 signantur.
1633 3509 1732 3552 MS.
1766 3508 1901 3554 Corb.
1937 3518 1981 3554 et
2013 3520 2064 3554 ut

1178 3573 1432 3618 Stgmmter.
1486 3565 1585 3609 MS.
1602 3567 1706 3622 Agr.
1721 3570 1806 3610 sed
1821 3575 1865 3609 et
1881 3570 2062 3624 Signan-

2073 3690 2098 3701 A
