2138 4030
173 256 177 268 .
221 230 269 266 Α.
288 230 341 271 U.
360 228 446 264 823.

219 275 271 314 A,
291 273 338 311 C.
384 274 443 311 70.

672 226 845 292 ΜΒ.
887 230 994 292 Πῐ.
1031 198 1034 202 ’
1071 228 1187 288 CA
1204 231 1267 290 P.
1302 234 1359 291 2.
1396 233 1454 291 3.
1848 230 1986 293 255

132 365 464 441 „impulsas
493 361 722 421 Vitellii
746 381 839 417 res
860 359 1126 420 audietis,
1205 360 1433 418 iuvabit
1458 363 1621 437 sequi
1651 374 1706 420 et
1732 364 1988 438 vestigiis

133 496 167 535 ‚⁹
179 450 469 507 vincentis
500 447 787 507 insistere.
803 445 829 464 ''

305 547 414 609 ΙΙΙ.
499 545 660 603 Haec
694 557 868 621 atque
905 545 1046 601 talia
1079 544 1331 616 flagrans
1366 542 1582 615 oculiS‚
1633 545 1787 601 truci
1832 567 1991 618 voce,

132 655 250 712 quo
276 635 452 692 latius
482 631 815 699 audiretur,
867 624 1115 705 (etenim
1153 648 1213 684 se
1251 627 1623 684 centuriones
1649 639 1717 686 -et
1751 630 1991 705 quidam

133 719 390 775 militum
421 716 668 774 consilio
691 712 1075 792 miscuerant)
1113 713 1194 771 ita
1229 713 1465 783 effudit,
1505 724 1573 770 ut
1607 725 1807 771 cautos
1840 737 1991 792 quo-

135 824 247 881 que
273 824 339 860 ac
364 802 646 878 providos
681 810 1084 875 permoveret,
1126 798 1336 870 vulgus
1373 810 1430 856 et
1469 798 1647 854 ceteri
1680 819 1869 855 unum
1898 802 1990 857 vi-

132 882 266 945 rum
303 889 628 963 ducemque
662 895 851 960 spreta
887 885 1142 940 aliorum
1172 882 1417 955 segnitia
1450 882 1989 946 laudibustferr'ent.

133 972 306 1029 Hanc
342 973 434 1030 sui
469 973 687 1028 famam
723 990 791 1026 ea
835 969 1029 1026 statim
1066 968 1349 1024 concione
1388 980 1814 1039 commoverat,
1872 991 1990 1046 qua

132 1058 388 1115 recitatis
413 1056 760 1131 Vespasiani
787 1054 1047 1129 epistolis
1069 1072 1194 1109 non
1215 1062 1283 1109 ut
1305 1053 1573 1130 plerique
1607 1053 1827 1111 incerta
1866 1055 1989 1111 dis-

137 1145 316 1199 seruit
360 1139 477 1199 huc
522 1142 664 1197 illuc
707 1151 998 1196 tracturus
1047 1138 1561 1213 interpretatione,
1612 1150 1792 1214 prout
1844 1160 1988 1197 con-

138 1228 422 1285 duxisset:
465 1238 662 1301 aperte
685 1225 1048 1280 descendisse
1071 1223 1135 1277 in
1161 1242 1394 1279 causam
1417 1223 1759 1295 videbatur,
1800 1244 1987 1304 eoque

137 1313 370 1387 gravior
394 1311 683 1368 militibus
710 1320 833 1366 erat
857 1309 1062 1384 culpae
1087 1308 1182 1364 vel
1210 1307 1429 1382 gloriae
1456 1308 1663 1368 socius,

138 1561 302 1603 habent
331 1557 467 1602 MSS.
492 1557 601 1615 Reg.
634 1555 774 1600 Corb.
811 1554 880 1598 ed.
905 1554 1025 1613 Spir.

139 1646 197 1654 -
214 1618 430 1674 fractam
460 1616 678 1658 militiam
703 1612 801 1656 MS.
827 1613 935 1668 Agr.
970 1637 1025 1646 -

140 1674 311 1732 Lipsius
346 1681 448 1717 ante
478 1671 719 1715 Pichenam
755 1669 1028 1712 divinaverat

139 1740 350 1775 reserata
399 1730 560 1772 Italia.
650 1729 733 1772 lae.
764 1727 1027 1771 Gronovius

140 1790 344 1832 volebat:
410 1794 673 1830 reseratam
728 1786 817 1828 sibi
876 1785 1029 1835 viam,-

141 1846 482 1890 Lallemandus:
555 1850 820 1885 reseratam
885 1842 1032 1884 militi

144 1906 283 1945 viam.
367 1903 537 1945 Verum
576 1899 902 1957 acquiescimus
938 1915 1029 1941 me-

143 1961 232 2003 rito
267 1960 314 2002 in
348 1959 569 2002 Pichenae
615 1957 890 2000 coniectura.
967 1956 1028 1999 cf.

143 2035 264 2075 supr.
295 2018 336 2066 Ξ,
370 2017 439 2060 17.
476 2022 728 2070 aperuerat
775 2016 872 2057 iam
927 2013 1030 2055 Ita-

142 2077 283 2124 Iium;
332 2074 439 2117 infr.
477 2090 516 2116 c.
545 2073 617 2116 38.
645 2072 903 2114 cubiculum
936 2073 1030 2114 im·-

138 2135 371 2186 perotoris
393 2138 595 2174 reserat.

200 2202 405 2255 vestigia&
451 2200 689 2242 vincentis.

143 2261 367 2302 vincentis
398 2258 618 2311 vestigiis.

202 2330 312 2373 CAP.
343 2329 387 2374 3.
448 2329 578 2371 Haec
601 2334 739 2383 atque
760 2329 894 2371 talia.
954 2326 1031 2372 Sic

145 2389 246 2432 MS.
274 2387 386 2430 Bud.
421 2386 526 2430 edd.
553 2384 696 2427 Rhen.
721 2385 826 2429 Ald.
850 2402 947 2443 sqq.
983 2401 1032 2427 ex

143 2462 224 2488 usu
237 2444 393 2495 Taciti,
424 2443 539 2500 apud
566 2457 699 2499 quem
718 2442 889 2498 saepius
913 2452 1033 2486 certe

146 2501 346 2546 invenies
388 2504 504 2543 haec
543 2509 686 2554 atque
725 2501 841 2541 talia
894 2515 1029 2555 quam

144 2563 255 2603 baec
278 2566 322 2601 et
344 2561 482 2608 talia,
519 2556 640 2614 quod
670 2565 802 2599 exstat
825 2556 870 2598 in
893 2556 1030 2601 MSS.

146 2616 269 2660 Harl.
303 2615 433 2659 Bodl.
466 2615 548 2658 Ies.
586 2612 739 2655 Guelf.
778 2614 878 2657 edd.
908 2614 1029 2671 Spir.

146 2676 250 2719 Put.
280 2674 348 2717 M.
384 2682 428 2716 et
462 2672 514 2714 V.
554 2671 756 2714 Beroald.
799 2672 918 2727 (cum
958 2671 1029 2715 sil.

146 2732 282 2784 vict.)
309 2731 408 2774 Ale.
433 2739 474 2772 et
498 2729 705 2772 Broterii.
732 2752 784 2762 --
838 2731 950 2771 haec
977 2746 1032 2772 ac

147 2789 266 2834 talia
285 2788 388 2836 MS.
416 2787 538 2835 Corb
576 2809 636 2819 —
696 2785 872 2841 Quodsi
896 2785 1035 2834 libro-

148 2863 248 2890 rum
301 2845 611 2887 anctoritatem
654 2843 863 2901 respicis,
915 2843 1032 2889 haud

149 2905 280 2948 dubie
306 2909 349 2944 el
371 2900 682 2959 reponendum
709 2901 810 2945 erit.

205 2976 273 3016 ica
305 2972 474 3026 effudit.
543 2970 644 3015 MS.
674 2969 815 3014 Corb.
851 2973 919 3013 ita
942 2972 1031 3027 su-

148 3033 232 3074 dit.
265 3053 320 3063 —
380 3029 485 3071 Mox
519 3035 680 3071 cautos
717 3043 774 3069 aa
811 3031 1037 3082 providos

149 3104 242 3132 esse
268 3100 517 3146 synonyma
543 3085 695 3128 docuit
714 3084 847 3127 Roth.
877 3102 920 3143 p.
939 3088 1005 3130 15.

202 3163 508 3213 permoveret.
577 3155 658 3200 Ed.
686 3155 800 3212 Spir.
831 3171 1032 3210 promo-

150 3223 293 3258 veret.
376 3214 442 3255 De
482 3213 620 3255 verbo
657 3227 929 3265 permovere
972 3214 1031 3257 cf.

135 3282 245 3317 not.
270 3272 323 3315 ad
347 3271 431 3314 An.
459 3274 495 3321 1,
515 3271 585 3313 21.
603 3298 660 3311 -ψ
700 3270 806 3312 Mox
829 3270 898 3314 ed.
914 3270 1034 3329 Spir.

150 3332 356 3373 contione
368 3361 378 3379 ,
411 3328 473 3370 uti
497 3328 623 3370 solet.

780 2198 862 2242 Ed.
909 2198 1030 2256 Spir.

164 3403 184 3413 ¹·
208 3391 296 3430 huc
316 3387 437 3428 »illuc
473 3393 708 3428 tracturus
749 3386 1030 3439 interpreta-

153 3447 289 3487 tione.
366 3442 400 3484 E
439 3442 700 3486 coniectura
740 3441 929 3485 Acidalii
964 3442 1035 3487 sic

155 3500 387 3542 ediderunt
434 3500 706 3542 recentiores
748 3498 1033 3543 suadentibus

155 3555 359 3603 Ernestio
382 3565 423 3604 et
440 3556 661 3601 Broterio.
719 3555 775 3603 es.
789 3556 882 3602 Cic.
899 3557 1032 3602 Acad.

1096 1557 1139 1603 4,
1161 1554 1234 1600 36.
1267 1558 1376 1598 haec
1405 1555 1794 1609 disputationibus
1823 1561 1913 1602 huc
1943 1568 1989 1603 et
2047 1590 2051 1596 ·

1097 1615 1206 1656 illuc
1239 1616 1507 1656 trahuntur.
1578 1612 1673 1663 „Et
1701 1622 1752 1657 ut
1788 1616 1905 1659 idem
1941 1618 1990 1661 in

1098 1672 1228 1714 Brut.
1259 1671 1332 1714 41.
1366 1671 1473 1713 dixit
1507 1684 1609 1712 rem
1642 1674 1982 1722 obscuram,1‘n-

1099 1731 1402 1782 terpretcmdo
1441 1729 1729 1781 explanare,
1777 1731 1842 1774 sie
1881 1732 1987 1776 alibi

1097 1789 1446 1840 interpretando
1481 1787 1569 1826 huc
1602 1788 1710 1829 illuc
1743 1790 1993 1834 trahere.'’

1099 1844 1274 1886 Ernest.
1302 1843 1357 1886 ad
1383 1843 1427 1886 h.
1456 1842 1486 1884 1.
1518 1866 1577 1874 ·—
1634 1842 1757 1886 Libri
1789 1843 1989 1892 veteres:

1099 1903 1188 1944 huc
1222 1902 1327 1943 illuc
1358 1906 1602 1943 tracturus
1640 1903 1989 1956 mter-precatib-

1099 1974 1235 2006 nem,
1293 1957 1339 1999 in
1377 1972 1462 2015 qua
1497 1957 1716 2015 scriptura
1755 1967 1992 2005 tracturus

1100 2015 1217 2059 haud
1249 2015 1382 2058 dubie
1418 2013 1548 2058 traxit
1577 2016 1885 2062 accusativum
1914 2021 1992 2062 in-

1102 2073 1501 2127 tet-pretationem.

1158 2141 1470 2185 conduxisset.
1529 2141 1590 2186 cf.
1619 2143 1708 2188 An.
1735 2144 1778 2197 4,
1799 2146 1871 2190 59.
1901 2147 1993 2193 ibi-

1103 2215 1190 2258 que
1215 2207 1312 2242 not.
1851 2238 1854 2242 .

1159 2271 1447 2313 descendisse
1496 2270 1547 2311 in
1604 2286 1814 2320 causam.

1101 2327 1221 2386 Spir.
1248 2328 1296 2370 in
1319 2341 1518 2371 eausam
1540 2330 1842 2380 descendisse.
1884 2366 1888 2369 ‚

1161 2426 1301 2466 eoque
1339 2412 1528 2466 gravior
1567 2421 1653 2458 etc.
1742 2415 1819 2459 Sic
1856 2418 1992 2465 MSS.

1104 2469 1225 2511 Flor.
1251 2470 1367 2522 (test.
1383 2467 1509 2513 Pieh.
1535 2485 1637 2513 cum
1664 2470 1753 2515 Iac.
1771 2471 1989 2534 Gronov.)

1101 2527 1210 2584 Reg.
1244 2525 1382 2570 Corb.
1415 2526 1526 2583 Agr.
1564 2527 1634 2571 ed.
1667 2528 1809 2586 spir„
1869 2534 1989 2578 unde

1102 2599 1274 2642 repono
1298 2582 1586 2626 suadentibus
1613 2585 1832 2637 Piehena,
1864 2589 1988 2635 Gru-

1101 2651 1197 2684 tero
1239 2640 1439 2698 aliisque.
1520 2641 1693 2686 Gravis
1732 2643 1897 2691 dicitur
1934 2649 1990 2694 de

1103 2699 1300 2756 pondere
1342 2707 1385 2739 et
1423 2700 1703 2745 auctoritate.

1103 2771 1145 2800 c.
1175 2756 1245 2799 43.
1276 2755 1468 2809 gravior
1495 2763 1672 2800 auctor.

1904 2276 1989 2324 Ed.

1785 2703 1844 2748 cf.
1878 2704 1989 2753 infr.

1743 2758 1913 2806 Contra
1947 2767 1991 2814 4,

1103 2814 1173 2856 80.
1200 2816 1325 2855 unde
1343 2813 1582 2865 paulatim
1610 2815 1630 2861 l
1639 2830 1663 2858 e
1676 2817 1806 2861 vio-1·
1834 2822 1992 2866 vilior..

1104 2885 1188 2928 que
1209 2871 1376 2912 haberi
1393 2879 1479 2912 etc.
1510 2870 1563 2913 de
1584 2871 1744 2917 eodem
1768 2876 1988 2924 Antonio.

1107 2927 1255 2995 §luigo
1281 2926 1419 2992 edunt
1439 2930 1644 2981 gratior,
1677 2933 1800 2989 quod
1827 2933 1992 2995 legitur

1106 3002 1151 3030 ln
1206 2984 1338 3027 Mas.
1382 2983 1499 3028 Bud.
1547 2984 1671 3033 Harl.
1720 2989 1852 3036 Bodl.
1903 2995 1987 3041 les.

1108 3042 1257 3087 Guelf.
1291 3041 1391 3083 edd.
1422 3040 1523 3084 Put.
1556 3059 1576 3085 s
1611 3058 1655 3102 q.
1690 3075 1748 3083 -
1818 3050 1989 3109 Bipon—

1104 3100 1186 3143 tini
1231 3115 1279 3141 ex
1320 3097 1536 3155 opinione
1605 3104 1759 3149 rnestii
1805 3120 1992 3167 augent:

1105 3165 1352 3211 auctorque
1389 3158 1595 3210 gravior.
1679 3161 1766 3206 Sed
1799 3169 1992 3220 gravior

1105 3216 1207 3257 satis
1233 3213 1386 3261 habet,
1424 3228 1513 3271 quo
1542 3214 1874 3271 referatur,'ad
1908 3241 1989 3270 vo..

1104 3270 1313 3315 cabulum
1350 3273 1508 3318 socius.
1587 3274 1838 3321 Sententia:
1887 3298 1990 3340 pro-

1105 3337 1253 3386 piei-ea
1285 3327 1499 3371 maiorem
1530 3329 1666 3375 fuisse
1687 3334 1884 3379 Antonio
1916 3356 1992 3383 au.

1106 3384 1385 3440 etot-itatem,
1413 3400 1500 3445 qua
1534 3389 1696 3433 milites
1725 3392 1917 3438 traheret
1943 3397 1991 3441 in

1105 3442 1282 3499 culpam
1333 3442 1397 3487 ve!
1440 3443 1651 3501 gloriam,
1712 3458 1847 3504 prout
1888 3469 1988 3496 sors

1105 3499 1298 3542 caderet.
1368 3499 1654 3546 Gutmannus
1683 3505 1735 3546 ad
1761 3505 1805 3549 h.
1831 3506 1860 3554 l.
1893 3510 1984 3553 dis-

1104 3557 1269 3615 putavit
1295 3571 1379 3614 pro
1407 3557 1578 3616 vulgata
1610 3561 1851 3619 scriptura,
1885 3569 1989 3624 quia
