2138 4030
187 255 238 288 A.
259 249 314 286 U.
333 246 419 282 823-

186 291 325 331 ..a
357 290 417 326 70·
701 243 875 305 [ΑΒ.
911 198 993 305 1.‘
1029 239 1227 303 CAP.
1264 243 1365 309 31.
1413 312 1418 314 ἓ
1882 217 1959 306 51

101 405 207 444 sust
234 393 292 441 et
312 378 519 438 Celsus
545 373 779 432 Marius
814 375 889 430 ad
929 372 1140 429 electos
1176 368 1403 447 Illyrici
1439 373 1721 441 exercitus
1750 373 1960 452 Vipsa-

100 470 201 527 nia
239 467 306 524 in
345 463 577 541 porticu
616 461 942 518 tendentes.
1027 455 1415 532 Praeceptum
1453 451 1696 515 Amulio
1734 458 1958 520 Sereno

36 620 38 626 f
101 566 158 612 et
181 550 447 611 Domitio
475 546 698 606 Sabino
724 542 1225 619 primipilaribu8‚
1279 552 1346 598 ut
1374 538 1763 601 Germanicos
1799 548 1960 605 mili-

32 658 42 672 ·
104 652 188 699 tes
213 632 580 695 eLibertatzis
605 629 754 687 atrio
793 637 1165 687 arcesserent.
1250 625 1503 700 Legioni
1538 627 1808 687 classicae
1842 633 1960 691 dif..
1994 635 2000 641 '

101 723 319 781 fidebat
354 719 598 779 infestae
634 716 712 773 ob
749 714 988 771 caedem
1027 711 1532 781 commilitonum,
1579 733 1729 788 quos
1765 718 1959 790 primo

105 808 299 868 statim
348 803 599 862 introitu
646 800 1044 857 trucidaverat
1081 795 1291 855 Galba.
1389 795 1652 870 Pergunt
1691 799 1862 856 etiam
1898 804 1963 859 in

106 904 292 952 castra
325 887 839 967 praetorianorum
876 882 1103 940 tribuni
1124 879 1357 939 Cetrius
1385 880 1669 954 Severus,
1711 883 1964 945 Subrius

106 1072 233 1102 mere
252 1057 405 1110 magis
435 1061 522 1098 etc.
581 1050 765 1109 Bipont.
790 1057 832 1092 et
855 1062 997 1106 nuper

104 1114 368 1175 Rupertius:
417 1111 593 1162 evenit,
636 1109 687 1150 in
720 1109 879 1149 orbem
907 1104 998 1159 agi,

103 1176 188 1218 sed
247 1171 502 1215 inconsulto
564 1169 718 1209 adhuc
778 1163 999 1212 consilio,-

100 1245 217 1287 ραι-,ς
240 1230 454 1284 agitans,
480 1228 604 1281 quod
623 1232 709 1266 etc.
766 1219 998 1270 Heinsius:

105 1296 155 1332 ut
180 1286 372 1331 turbidis
393 1285 530 1326 rebus
549 1280 721 1338 (supple
730 1277 847 1334 fieri
864 1278 997 1332 solet)

106 1345 258 1390 eventi
278 1343 328 1384 in
348 1348 476 1384 certa
507 1339 592 1395 (vel
615 1337 802 1391 incerto)
832 1336 999 1388 magis,

103 1410 151 1447 et
190 1401 317 1445 nullo
357 1399 512 1440 adhuc
549 1396 735 1438 consilio
774 1392 864 1449 (vel
904 1406 1000 1433 non

106 1462 203 1503 ullo
246 1473 293 1500 a.
339 1458 395 1510 c.)
436 1460 599 1508 raptat
640 1453 802 1505 signa,
858 1464 1001 1504 quam

108 1518 230 1573 quod
259 1521 346 1558 etc.
405 1511 526 1555 Hinc
554 1508 815 1560 Broterius,
845 1507 996 1550 Ober-

111 1575 228 1618 linus
249 1587 348 1631 sqq.
370 1570 522 1614 locum
549 1566 786 1610 ediderunt
815 1564 904 1608 sie:
945 1571 998 1605 ut

108 1630 299 1676 turbidis
321 1629 461 1671 rebus
485 1627 632 1668 evenit
647 1657 659 1675 ,
683 1623 820 1679 forte
844 1621 1000 1675 magis

109 1697 154 1732 et
198 1688 328 1730 nullo
378 1686 534 1728 adhuc
584 1682 800 1729 consilio,
857 1694 1000 1736 quam

108 1747 232 1805 quod
266 1753 352 1788 etc.
422 1741 493 1784 De
525 1738 837 1783 emendatione
867 1735 1002 1791 forte

106 1806 195 1849 iam
231 1815 365 1860 supra
395 1805 552 1844 contra
576 1794 821 1839 Piehenam
847 1794 1001 1850 dispu—

109 1861 324 1906 tavimus:
363 1871 477 1914 quae
509 1853 545 1897 si
568 1853 717 1910 inepta
747 1858 812 1894 est
835 1850 1003 1894 ethim:

112 1914 395 1975 expellenda,
458 1911 643 1955 minime
700 1908 835 1952 etiam
886 1916 1001 1950 stare

112 1980 298 2034 possunt
318 1971 483 2016 verba:
510 1975 556 2010 et
576 1968 707 2009 nullo
727 1967 878 2010 adbuc
897 1977 1001 2006 con·

109 2034 231 2084 silut».
280 2029 337 2071 Et
365 2024 541 2070 maximi
568 2039 671 2067 sane
698 2023 912 2065 momenti
937 2027 1000 2063 est

109 2101 353 2135 consensus
385 2082 666 2141 optimorum
698 2079 920 2122 librorum
954 2077 1002 2118 in

109 2146 377 2202 scripturam
398 2141 647 2182 nonnulloz
667 2187 670 2190 Α
691 2152 888 2192 quorum
917 2150 1000 2177 au-

109 2201 301 2248 ctoritati
323 2200 384 2243 im
418 2214 468 2241 ar
491 2203 556 2240 est
577 2195 679 2239 MS.
698 2194 814 2238 Bud.
877 2191 1004 2248 Quid

108 2259 283 2304 multa?
407 2254 508 2298 imis
553 2253 710 2297 sedulo
751 2250 839 2295 viri
882 2249 1004 2294 docti

107 2333 220 2377 quae
246 2313 491 2358 Beroaldus
514 2311 701 2355 'dederat
733 2308 840 2352 hinc
873 2321 1002 2365 expu-

112 2377 277 2421 lerunt.
338 2371 538 2414 Restituo
560 2384 677 2414 ,eum
712 2367 769 2410 ob
805 2374 1003 2408 veterum

113 2433 333 2476 librorum
354 2426 667 2472 auctoritatem
700 2432 795 2467 tum
833 2425 890 2466 ol)
929 2423 1001 2464 in-

112 2499 285 2534 ternam
311 2486 460 2529 fidem.
519 2484 553 2537 71
559 2484 710 2527 'imore
731 2482 885 2535 magis
907 2479 949 2522 h.
966 2495 1004 2522 e.

107 2548 214 2607 ⁴quia
237 2543 399 2588 exitum
432 2540 577 2585 adhuc
608 2540 834 2583 incertum
871 2538 1004 2581 time·

112 2611 234 2655 rent,
280 2608 326 2643 et
358 2600 590 2642 nonnullo
623 2599 778 2639 adhuc
810 2595 1006 2638 consilio

111 2663 154 2706 h.
177 2677 215 2704 e.
250 2667 291 2702 et
322 2658 423 2715 quia
455 2656 588 2698 furor
621 2653 852 2697 seditionis
884 2668 1005 2694 non-

113 2720 219 2763 dum
244 2731 376 2759 omne
396 2713 636 2757 consilium
668 2711 918 2760 ademerat,
960 2716 1006 2751 ut

112 2775 261 2835 potius
284 2771 458 2830 providi
483 2769 629 2814 adhuc
651 2768 918 2818 dubitarent,
951 2789 1006 2798 —

113 2834 241 2892 plane
260 2839 310 2874 ut
331 2827 522 2873 turbidis
545 2827 679 2869 rebus
700 2826 859 2869 evenit.
902 2826 1006 2867 Per·

114 2892 256 2934 tinent
281 2903 384 2931 vero
406 2885 514 2928 haec
539 2899 631 2926 non
660 2883 713 2926 ad
752 2883 880 2925 verba
910 2897 1004 2937 ρα-

111 2954 188 2991 rat
211 2948 364 3000 signa,
394 2942 518 3000 quasi
538 2942 699 2986 timore
721 2949 763 2984 et
784 2939 1006 2982 nonnullo

113 3003 259 3049 adhuc
307 2999 497 3046 consilio
551 2998 808 3057 paraverint
859 2995 1006 3053 signa:

115 3061 190 3105 sed
212 3061 267 3103 ad
291 3073 456 3107 vocem
479 3071 573 3098 non
599 3062 899 3109 aspernata,
928 3069 1005 3097 cu-

115 3120 181 3162 ius
211 3118 325 3161 ratio
359 3114 563 3158 redditur
594 3128 675 3171 per
704 3111 924 3157 ablativos
960 3110 1011 3153 il·

117 3166 196 3220 los.
265 3171 550 3216 Vocabulum
592 3169 746 3222 magis
779 3167 853 3212 hic,
882 3167 1010 3226 poni·

115 3243 187 3276 tur
221 3241 268 3276 ut
299 3229 430 3289 apud·
447 3227 629 3270 Terent.
666 3225 858 3283 Adelph.
893 3225 935 3273 4,
968 3225 1009 3275 3,

117 3292 170 3334 14
190 3305 255 3346 sq.
288 3299 472 3333 omnes,
505 3285 666 3340 quibus
687 3291 799 3326 sunt
822 3295 901 3325 res
926 3285 1008 3324 mi-

91 3361 198 3390 mus
228 3346 488 3391 secundae,
531 3343 681 3393 magis
717 3347 829 3383 sune
857 3342 1009 3382 nescio

114 3407 345 3461 ‹Juomodo
375 3399 639 3454 suspiciost:
686 3398 736 3439 in
764 3405 1007 3440 conmme-

114 3463 228 3504 liam
252 3458 417 3503 omnia
441 3456 674 3511 accipiunt
703 3455 873 3509 magis.
937 3455 1008 3498 Nil

116 3518 246 3575 igitur
294 3531 406 3575 opus
458 3522 522 3556 est
570 3512 791 3570 particula
850 3528 1008 3566 quam,

116 3590 244 3631 quam
269 3572 418 3616 invitis
443 3570 566 3615 libris
592 3568 853 3614 inf-arcium.

1091 1080 1094 1085 ,
1126 1049 1193 1089 ad
1223 1049 1391 1090 electos
1419 1046 1498 1089 Ill.
1533 1063 1615 1091 ex.
1687 1048 1877 1110 Respice
1909 1053 1965 1096 ad

1071 1120 1108 1149 c.
1130 1104 1172 1148 6.
1232 1103 1387 1147 Celsus
1415 1105 1533 1161 apud
1563 1105 1688 1149 illurn
1721 1109 1966 1153 exercitum

1070 1161 1351 1205 militaverat.
1413 1160 1473 1206 cs.
1498 1164 1589 1207 An.
1624 1162 1688 1215 15,
1708 1164 1779 1210 25.

1117 1220 1369 1286 ‘Vipsania
1441 1219 1518 1264 Sic
1549 1220 1649 1266 MS.
1679 1221 1807 1266 Flor.
1844 1224 1963 1278 (test.

1072 1275 1191 1333 Vlet.
1217 1294 1257 1320 c.
1273 1277 1357 1320 Iac.
1375 1275 1594 1333 Gronov.)
1619 1279 1719 1322 edd.
1748 1279 1834 1324 Iac.
1849 1279 1967 1325 Gro-

1070 1349 1180 1434 25³5·
1219 1350 1328 1434 iffi·
1374 1336 1618 1435 Βζῲῖἱῖἶί
1653 1336 1764 1436 iiis'
1804 1334 1965 1440 Gilffif'

1160 1423 1171 1435 .
1316 1423 1328 1435 .
1466 1422 1479 1435 .
1605 1425 1614 1435 .
1726 1410 1796 1440 en.
1831 1420 1848 1439 ι
1927 1415 1967 1442 .·

1072 1449 1292 1503 Vipsam'i
1328 1448 1429 1492 edd.
1469 1449 1588 1508 Lips.
1633 1467 1732 1507 sqq.
1778 1454 1830 1497 ad
1878 1431 1970 1499 laos

1072 1505 1279 1551 Gronov.
1351 1507 1563 1557 szosano
1602 1507 1703 1551 MS.
1744 1510 1852 1568 Reg.
1896 1511 1966 1556 ed.

1070 1564 1190 1622 Spir.
1205 1588 1259 1598 --
1280 1563 1380 1607 MS.
1397 1563 1548 1608 Guelf.
1574 1581 1675 1608 mox
1695 1567 1744 1608 in
1759 1571 1967 1621 portl'c133

1071 1631 1114 1672 et
1154 1622 1392 1664 tendentis
1428 1622 1532 1666 MS.
1564 1622 1682 1666 Bud.
1717 1625 1789 1668 ed.
1823 1625 1968 1684 Spir.;

1074 1682 1309 1722 tendentes
1331 1679 1432 1723 MS.
1451 1679 1602 1722 Guelf.
1626 1680 1728 1724 edd.
1748 1682 1846 1725 Pu-t.
1869 1696 1967 1742 sqq.

1074 1737 1181 1780 Non
1235 1736 1433 1779 reticebo
1497 1753 1520 1780 a
1571 1737 1776 1782 Victorio
1837 1743 1970 1790 rerba

1074 1797 1244 1838 electos
1277 1802 1321 1836 et
1352 1797 1602 1837 tendentes
1633 1803 1678 1837 et
1707 1812 1811 1840 mox
1842 1801 1975 1841 electi

1074 1851 1235 1895 eodem
1259 1851 1399 1893 modo
1424 1868 1515 1895 esse
1545 1859 1724 1906 notata,
1763 1854 1855 1912 quo
1887 1856 1970 1914 ipsi

1073 1908 1219 1952 solent
1243 1908 1388 1951 notari
1410 1909 1624 1952 defectus.
1673 1911 1761 1954 Sed
1784 1912 1973 1958 fortasse

1072 1965 1235 2009 lineola
1258 1966 1340 2008 ista
1360 1964 1434 2009 hic
1454 1965 1535 2009 alia
1563 1965 1704 2010 utitur
1727 1957 1922 2016 ratione.

1133 2022 1326 2066 Sereno.
1387 2023 1470 2067 Ed.
1494 2023 1612 2080 Spir.
1637 2025 1837 2070 Ser-ono.
1895 2048 1904 2068 .·

1132 2089 1443 2124 arcesserent.
1521 2082 1598 2126 Sic
1639 2083 1774 2128 MSS.
1820 2084 1970 2129 Oxou.

1077 2137 1187 2191 (Iac.
1214 2136 1386 2188 Gron.,
1434 2140 1509 2196 qui
1539 2147 1605 2182 est
1638 2140 1723 2187 les.
1744 2142 1972 2200 Broterii),

1076 2195 1192 2238 Bud.
1236 2195 1341 2238 edd.
1380 2195 1723 2242 Ernest.‘ssr0t.
1767 2215 1865 2260 sqq.
1916 2225 1973 2238 -ψ-

1075 2254 1358 2295 accersirent
1389 2253 1461 2296 ed.
1491 2253 1609 2311 Spir.
1650 2283 1708 2291 —-
1764 2273 1974 2301 accerse-

1059 2305 1185 2353 'rent
1206 2310 1305 2354 MS.
1333 2309 1609 2355 Guelfsedd.
1636 2312 1739 2356 Put.
1762 2315 1970 2360 Beroald.
2012 2346 2014 2349 s

1077 2374 1139 2414 (e.
1165 2367 1310 2411 silent.
1335 2367 1473 2424 Vict.)
1497 2368 1601 2412 Ale.
1624 2370 1766 2415 Rhen.
1790 2389 1886 2431 sqq.
1921 2375 1975 2417 ad

1076 2425 1253 2468 Erat-st.
1287 2423 1346 2469 ef.
1370 2434 1463 2468 not.
1485 2427 1540 2469 ad
1570 2443 1608 2470 c.
1634 2429 1702 2470 14.
1897 2455 1899 2457 ·

1133 2481 1388 2537 diffidebat.
1459 2483 1535 2528 Sic
1567 2484 1671 2527 libri
1704 2493 1832 2538 vett,
1887 2488 1974 2531 nisi

1077 2539 1201 2598 quod
1238 2539 1340 2582 MS.
1373 2539 1521 2583 Guelf.
1554 2557 1577 2583 a
1613 2557 1678 2597 pr.
1715 2559 1848 2587 manu
1883 2544 1972 2587 Er-

1079 2596 1222 2640 nestio
1247 2596 1479 2640 videbatur
1501 2597 1704 2642 habuisse
1728 2601 1972 2657 diffideba-

1081 2663 1184 2702 tur:
1226 2654 1400 2696 namin
1425 2654 1511 2697 line
1543 2656 1670 2698 Verbi
1705 2666 1767 2700 est
1801 2674 1971 2703 rasura.

1079 2712 1166 2756 Sed
1194 2710 1300 2754 nihil
1329 2712 1522 2770 discerni
1550 2722 1708 2770 potest.
1772 2715 1974 2760 Credibi-

1080 2770 1164 2812 lius
1187 2777 1251 2811 est
1281 2767 1342 2811 ibi
1374 2769 1508 2812 fuisse
1535 2771 1831 2826 diffidebant,
1872 2775 1978 2830 quia

1079 2826 1226 2869 littera
1248 2833 1267 2866 t
1287 2826 1332 2867 in
1355 2842 1507 2868 rasura
1531 2843 1554 2870 a
1576 2844 1668 2871 ree.
1695 2846 1833 2872 manu
1859 2832 1977 2874 scri·-

1080 2892 1153 2941 pta
1174 2892 1252 2926 est.
1315 2882 1426 2925 Nam
1450 2891 1491 2926 et
1514 2882 1559 2927 in
1582 2885 1682 2929 MS.
1710 2887 1788 2932 les.
1812 2889 1976 2946 legitur

1078 2940 1378 2997 diffidebam,
1407 2939 1552 2984 littera
1571 2951 1796 3000 n'puncto
1819 2952 1975 2989 'censo-

1079 2998 1147 3042 rio
1171 3005 1336 3040 notata.
1399 2995 1576 3042 Ernest.
1602 3001 1726 3043 Brot.
1754 3017 1850 3060 sqq.
1875 3010 1977 3046 tan·-

1083 3071 1217 3112 quam
1245 3071 1267 3096 e
1290 3055 1385 3099 MS.
1409 3054 1559 3099 Guetf.
1587 3058 1784 3116 vestigiis
1817 3059 1973 3104 edide-

1082 3121 1189 3155 runt
1233 3110 1548 3168 dffdebatur.
1636 3115 1699 3159 At
1737 3115 1979 3174 diffidebat

1082 3169 1262 3225 respicit
1285 3169 1339 3211 ad
1361 3169 1574 3213 Pisonem
1591 3205 1602 3222 ‚
1637 3188 1661 3214 a
1693 3189 1784 3231 quo
1818 3174 1977 3219 missus

1083 3228 1238 3271 Celsus
1261 3226 1314 3268 ad
1338 3225 1503 3270 eleetos
1525 3227 1650 3287 lllyr.
1676 3230 1922 3280 exercitus,
1954 3250 1976 3275 a

1081 3301 1171 3341 quo
1198 3292 1480 3341 praeceptum
1506 3286 1693 3329 Amulio
1718 3295 1802 3330 etc.
1872 3312 1874 3315 v
1982 3279 1987 3284 ⁶

1141 3340 1334 3384 Cetrius.
1405 3341 1482 3385 Sic
1518 3343 1652 3386 MSS.
1690 3342 1812 3386 Flor.
1861 3345 1978 3398 (t‘est.

1082 3398 1200 3441 Vict.
1228 3414 1267 3441 c.
1298 3398 1379 3442 lac.
1406 3398 1567 3454 Gron.)
1593 3401 1701 3457 ch.
1728 3399 1865 3443 Corb.
1905 3404 1975 3448 eda

1081 3455 1199 3511 Spir.
1273 3456 1463 3499 Cerrius
1502 3454 1631 3501 MSS.
1669 3457 1782 3501 ssud.
1821 3454 1977 3509 Gssuelf.

1082 3513 1283 3612 {dedlqffo
1309 3512 1536 3556 Ernestius
1570 3514 1703 3557 falsus
1737 3517 1818 3571 est)
1853 3516 1977 3561 Harl.

1105 3585 1144 3613 ›0
1197 3602 1209 3613 .
1255 3585 1316 3612 6⁸8.

1333 3630 1383 3686 l)
1430 3634 1468 3687 2

1384 3568 1431 3611 ln
1457 3569 1578 3613 Harl.
1605 3570 1892 3615 emendatum
1916 3583 1979 3617 est
2036 3602 2038 3604 >
