2138 4030
191 234 415 279 A·U·⁸²⁴·
627 235 800 298 Llss.
837 234 913 296 V.
989 230 1184 297 CAP.
1218 233 1319 298 25.
1358 237 1459 295 26.
1838 233 1965 297 523

191 282 241 316 A.
263 281 310 316 C.
359 281 417 315 71.

106 391 210 429 nes
252 371 395 428 orti:
462 386 587 425 non
631 367 1068 443 prorogandam
1108 364 1267 422 ultra
1307 365 1572 423 ruinam:
1645 384 1754 423 nec
1794 385 1965 442 posse

106 458 182 515 ab
234 475 355 514 una
403 454 647 511 natione
696 452 878 508 totius
929 451 1090 506 orbis
1142 449 1449 506 servitium
1497 450 1735 525 depelli.
1819 451 1967 528 quid

78 543 431 619 'profectum
475 539 648 595 caede
694 549 751 594 et
801 536 1093 593 incendiis
1141 534 1481 608 legionum,
1548 535 1668 591 nisi
1713 547 1780 593 ut
1827 537 1967 611 plu-

101 647 196 684 res
253 626 687 699 validioresque
749 622 1078 678 accirentur
1099 620 1126 675 P
1220 620 1270 675 si
1320 618 1682 695 Vespasiano
1740 622 1967 679 bellum

106 711 486 779 navaverint,
570 707 1001 782 Vespasianum
1058 721 1260 762 rerum
1323 705 1534 780 potiri3
1620 706 1715 762 sin
1770 727 1966 783 popu-

105 799 231 854 lum
272 795 618 854 Romanum
671 793 852 852 armis
906 802 1148 859 vocent,
1211 801 1453 867 quotam
1505 802 1734 865 partem
1787 810 1965 866 gene-

104 883 187 938 ris
242 877 492 937 humani
538 877 791 934 Batavos
849 876 1013 932 esse?
1098 874 1454 951 respicerent
1506 873 1728 933 Raetos
1781 875 1963 934 Nori-

104 985 318 1042 cosque
370 978 427 1023 et
483 975 811 1021 ceterorum
868 980 1050 1018 onera
1110 962 1439 1025 sociorum:,
1499 960 1628 1017 sibi..
1667 981 1792 1017 non
1851 962 1964 1020 tri-

101 1053 275 1120 buta,
328 1052 430 1107 sed
473 1048 753 1106 virtutem
797 1058 854 1103 et
894 1047 1056 1102 viros
1099 1046 1305 1106 indici.
1391 1045 1729 1122 proximum
1775 1047 1839 1102 id
1884 1047 1962 1103 li-

100 1135 351 1193 bertati:
433 1147 490 1192 et
517 1180 534 1202 ‚
622 1133 671 1190 si.
739 1132 1125 1189 dominorum
1191 1130 1396 1188 electio
1459 1130 1536 1188 sit
1561 1176 1579 1201 ‚
1645 1126 1964 1189 xhonestius

101 1221 400 1297 principes
455 1218 903 1287 Romanorum,
989 1237 1168 1294 quam
1225 1215 1662 1275 Germanorum
1714 1213 1964 1274 feminas

101 1306 359 1363 tolerari.
424 1301 569 1361 haec
614 1305 845 1377 vulgUS.
917 1300 1225 1358 Proceres:
1278 1302 1569 1360 atrociore
1610 1299 1822 1358 Civilis
1865 1322 1962 1359 ra—

58 1392 196 1448 -hie
257 1402 439 1448 semet
501 1391 566 1445 in
635 1409 825 1446 arma.
857 1398 1076 1444 trusos:
1162 1387 1348 1443 illum.
1393 1386 1732 1445 domesticis
1784 1387 1960 1444 malis

99 1476 392 1533 excidium
464 1476 652 1547 gentis
722 1473 1081 1547 opposuisse.
1190 1483 1333 1528 tunc
1400 1472 1662 1529 infensos
1721 1471 1962 1530 Batavis

96 1564 267 1630 dem,
335 1580 472 1616 cum
526 1558 941 1614 obsiderentur
992 1557 1287 1630 legioneS‚
1352 1557 1823 1614 interficerentur
1874 1558 1963 1614 le-

100 1646 250 1719 gati,
305 1645 532 1701 bellum
577 1643 686 1700 uni
731 1643 1155 1710 necessarium,
1210 1642 1391 1698 ferale
1433 1643 1574 1717 ipsis
1615 1653 1962 1701 sumeretur.

94 1741 336 1786 ventum
376 1730 451 1785 ad
497 1740 780 1797 extrema,
843 1727 909 1782 ni
956 1728 1296 1802 resipiscere
1348 1727 1638 1803 incipiant
1689 1739 1745 1787 et
1795 1728 1961 1786 noxii

95 1814 301 1890 capitis
343 1834 536 1889 poena
571 1813 998 1888 poenitentiam
1039 1814 1354 1873 fateantur.
1613 1853 1616 1856 -
1700 1832 1701 1835 ’

261 1897 487 1959 XXVI.
551 1898 690 1955 Non
754 1897 965 1954 fefellit
1021 1895 1272 1954 Civilem
1336 1918 1404 1955 ea
1463 1894 1814 1968 inclinatio,
1903 1912 1962 1958 et

90 1984 435 2062 praevenire
478 1984 707 2042 statuit:
782 2003 958 2058 super
994 1983 1255 2041 taedium
1298 1983 1595 2042 malorum
1639 1983 1816 2042 etiam
1859 2003 1963 2060 spe

88 2148 238 2218 Guelf.
283 2173 620 2230 Battauosque.
678 2173 740 2216 cf.
790 2181 885 2216 not.
929 2171 982 2215 ad
1059 2186 1100 2214 c.
1148 2170 1216 2213 13.
1272 2182 1442 2210 vocare
1487 2171 1554 2211 ad
1602 2173 1843 2225 exempla.
1901 2195 1961 2208 .-

86 2234 177 2276 An.
203 2231 330 2282 1,28.
1005 2250 1008 2254 >
1058 2226 1206 2284 Vulga
1238 2225 1378 2268 edunt
1410 2235 1687 2279 provocent,
1733 2229 1862 2287 quod
1891 2246 1959 2273 ex..

138 2287 417 2342 profectum.
477 2286 553 2330 Sic
567 2284 705 2328 MSS.
720 2284 845 2328 Flor.
867 2287 984 2336 (test.
1055 2291 1140 2327 stat
1171 2284 1217 2325 in
1242 2283 1342 2325 MS.
1373 2281 1525 2326 Guelf.
1556 2283 1657 2326 edd.
1683 2283 1785 2329 Put.
1815 2302 1913 2345 sqq.

85 2345 226 2400 Viet.)
257 2342 411 2386 Guelf.
436 2342 563 2384 Harl.
586 2341 719 2383 Bodl.
743 2340 827 2384 les.
853 2341 987 2392 Bud„
1111 2341 1314 2394 generis.
1373 2339 1454 2385 Ed.
1490 2340 1697 2385 Beroaid.
1728 2357 1755 2388 e
1792 2345 1957 2388 mendo

84 2402 206 2446 unde
229 2416 409 2444 summo
432 2400 529 2442 iure
552 2397 755 2441 restituo.
786 2396 846 2440 cf.
869 2396 981 2452 Agr.
1055 2405 1234 2455 typogr.
1265 2397 1444 2449 generi.
1506 2396 1736 2444 Victorius
1756 2402 1961 2447 vcorrexit

86 2477 126 2505 c.
153 2458 220 2503 15.
243 2459 361 2501 nihil
377 2455 804 2512 proficipatientia.
865 2454 980 2498 lbid.
1055 2470 1078 2496 e
1113 2455 1215 2498 eod.
1248 2453 1375 2496 Flor.
1434 2453 1601 2499 Eadem
1634 2457 1704 2502 ed.
1744 2457 1955 2504 Beroald.

83 2517 397 2571 c.19.pffarum
413 2514 579 2570 profici
592 2513 757 2554 armis.
793 2511 981 2555 Caes.ss.
1054 2527 1159 2554 cum
1196 2509 1297 2555 Alc.
1332 2519 1434 2554 ante
1468 2519 1738 2557 ceterorum
1787 2516 1958 2561 omittit

84 2573 142 2618 G.
166 2574 208 2624 4,
231 2573 298 2617 19.
319 2573 436 2621 satis
464 2578 511 2612 et
541 2572 607 2612 ad
630 2572 824 2611 laudem
850 2577 895 2610 et
917 2573 982 2611 od
1054 2577 1098 2610 et
1124 2570 1246 2623 (cum
1271 2568 1447 2613 silentio
1471 2568 1699 2627 Victorii).

81 2633 334 2675 utilitatem
349 2627 611 2684 profectum
634 2628 912 2671 arbitratus.
926 2651 977 2660 -—
1111 2628 1328 2668 virtutem
1353 2632 1398 2667 et
1422 2627 1565 2673 viros.
1611 2626 1696 2677 *Sic
1712 2624 1814 2677 MS.
1830 2630 1866 2674 F
1869 2629 1955 2678 lor,

74 2688 339 2745 perfectum
371 2686 474 2729 edd.
508 2685 613 2727 Put.
637 2699 739 2742 sqq.
769 2684 824 2727 ad
859 2683 980 2727 hunc
1054 2686 1171 2735 (test.
1195 2682 1342 2738 Pieh.)
1369 2690 1412 2725 et
1435 2683 1827 2746 suadenteLipsio
1845 2689 1952 2738 edd.

79 2747 213 2789 diem.
286 2745 346 2787 At
381 2743 644 2798 perfectum
686 2741 801 2783 haud
844 2740 978 2783 dubie
1054 2740 1374 2797 Pieh.sserneg
1407 2770 1419 2784 .
1440 2756 1542 2798 sqq.
1573 2765 1633 2780 ,-
1689 2748 1883 2792 virtutes
1904 2755 1955 2792 et

76 2801 243 2861 aliquid
278 2810 396 2844 erat:
441 2799 672 2858 quaeritur
700 2807 878 2847 tamen,
900 2823 903 2826 ·
923 2814 979 2841 an
1053 2798 1179 2839 viros
1210 2797 1349 2840 MSS.
1393 2797 1524 2843 Nuelf.
1546 2798 1672 2844 Harl.
1694 2801 1841 2854 Bodl.
1863 2805 1950 2849 les.

76 2859 133 2903 sit
151 2859 433 2915 profectum.
1052 2854 1311 2898 Bam-edd.
1350 2854 1452 2903 Put.
1483 2855 1696 2903 Beroald.
1733 2859 1857 2915 (eum
1893 2860 1950 2905 si.

128 2918 308 2973 pzures.
377 2914 480 2959 MS.
514 2913 637 2958 Flor.
680 2914 799 2967 (test.
839 2912 976 2966 vict.)
1053 2910 1159 2955 lent.
1214 2910 1362 2968 vict.)
1412 2929 1512 2972 sqq.
1577 2916 1634 2959 ad
1685 2912 1949 2965 Pichma'm.

76 2974 191 3018 Bud.
218 2973 334 3028 (test.
357 2972 541 3024 Oberl.)
559 2971 716 3027 fures.
1050 2968 1289 3013 Rhenanus
1324 2971 1530 3016 volebat:
1572 2973 1867 3022 iuventutem
1902 2985 1949 3019 et

132 3032 430 3076 navaverint.
517 3029 618 3072 MS.
659 3028 792 3072 Bodl.
835 3043 859 3072 a
898 3044 970 3071 se·
1046 3029 1190 3070 viros.
1260 3025 1491 3073 Heinsius:
1532 3031 1762 3077 virtutem
1797 3041 1847 3076 uc
1879 3036 1947 3076 ω·-

75 3086 222 3132 cunda
249 3102 386 3131 manu
409 3094 718 3129 navaverunt.
867 3102 870 3105 ·
1043 3085 1126 3128 ris.
1586 3099 1590 3102 ·

132 3144 283 3188 armis
315 3152 491 3188 vocent.
564 3143 640 3186 Sic
671 3141 807 3186 MSS.
842 3141 970 3185 Flor.
1097 3144 1213 3184 hoec
1253 3145 1432 3199 vulgus.
1519 3145 1619 3190 MS.
1662 3144 1812 3192 Guelf.
1850 3150 1944 3195 hoc

75 3202 197 3256 (test.
218 3200 358 3257 vict.)
393 3212 436 3246 et
462 3202 577 3244 Bud.
636 3200 793 3244 Recte.
854 3199 969 3243 Nam
1042 3201 1222 3252 vulgus.

73 3260 219 3302 armis
242 3269 407 3302 vocent
429 3268 493 3303 est
515 3274 597 3317 pro
628 3262 694 3300 ad
720 3271 863 3299 arma
896 3271 969 3299 vo·
1094 3271 1337 3309 proceres.-
1378 3261 1613 3305 atrociore
1646 3269 1732 3304 etc.
1794 3261 1942 3306 Ober-

72 3323 196 3364 cent,
226 3324 269 3359 et
292 3316 466 3376 saepius
482 3317 644 3360 Noster
667 3314 866 3359 dativum
889 3329 967 3371 po·
1036 3312 1156 3356 linus
1179 3314 1395 3358 malebat:
1423 3315 1649 3360 Prone-res
1671 3322 1936 3363 atrociora:

71 3374 138 3417 nit
160 3389 243 3431 pro
269 3378 332 3416 ad
355 3390 396 3417 c.
420 3390 571 3418 accus.
605 3373 662 3416 cs.
690 3379 782 3414 not.
807 3371 861 3413 ad
877 3373 968 3416 An.
1041 3371 1196 3414 Civilts
1219 3374 1346 3414 rabie
1369 3380 1457 3418 etc.
1514 3375 1695 3417 Frustra

75 3434 112 3480 1,
139 3433 208 3474 19.
242 3430 324 3477 suh
358 3447 431 3476 vv.
469 3432 654 3486 iamque
684 3430 865 3483 pectori
891 3443 966 3470 us·
1092 3428 1144 3469 ‚in
1176 3442 1318 3471 arma
1349 3438 1520 3475 trusos.
1584 3431 1634 3474 ln
1661 3431 1773 3476 haec
1799 3435 1934 3478 verba

71 3501 175 3542 que.
223 3487 450 3532 De’verbo
473 3503 637 3531 vocare
660 3486 824 3530 cf.An.
840 3487 880 3537 6,
892 3486 963 3530 34.
1036 3483 1202 3528 desinit
1228 3486 1329 3530 MS.
1353 3488 1438 3530 les.

70 3557 236 3588 vocare
252 3548 318 3587 ad
331 3561 555 3601 pugnam.
616 3545 730 3588 Dial.
753 3543 807 3586 de
830 3542 956 3586 Orat.
1090 3544 1378 3595 resipiscere.
1413 3545 1514 3587 MS.
1533 3543 1660 3587 Bodl.
1684 3547 1927 3599 respicere.
1954 3584 1958 3587 .
