<?xml version="1.0" encoding="UTF-8"?>
<!DOCTYPE html PUBLIC "-//W3C//DTD XHTML 1.0 Transitional//EN"
    "http://www.w3.org/TR/xhtml1/DTD/xhtml1-transitional.dtd">
<html xmlns="http://www.w3.org/1999/xhtml" xml:lang="en" lang="en">
 <head>
  <title>
</title>
<meta http-equiv="Content-Type" content="text/html;charset=utf-8" />
  <meta name='ocr-system' content='tesseract 3.04.00' />
  <meta name='ocr-capabilities' content='ocr_page ocr_carea ocr_par ocr_line ocrx_word'/>
</head>
<body>
  <div class='ocr_page' id='page_1' title='image "./operarecensuitet03taciuoft/operarecensuitet03taciuoft_0293.png"; bbox 0 0 2138 4030; ppageno 0'>
   <div class='ocr_carea' id='block_1_1' title="bbox 0 1783 962 1850">
    <p class='ocr_par' dir='ltr' id='par_1_1' title="bbox 0 1783 962 1850">
     <span class='ocr_line' id='line_1_1' title="bbox 0 1783 962 1850; baseline 0.001 -26"><span class='ocrx_word' id='word_1_1' title='bbox 0 1783 19 1791; x_wconf 32' lang='grc' dir='ltr'>χ</span> <span class='ocrx_word' id='word_1_2' title='bbox 80 1797 300 1839; x_wconf 82' lang='lat' dir='ltr'><strong><em>quemque</em></strong></span> <span class='ocrx_word' id='word_1_3' title='bbox 314 1783 423 1839; x_wconf 82' lang='lat' dir='ltr'><strong>sors</strong></span> <span class='ocrx_word' id='word_1_4' title='bbox 451 1786 646 1843; x_wconf 65' lang='lat' dir='ltr'><strong>tulerat,</strong></span> <span class='ocrx_word' id='word_1_5' title='bbox 685 1784 863 1850; x_wconf 77' lang='lat' dir='ltr'><strong>punctis</strong></span> <span class='ocrx_word' id='word_1_6' title='bbox 887 1800 962 1825; x_wconf 85' lang='lat' dir='ltr'><strong>vo-</strong></span> 
     </span>
    </p>
   </div>
   <div class='ocr_carea' id='block_1_2' title="bbox 162 254 402 337">
    <p class='ocr_par' dir='ltr' id='par_1_2' title="bbox 162 254 402 337">
     <span class='ocr_line' id='line_1_2' title="bbox 162 254 402 301; baseline -0.013 -7"><span class='ocrx_word' id='word_1_7' title='bbox 162 259 211 294; x_wconf 80' lang='lat' dir='ltr'><strong>A.</strong></span> <span class='ocrx_word' id='word_1_8' title='bbox 227 254 279 297; x_wconf 76' lang='lat' dir='ltr'><strong>U.</strong></span> <span class='ocrx_word' id='word_1_9' title='bbox 296 256 402 301; x_wconf 70' lang='lat'>⁸23·&#39;</span> 
     </span>
     <span class='ocr_line' id='line_1_3' title="bbox 162 299 398 337; baseline -0.004 -1"><span class='ocrx_word' id='word_1_10' title='bbox 162 303 213 337; x_wconf 81' lang='lat' dir='ltr'><strong>A.</strong></span> <span class='ocrx_word' id='word_1_11' title='bbox 230 299 277 337; x_wconf 88' lang='lat' dir='ltr'><strong>C.</strong></span> <span class='ocrx_word' id='word_1_12' title='bbox 320 301 398 335; x_wconf 26' lang='lat'><strong>70..</strong></span> 
     </span>
    </p>
   </div>
   <div class='ocr_carea' id='block_1_3' title="bbox 574 252 1922 323">
    <p class='ocr_par' dir='ltr' id='par_1_3' title="bbox 574 252 1922 323">
     <span class='ocr_line' id='line_1_4' title="bbox 574 252 1922 323; baseline -0.001 -6"><span class='ocrx_word' id='word_1_13' title='bbox 574 252 748 320; x_wconf 81' lang='lat' dir='ltr'><strong>LIB.</strong></span> <span class='ocrx_word' id='word_1_14' title='bbox 791 259 897 320; x_wconf 87' lang='grc' dir='ltr'><strong>ΙΙΙ.</strong></span> <span class='ocrx_word' id='word_1_15' title='bbox 955 254 1151 320; x_wconf 75' lang='grc' dir='ltr'><strong>ΟΑῬ.</strong></span> <span class='ocrx_word' id='word_1_16' title='bbox 1185 260 1287 323; x_wconf 63' lang='lat'><strong>21.</strong></span> <span class='ocrx_word' id='word_1_17' title='bbox 1326 260 1424 319; x_wconf 71' lang='lat'><strong>22.</strong></span> <span class='ocrx_word' id='word_1_18' title='bbox 1793 257 1922 317; x_wconf 68' lang='lat'><strong>283</strong></span> 
     </span>
    </p>
   </div>
   <div class='ocr_carea' id='block_1_4' title="bbox 14 383 1941 1568">
    <p class='ocr_par' dir='ltr' id='par_1_4' title="bbox 14 383 1938 875">
     <span class='ocr_line' id='line_1_5' title="bbox 14 383 1932 466; baseline -0.003 -18"><span class='ocrx_word' id='word_1_19' title='bbox 14 383 32 388; x_wconf 63' lang='grc'><strong><em>’</em></strong></span> <span class='ocrx_word' id='word_1_20' title='bbox 75 403 254 466; x_wconf 82' lang='lat' dir='ltr'><strong>septa.</strong></span> <span class='ocrx_word' id='word_1_21' title='bbox 335 385 433 445; x_wconf 87' lang='lat' dir='ltr'><strong>hic</strong></span> <span class='ocrx_word' id='word_1_22' title='bbox 469 389 814 465; x_wconf 74' lang='lat' dir='ltr'><strong>aquilarumv</strong></span> <span class='ocrx_word' id='word_1_23' title='bbox 837 388 1254 463; x_wconf 77' lang='lat' dir='ltr'><strong>signorumque</strong></span> <span class='ocrx_word' id='word_1_24' title='bbox 1280 388 1457 442; x_wconf 85' lang='lat' dir='ltr'><strong>ordo:</strong></span> <span class='ocrx_word' id='word_1_25' title='bbox 1506 387 1724 443; x_wconf 84' lang='lat' dir='ltr'><strong>milites</strong></span> <span class='ocrx_word' id='word_1_26' title='bbox 1747 387 1932 455; x_wconf 39' lang='lat' dir='ltr'><strong>mixti!</strong></span> 
     </span>
     <span class='ocr_line' id='line_1_6' title="bbox 74 471 1938 551; baseline -0.002 -19"><span class='ocrx_word' id='word_1_27' title='bbox 74 495 180 551; x_wconf 89' lang='lat' dir='ltr'><strong>per</strong></span> <span class='ocrx_word' id='word_1_28' title='bbox 217 476 542 543; x_wconf 77' lang='lat' dir='ltr'><strong>tenebra5‚·</strong></span> <span class='ocrx_word' id='word_1_29' title='bbox 572 485 639 531; x_wconf 86' lang='lat' dir='ltr'><strong>ut</strong></span> <span class='ocrx_word' id='word_1_30' title='bbox 673 474 796 529; x_wconf 85' lang='lat' dir='ltr'><strong>fors</strong></span> <span class='ocrx_word' id='word_1_31' title='bbox 833 474 1064 530; x_wconf 84' lang='lat' dir='ltr'><strong>tulerat.</strong></span> <span class='ocrx_word' id='word_1_32' title='bbox 1148 471 1589 547; x_wconf 84' lang='lat' dir='ltr'><strong>praetorianum</strong></span> <span class='ocrx_word' id='word_1_33' title='bbox 1635 473 1938 528; x_wconf 43' lang='lat' dir='ltr'><strong>vexillum-x</strong></span> 
     </span>
     <span class='ocr_line' id='line_1_7' title="bbox 75 554 1932 635; baseline -0.002 -19"><span class='ocrx_word' id='word_1_34' title='bbox 75 560 409 635; x_wconf 83' lang='lat' dir='ltr'><strong>proximum</strong></span> <span class='ocrx_word' id='word_1_35' title='bbox 453 558 752 626; x_wconf 79' lang='lat' dir='ltr'><strong>tertianiS‚</strong></span> <span class='ocrx_word' id='word_1_36' title='bbox 818 554 1087 614; x_wconf 84' lang='lat' dir='ltr'><strong>cohortes</strong></span> <span class='ocrx_word' id='word_1_37' title='bbox 1129 556 1484 613; x_wconf 77' lang='lat' dir='ltr'><strong>auxiliorum</strong></span> <span class='ocrx_word' id='word_1_38' title='bbox 1522 555 1587 610; x_wconf 88' lang='lat' dir='ltr'><strong>in</strong></span> <span class='ocrx_word' id='word_1_39' title='bbox 1623 558 1932 633; x_wconf 72' lang='lat' dir='ltr'><strong>cornibUS‚—</strong></span> 
     </span>
     <span class='ocr_line' id='line_1_8' title="bbox 74 638 1923 719; baseline -0.002 -19"><span class='ocrx_word' id='word_1_40' title='bbox 74 646 257 702; x_wconf 84' lang='lat' dir='ltr'><strong>latera</strong></span> <span class='ocrx_word' id='word_1_41' title='bbox 299 665 366 701; x_wconf 84' lang='lat' dir='ltr'><strong>ac</strong></span> <span class='ocrx_word' id='word_1_42' title='bbox 403 656 561 716; x_wconf 84' lang='lat' dir='ltr'><strong>terga</strong></span> <span class='ocrx_word' id='word_1_43' title='bbox 603 643 798 719; x_wconf 88' lang='lat' dir='ltr'><strong>equite</strong></span> <span class='ocrx_word' id='word_1_44' title='bbox 840 643 1225 699; x_wconf 84' lang='lat' dir='ltr'><strong>circumdata:</strong></span> <span class='ocrx_word' id='word_1_45' title='bbox 1291 640 1436 697; x_wconf 89' lang='lat' dir='ltr'><strong>Sido</strong></span> <span class='ocrx_word' id='word_1_46' title='bbox 1474 651 1648 716; x_wconf 85' lang='lat' dir='ltr'><strong>atque</strong></span> <span class='ocrx_word' id='word_1_47' title='bbox 1685 638 1923 699; x_wconf 77' lang='lat' dir='ltr'><strong>Italicus</strong></span> 
     </span>
     <span class='ocr_line' id='line_1_9' title="bbox 75 726 1922 802; baseline -0.003 -15"><span class='ocrx_word' id='word_1_48' title='bbox 75 729 257 788; x_wconf 85' lang='lat' dir='ltr'><strong>Suevi</strong></span> <span class='ocrx_word' id='word_1_49' title='bbox 281 749 413 786; x_wconf 89' lang='lat' dir='ltr'><strong>cum</strong></span> <span class='ocrx_word' id='word_1_50' title='bbox 435 728 676 785; x_wconf 87' lang='lat' dir='ltr'><strong>delectis</strong></span> <span class='ocrx_word' id='word_1_51' title='bbox 699 727 1078 802; x_wconf 84' lang='lat' dir='ltr'><strong>popularium</strong></span> <span class='ocrx_word' id='word_1_52' title='bbox 1100 726 1351 802; x_wconf 86' lang='lat' dir='ltr'><strong>primori</strong></span> <span class='ocrx_word' id='word_1_53' title='bbox 1372 726 1436 781; x_wconf 89' lang='lat' dir='ltr'><strong>in</strong></span> <span class='ocrx_word' id='word_1_54' title='bbox 1461 726 1583 780; x_wconf 84' lang='lat' dir='ltr'><strong>acie</strong></span> <span class='ocrx_word' id='word_1_55' title='bbox 1603 727 1922 782; x_wconf 83' lang='lat' dir='ltr'><strong>versaban-</strong></span> 
     </span>
     <span class='ocr_line' id='line_1_10' title="bbox 77 826 1175 875; baseline 0.002 -4"><span class='ocrx_word' id='word_1_56' title='bbox 77 826 193 875; x_wconf 77' lang='lat' dir='ltr'><strong>tur.</strong></span> <span class='ocrx_word' id='word_1_57' title='bbox 1171 843 1175 847; x_wconf 66' lang='grc'><em>’</em></span> 
     </span>
    </p>

    <p class='ocr_par' dir='ltr' id='par_1_5' title="bbox 72 893 1941 1568">
     <span class='ocr_line' id='line_1_11' title="bbox 243 893 1923 969; baseline -0.001 -15"><span class='ocrx_word' id='word_1_58' title='bbox 243 895 441 957; x_wconf 88' lang='lat' dir='ltr'><strong>XXII.</strong></span> <span class='ocrx_word' id='word_1_59' title='bbox 513 893 594 955; x_wconf 89' lang='lat' dir='ltr'><strong>At</strong></span> <span class='ocrx_word' id='word_1_60' title='bbox 627 895 985 953; x_wconf 84' lang='lat' dir='ltr'><strong>Vitellianus</strong></span> <span class='ocrx_word' id='word_1_61' title='bbox 1037 895 1350 964; x_wconf 52' lang='lat' dir='ltr'><strong>exenium,</strong></span> <span class='ocrx_word' id='word_1_62' title='bbox 1418 894 1514 951; x_wconf 88' lang='lat' dir='ltr'><strong>cui</strong></span> <span class='ocrx_word' id='word_1_63' title='bbox 1561 894 1923 969; x_wconf 76' lang='lat' dir='ltr'><strong>acquiescere</strong></span> 
     </span>
     <span class='ocr_line' id='line_1_12' title="bbox 72 979 1926 1057; baseline -0.002 -17"><span class='ocrx_word' id='word_1_64' title='bbox 72 981 400 1040; x_wconf 80' lang='lat' dir='ltr'><strong>Cremonae</strong></span> <span class='ocrx_word' id='word_1_65' title='bbox 448 994 505 1038; x_wconf 89' lang='lat' dir='ltr'><strong>et</strong></span> <span class='ocrx_word' id='word_1_66' title='bbox 554 981 889 1057; x_wconf 80' lang='lat' dir='ltr'><strong>reciperatis</strong></span> <span class='ocrx_word' id='word_1_67' title='bbox 936 982 1067 1038; x_wconf 86' lang='lat' dir='ltr'><strong>cibo</strong></span> <span class='ocrx_word' id='word_1_68' title='bbox 1115 999 1454 1056; x_wconf 85' lang='lat' dir='ltr'><strong>somnoque·</strong></span> <span class='ocrx_word' id='word_1_69' title='bbox 1497 979 1724 1035; x_wconf 84' lang='lat' dir='ltr'><strong>viribus</strong></span> <span class='ocrx_word' id='word_1_70' title='bbox 1782 1001 1926 1036; x_wconf 88' lang='lat' dir='ltr'><strong>con-</strong></span> 
     </span>
     <span class='ocr_line' id='line_1_13' title="bbox 74 1062 1924 1143; baseline -0.003 -18"><span class='ocrx_word' id='word_1_71' title='bbox 74 1070 290 1125; x_wconf 86' lang='lat' dir='ltr'><strong>fectum</strong></span> <span class='ocrx_word' id='word_1_72' title='bbox 321 1069 518 1141; x_wconf 81' lang='lat' dir='ltr'><strong>algore</strong></span> <span class='ocrx_word' id='word_1_73' title='bbox 552 1079 726 1143; x_wconf 80' lang='lat' dir='ltr'><strong>atque</strong></span> <span class='ocrx_word' id='word_1_74' title='bbox 757 1067 951 1123; x_wconf 82' lang='lat' dir='ltr'><strong>inedia</strong></span> <span class='ocrx_word' id='word_1_75' title='bbox 990 1062 1214 1121; x_wconf 84' lang='lat' dir='ltr'><strong>hostem</strong></span> <span class='ocrx_word' id='word_1_76' title='bbox 1242 1077 1468 1139; x_wconf 85' lang='lat' dir='ltr'><strong>postera</strong></span> <span class='ocrx_word' id='word_1_77' title='bbox 1493 1065 1588 1120; x_wconf 88' lang='lat' dir='ltr'><strong>die</strong></span> <span class='ocrx_word' id='word_1_78' title='bbox 1610 1065 1924 1138; x_wconf 84' lang='lat' dir='ltr'><strong>profligare</strong></span> 
     </span>
     <span class='ocr_line' id='line_1_14' title="bbox 74 1149 1925 1227; baseline -0.003 -18"><span class='ocrx_word' id='word_1_79' title='bbox 74 1173 144 1224; x_wconf 66' lang='lat' dir='ltr'><strong>ac</strong></span> <span class='ocrx_word' id='word_1_80' title='bbox 178 1173 459 1227; x_wconf 77' lang='lat' dir='ltr'><strong>proruere</strong></span> <span class='ocrx_word' id='word_1_81' title='bbox 499 1153 648 1209; x_wconf 86' lang='lat' dir='ltr'><strong>ratio</strong></span> <span class='ocrx_word' id='word_1_82' title='bbox 686 1153 827 1222; x_wconf 82' lang='lat' dir='ltr'><strong>fuit,</strong></span> <span class='ocrx_word' id='word_1_83' title='bbox 883 1151 1119 1224; x_wconf 86' lang='lat' dir='ltr'><strong>indigus</strong></span> <span class='ocrx_word' id='word_1_84' title='bbox 1154 1150 1424 1218; x_wconf 86' lang='lat' dir='ltr'><strong>rectoris,</strong></span> <span class='ocrx_word' id='word_1_85' title='bbox 1480 1149 1652 1225; x_wconf 89' lang='lat' dir='ltr'><strong>inops</strong></span> <span class='ocrx_word' id='word_1_86' title='bbox 1687 1150 1925 1206; x_wconf 83' lang='lat' dir='ltr'><strong>consilii</strong></span> 
     </span>
     <span class='ocr_line' id='line_1_15' title="bbox 76 1232 1927 1312; baseline -0.002 -18"><span class='ocrx_word' id='word_1_87' title='bbox 76 1237 247 1294; x_wconf 82' lang='lat' dir='ltr'><strong>tertia</strong></span> <span class='ocrx_word' id='word_1_88' title='bbox 270 1238 454 1293; x_wconf 87' lang='lat' dir='ltr'><strong>ferme</strong></span> <span class='ocrx_word' id='word_1_89' title='bbox 478 1238 667 1294; x_wconf 89' lang='lat' dir='ltr'><strong>noctis</strong></span> <span class='ocrx_word' id='word_1_90' title='bbox 690 1233 833 1293; x_wconf 85' lang='lat' dir='ltr'><strong>hora</strong></span> <span class='ocrx_word' id='word_1_91' title='bbox 860 1237 1079 1312; x_wconf 82' lang='lat' dir='ltr'><strong>paratis</strong></span> <span class='ocrx_word' id='word_1_92' title='bbox 1103 1236 1222 1290; x_wconf 88' lang='lat' dir='ltr'><strong>iam</strong></span> <span class='ocrx_word' id='word_1_93' title='bbox 1249 1234 1664 1311; x_wconf 79' lang='lat' dir='ltr'><strong>dispositisque</strong></span> <span class='ocrx_word' id='word_1_94' title='bbox 1689 1232 1927 1291; x_wconf 81' lang='lat' dir='ltr'><strong>Flavia-</strong></span> 
     </span>
     <span class='ocr_line' id='line_1_16' title="bbox 79 1308 1926 1397; baseline -0.002 -19"><span class='ocrx_word' id='word_1_95' title='bbox 79 1323 172 1378; x_wconf 85' lang='lat' dir='ltr'><strong>nis</strong></span> <span class='ocrx_word' id='word_1_96' title='bbox 205 1322 568 1397; x_wconf 78' lang='lat' dir='ltr'><strong>impingitur.</strong></span> <span class='ocrx_word' id='word_1_97' title='bbox 655 1319 947 1378; x_wconf 82' lang='lat' dir='ltr'><strong>Ordinem</strong></span> <span class='ocrx_word' id='word_1_98' title='bbox 985 1320 1235 1394; x_wconf 76' lang='lat' dir='ltr'><strong>agminis</strong></span> <span class='ocrx_word' id='word_1_99' title='bbox 1276 1320 1500 1375; x_wconf 88' lang='lat' dir='ltr'><strong>disiecti</strong></span> <span class='ocrx_word' id='word_1_100' title='bbox 1530 1308 1637 1394; x_wconf 74' lang='lat' dir='ltr'><strong>per</strong></span> <span class='ocrx_word' id='word_1_101' title='bbox 1671 1320 1820 1375; x_wconf 88' lang='lat' dir='ltr'><strong>iram</strong></span> <span class='ocrx_word' id='word_1_102' title='bbox 1858 1341 1926 1376; x_wconf 84' lang='lat' dir='ltr'><strong>ac</strong></span> 
     </span>
     <span class='ocr_line' id='line_1_17' title="bbox 77 1405 1928 1480; baseline -0.002 -15"><span class='ocrx_word' id='word_1_103' title='bbox 77 1409 348 1465; x_wconf 78' lang='lat' dir='ltr'><strong>tenebras</strong></span> <span class='ocrx_word' id='word_1_104' title='bbox 370 1408 710 1462; x_wconf 76' lang='lat' dir='ltr'><strong>adseverare</strong></span> <span class='ocrx_word' id='word_1_105' title='bbox 733 1428 854 1462; x_wconf 91' lang='lat' dir='ltr'><strong>non</strong></span> <span class='ocrx_word' id='word_1_106' title='bbox 881 1406 1096 1474; x_wconf 83' lang='lat' dir='ltr'><strong>ausim,</strong></span> <span class='ocrx_word' id='word_1_107' title='bbox 1152 1425 1489 1480; x_wconf 75' lang='lat' dir='ltr'><strong>quanquam</strong></span> <span class='ocrx_word' id='word_1_108' title='bbox 1529 1405 1631 1460; x_wconf 79' lang='lat' dir='ltr'><strong>alii</strong></span> <span class='ocrx_word' id='word_1_109' title='bbox 1670 1405 1928 1461; x_wconf 86' lang='lat' dir='ltr'><strong>tradide-</strong></span> 
     </span>
     <span class='ocr_line' id='line_1_18' title="bbox 78 1490 1941 1568; baseline -0.002 -20"><span class='ocrx_word' id='word_1_110' title='bbox 78 1492 201 1549; x_wconf 84' lang='lat' dir='ltr'><strong>rint</strong></span> <span class='ocrx_word' id='word_1_111' title='bbox 235 1503 502 1568; x_wconf 78' lang='lat' dir='ltr'><strong>quartam</strong></span> <span class='ocrx_word' id='word_1_112' title='bbox 525 1490 971 1548; x_wconf 70' lang='lat' dir='ltr'><strong>Macedonicam</strong></span> <span class='ocrx_word' id='word_1_113' title='bbox 995 1493 1199 1547; x_wconf 85' lang='lat' dir='ltr'><strong>dextro</strong></span> <span class='ocrx_word' id='word_1_114' title='bbox 1225 1509 1466 1546; x_wconf 86' lang='lat' dir='ltr'><strong>suorum</strong></span> <span class='ocrx_word' id='word_1_115' title='bbox 1493 1509 1705 1559; x_wconf 86' lang='lat' dir='ltr'><strong>cornu,</strong></span> <span class='ocrx_word' id='word_1_116' title='bbox 1749 1490 1941 1566; x_wconf 66' lang='lat' dir='ltr'><strong>quin-&#39;Z</strong></span> 
     </span>
    </p>
   </div>
   <div class='ocr_carea' id='block_1_5' title="bbox 1041 1707 1963 1896">
    <p class='ocr_par' dir='ltr' id='par_1_6' title="bbox 1041 1707 1963 1896">
     <span class='ocr_line' id='line_1_19' title="bbox 1095 1707 1935 1782; baseline 0.005 -16"><span class='ocrx_word' id='word_1_117' title='bbox 1095 1727 1279 1778; x_wconf 78' lang='lat' dir='ltr'><strong>paratis</strong></span> <span class='ocrx_word' id='word_1_118' title='bbox 1315 1725 1413 1768; x_wconf 83' lang='lat' dir='ltr'><strong>iam</strong></span> <span class='ocrx_word' id='word_1_119' title='bbox 1448 1726 1784 1782; x_wconf 54' lang='lat' dir='ltr'><strong>dispositisque.</strong></span> <span class='ocrx_word' id='word_1_120' title='bbox 1858 1707 1935 1770; x_wconf 78' lang='lat' dir='ltr'><strong>Sic</strong></span> 
     </span>
     <span class='ocr_line' id='line_1_20' title="bbox 1041 1783 1963 1840; baseline 0.001 -14"><span class='ocrx_word' id='word_1_121' title='bbox 1041 1783 1315 1826; x_wconf 84' lang='lat' dir='ltr'><strong>MSS.Flor.</strong></span> <span class='ocrx_word' id='word_1_122' title='bbox 1339 1790 1454 1834; x_wconf 82' lang='lat' dir='ltr'><strong>(test.</strong></span> <span class='ocrx_word' id='word_1_123' title='bbox 1476 1783 1620 1840; x_wconf 84' lang='lat' dir='ltr'><strong>Pieh.)</strong></span> <span class='ocrx_word' id='word_1_124' title='bbox 1643 1783 1932 1828; x_wconf 78' lang='lat' dir='ltr'><strong>Guelf.Ha1·l.</strong></span> <span class='ocrx_word' id='word_1_125' title='bbox 1959 1836 1963 1840; x_wconf 15' lang='grc' dir='ltr'><strong>λ</strong></span> 
     </span>
     <span class='ocr_line' id='line_1_21' title="bbox 1042 1840 1935 1896; baseline -0.001 -14"><span class='ocrx_word' id='word_1_126' title='bbox 1042 1841 1174 1883; x_wconf 85' lang='lat' dir='ltr'><strong>Bodl.</strong></span> <span class='ocrx_word' id='word_1_127' title='bbox 1201 1840 1279 1883; x_wconf 82' lang='lat' dir='ltr'><strong>les.</strong></span> <span class='ocrx_word' id='word_1_128' title='bbox 1304 1840 1410 1883; x_wconf 85' lang='lat' dir='ltr'><strong>edd.</strong></span> <span class='ocrx_word' id='word_1_129' title='bbox 1432 1848 1535 1889; x_wconf 84' lang='lat' dir='ltr'><strong>ante</strong></span> <span class='ocrx_word' id='word_1_130' title='bbox 1560 1840 1702 1883; x_wconf 77' lang='lat' dir='ltr'><strong>Rhen.</strong></span> <span class='ocrx_word' id='word_1_131' title='bbox 1732 1842 1855 1896; x_wconf 84' lang='lat' dir='ltr'><strong>(eum</strong></span> <span class='ocrx_word' id='word_1_132' title='bbox 1876 1841 1935 1883; x_wconf 76' lang='lat' dir='ltr'><strong>si·</strong></span> 
     </span>
    </p>
   </div>
   <div class='ocr_carea' id='block_1_6' title="bbox 141 1724 970 1783">
    <p class='ocr_par' dir='ltr' id='par_1_7' title="bbox 141 1724 970 1783">
     <span class='ocr_line' id='line_1_22' title="bbox 141 1724 970 1783; baseline 0.001 -16"><span class='ocrx_word' id='word_1_133' title='bbox 141 1732 190 1767; x_wconf 77' lang='lat' dir='ltr'><strong>ut</strong></span> <span class='ocrx_word' id='word_1_134' title='bbox 218 1724 333 1781; x_wconf 84' lang='lat' dir='ltr'><strong>sors</strong></span> <span class='ocrx_word' id='word_1_135' title='bbox 372 1728 563 1769; x_wconf 77' lang='lat' dir='ltr'><strong>tulerat.</strong></span> <span class='ocrx_word' id='word_1_136' title='bbox 633 1725 734 1769; x_wconf 84' lang='lat' dir='ltr'><strong>MS.</strong></span> <span class='ocrx_word' id='word_1_137' title='bbox 768 1727 877 1783; x_wconf 74' lang='lat' dir='ltr'><strong>Agr.</strong></span> <span class='ocrx_word' id='word_1_138' title='bbox 919 1734 970 1768; x_wconf 81' lang='lat' dir='ltr'><strong>ut</strong></span> 
     </span>
    </p>
   </div>
   <div class='ocr_carea' id='block_1_7' title="bbox 80 1840 770 1899">
    <p class='ocr_par' dir='ltr' id='par_1_8' title="bbox 80 1840 770 1899">
     <span class='ocr_line' id='line_1_23' title="bbox 80 1840 770 1899; baseline -0.003 -14"><span class='ocrx_word' id='word_1_139' title='bbox 80 1840 244 1885; x_wconf 79' lang='lat' dir='ltr'><strong>cabulo</strong></span> <span class='ocrx_word' id='word_1_140' title='bbox 267 1855 491 1897; x_wconf 81' lang='lat' dir='ltr'><strong>quemque</strong></span> <span class='ocrx_word' id='word_1_141' title='bbox 513 1843 770 1899; x_wconf 74' lang='lat' dir='ltr'><strong>suppositis.</strong></span> 
     </span>
    </p>
   </div>
   <div class='ocr_carea' id='block_1_8' title="bbox 37 1898 993 3606">
    <p class='ocr_par' dir='ltr' id='par_1_9' title="bbox 81 1898 974 2185">
     <span class='ocr_line' id='line_1_24' title="bbox 138 1898 970 1954; baseline 0 -15"><span class='ocrx_word' id='word_1_142' title='bbox 138 1899 506 1950; x_wconf 70' lang='lat' dir='ltr'><strong>praetorianum.</strong></span> <span class='ocrx_word' id='word_1_143' title='bbox 570 1898 768 1954; x_wconf 75' lang='lat' dir='ltr'><strong>intellige</strong></span> <span class='ocrx_word' id='word_1_144' title='bbox 792 1905 970 1954; x_wconf 84' lang='lat' dir='ltr'><strong>praeto-</strong></span> 
     </span>
     <span class='ocr_line' id='line_1_25' title="bbox 83 1954 972 2010; baseline -0.001 -14"><span class='ocrx_word' id='word_1_145' title='bbox 83 1954 234 1997; x_wconf 84' lang='lat' dir='ltr'><strong>rianos</strong></span> <span class='ocrx_word' id='word_1_146' title='bbox 275 1970 298 1997; x_wconf 92' lang='lat' dir='ltr'><strong>a</strong></span> <span class='ocrx_word' id='word_1_147' title='bbox 331 1955 513 1997; x_wconf 83' lang='lat' dir='ltr'><strong>Vitellio</strong></span> <span class='ocrx_word' id='word_1_148' title='bbox 548 1964 853 1998; x_wconf 79' lang='lat' dir='ltr'><strong>exauctoratos</strong></span> <span class='ocrx_word' id='word_1_149' title='bbox 895 1954 972 2010; x_wconf 84' lang='lat' dir='ltr'><strong>(cf.</strong></span> 
     </span>
     <span class='ocr_line' id='line_1_26' title="bbox 84 2010 974 2069; baseline -0.001 -14"><span class='ocrx_word' id='word_1_150' title='bbox 84 2012 271 2056; x_wconf 83' lang='lat' dir='ltr'><strong>Sueton.</strong></span> <span class='ocrx_word' id='word_1_151' title='bbox 301 2010 454 2054; x_wconf 80' lang='lat' dir='ltr'><strong>Vitell.</strong></span> <span class='ocrx_word' id='word_1_152' title='bbox 489 2029 528 2056; x_wconf 90' lang='lat' dir='ltr'><strong>c.</strong></span> <span class='ocrx_word' id='word_1_153' title='bbox 556 2015 637 2067; x_wconf 89' lang='grc'>10.)</span> <span class='ocrx_word' id='word_1_154' title='bbox 671 2022 713 2054; x_wconf 85' lang='lat' dir='ltr'><strong>et</strong></span> <span class='ocrx_word' id='word_1_155' title='bbox 744 2029 768 2054; x_wconf 87' lang='lat' dir='ltr'><strong>a</strong></span> <span class='ocrx_word' id='word_1_156' title='bbox 801 2011 974 2069; x_wconf 86' lang='lat' dir='ltr'><strong>Vespa-</strong></span> 
     </span>
     <span class='ocr_line' id='line_1_27' title="bbox 81 2067 974 2127; baseline 0 -16"><span class='ocrx_word' id='word_1_157' title='bbox 81 2067 206 2111; x_wconf 80' lang='lat' dir='ltr'><strong>siano</strong></span> <span class='ocrx_word' id='word_1_158' title='bbox 230 2068 543 2127; x_wconf 82' lang='lat' dir='ltr'><strong>reciperandae</strong></span> <span class='ocrx_word' id='word_1_159' title='bbox 568 2069 753 2112; x_wconf 84' lang='lat' dir='ltr'><strong>militiae</strong></span> <span class='ocrx_word' id='word_1_160' title='bbox 774 2069 974 2127; x_wconf 86' lang='lat' dir='ltr'><strong>praemio</strong></span> 
     </span>
     <span class='ocr_line' id='line_1_28' title="bbox 85 2125 890 2185; baseline 0.002 -17"><span class='ocrx_word' id='word_1_161' title='bbox 85 2125 296 2170; x_wconf 80' lang='lat' dir='ltr'><strong>invitatos</strong></span> <span class='ocrx_word' id='word_1_162' title='bbox 319 2126 398 2180; x_wconf 87' lang='lat' dir='ltr'><strong>(cf.</strong></span> <span class='ocrx_word' id='word_1_163' title='bbox 422 2143 545 2185; x_wconf 86' lang='lat' dir='ltr'><strong>supr.</strong></span> <span class='ocrx_word' id='word_1_164' title='bbox 565 2128 606 2177; x_wconf 76' lang='lat'><strong>2,</strong></span> <span class='ocrx_word' id='word_1_165' title='bbox 627 2127 699 2169; x_wconf 90' lang='lat'><strong>67.</strong></span> <span class='ocrx_word' id='word_1_166' title='bbox 721 2135 763 2168; x_wconf 85' lang='lat' dir='ltr'><strong>et</strong></span> <span class='ocrx_word' id='word_1_167' title='bbox 785 2127 890 2179; x_wconf 68' lang='lat'><strong>82).</strong></span> 
     </span>
    </p>

    <p class='ocr_par' dir='ltr' id='par_1_10' title="bbox 85 2182 979 2626">
     <span class='ocr_line' id='line_1_29' title="bbox 141 2182 973 2227; baseline 0.001 -2"><span class='ocrx_word' id='word_1_168' title='bbox 141 2185 446 2225; x_wconf 75' lang='lat' dir='ltr'><strong>auxiliorum.</strong></span> <span class='ocrx_word' id='word_1_169' title='bbox 508 2184 560 2226; x_wconf 90' lang='lat' dir='ltr'><strong>In</strong></span> <span class='ocrx_word' id='word_1_170' title='bbox 586 2185 686 2227; x_wconf 89' lang='lat' dir='ltr'><strong>MS.</strong></span> <span class='ocrx_word' id='word_1_171' title='bbox 710 2182 860 2226; x_wconf 84' lang='lat' dir='ltr'><strong>Guelf.</strong></span> <span class='ocrx_word' id='word_1_172' title='bbox 883 2199 973 2226; x_wconf 85' lang='lat' dir='ltr'><strong>sec.</strong></span> 
     </span>
     <span class='ocr_line' id='line_1_30' title="bbox 85 2239 975 2342; baseline -0.004 -60"><span class='ocrx_word' id='word_1_173' title='bbox 85 2256 244 2307; x_wconf 65' lang='lat' dir='ltr'><strong>manus</strong></span> <span class='ocrx_word' id='word_1_174' title='bbox 274 2239 320 2283; x_wconf 85' lang='lat' dir='ltr'><strong>in</strong></span> <span class='ocrx_word' id='word_1_175' title='bbox 343 2256 491 2340; x_wconf 58' lang='lat' dir='ltr'><strong>lpliarg.</strong></span> <span class='ocrx_word' id='word_1_176' title='bbox 512 2241 732 2342; x_wconf 48' lang='lat' dir='ltr'><strong>5¹2³qu</strong></span> <span class='ocrx_word' id='word_1_177' title='bbox 764 2242 975 2340; x_wconf 59' lang='lat' dir='ltr'><strong>auh-afilia-</strong></span> 
     </span>
     <span class='ocr_line' id='line_1_31' title="bbox 86 2311 976 2364; baseline 0.002 -26"><span class='ocrx_word' id='word_1_178' title='bbox 86 2311 285 2364; x_wconf 66' lang='lat' dir='ltr'><strong>marusa.</strong></span> <span class='ocrx_word' id='word_1_179' title='bbox 398 2314 451 2341; x_wconf 83' lang='lat' dir='ltr'><strong>ox</strong></span> <span class='ocrx_word' id='word_1_180' title='bbox 484 2315 507 2341; x_wconf 89' lang='lat' dir='ltr'><strong>e</strong></span> <span class='ocrx_word' id='word_1_181' title='bbox 542 2332 552 2343; x_wconf 90' lang='lat'><strong>.</strong></span> <span class='ocrx_word' id='word_1_182' title='bbox 611 2315 694 2357; x_wconf 74' lang='lat' dir='ltr'><strong>pir.</strong></span> <span class='ocrx_word' id='word_1_183' title='bbox 730 2313 811 2341; x_wconf 83' lang='lat' dir='ltr'><strong>sue</strong></span> <span class='ocrx_word' id='word_1_184' title='bbox 842 2314 855 2339; x_wconf 85' lang='grc' dir='ltr'><em>ι</em></span> <span class='ocrx_word' id='word_1_185' title='bbox 893 2314 976 2356; x_wconf 86' lang='lat' dir='ltr'><strong>pro</strong></span> 
     </span>
     <span class='ocr_line' id='line_1_32' title="bbox 123 2369 240 2396; baseline -0.009 0"><span class='ocrx_word' id='word_1_186' title='bbox 123 2369 240 2396; x_wconf 82' lang='lat' dir='ltr'><strong>uevz.</strong></span> 
     </span>
     <span class='ocr_line' id='line_1_33' title="bbox 86 2353 979 2468; baseline 0 -14"><span class='ocrx_word' id='word_1_187' title='bbox 86 2353 125 2397; x_wconf 81' lang='lat' dir='ltr'><strong>S</strong></span> <span class='ocrx_word' id='word_1_188' title='bbox 145 2410 257 2455; x_wconf 76' lang='lat' dir='ltr'><strong>CAP.</strong></span> <span class='ocrx_word' id='word_1_189' title='bbox 274 2411 345 2454; x_wconf 72' lang='lat'><strong>22.</strong></span> <span class='ocrx_word' id='word_1_190' title='bbox 380 2413 684 2468; x_wconf 76' lang='lat' dir='ltr'><strong>acquiescere.</strong></span> <span class='ocrx_word' id='word_1_191' title='bbox 744 2412 842 2455; x_wconf 89' lang='lat' dir='ltr'><strong>MS.</strong></span> <span class='ocrx_word' id='word_1_192' title='bbox 859 2411 979 2454; x_wconf 87' lang='lat' dir='ltr'><strong>Flor.</strong></span> 
     </span>
     <span class='ocr_line' id='line_1_34' title="bbox 89 2468 978 2526; baseline 0 -16"><span class='ocrx_word' id='word_1_193' title='bbox 89 2470 203 2522; x_wconf 86' lang='lat' dir='ltr'><strong>(test.</strong></span> <span class='ocrx_word' id='word_1_194' title='bbox 224 2468 364 2525; x_wconf 79' lang='lat' dir='ltr'><strong>Vict.)</strong></span> <span class='ocrx_word' id='word_1_195' title='bbox 388 2470 698 2526; x_wconf 76' lang='lat' dir='ltr'><strong>adquiescere.</strong></span> <span class='ocrx_word' id='word_1_196' title='bbox 761 2468 978 2512; x_wconf 82' lang='lat' dir='ltr'><strong>Conslan-</strong></span> 
     </span>
     <span class='ocr_line' id='line_1_35' title="bbox 89 2525 979 2626; baseline 0 -58"><span class='ocrx_word' id='word_1_197' title='bbox 89 2527 336 2626; x_wconf 55' lang='grc' dir='ltr'><strong>ίίἓεδῗιυεε</strong></span> <span class='ocrx_word' id='word_1_198' title='bbox 366 2525 603 2569; x_wconf 76' lang='lat' dir='ltr'><strong>scribimus</strong></span> <span class='ocrx_word' id='word_1_199' title='bbox 634 2541 734 2583; x_wconf 81' lang='lat' dir='ltr'><strong>aeq.</strong></span> <span class='ocrx_word' id='word_1_200' title='bbox 796 2525 858 2569; x_wconf 77' lang='lat' dir='ltr'><strong>ef.</strong></span> <span class='ocrx_word' id='word_1_201' title='bbox 886 2527 979 2573; x_wconf 85' lang='lat' dir='ltr'><strong>An.</strong></span> 
     </span>
    </p>

    <p class='ocr_par' dir='ltr' id='par_1_11' title="bbox 37 2640 982 2867">
     <span class='ocr_line' id='line_1_36' title="bbox 148 2640 980 2694; baseline -0.001 -11"><span class='ocrx_word' id='word_1_202' title='bbox 148 2641 432 2694; x_wconf 80' lang='lat' dir='ltr'><strong>reciperatis.</strong></span> <span class='ocrx_word' id='word_1_203' title='bbox 491 2640 567 2684; x_wconf 90' lang='lat' dir='ltr'><strong>Sic</strong></span> <span class='ocrx_word' id='word_1_204' title='bbox 590 2640 690 2683; x_wconf 88' lang='lat' dir='ltr'><strong>MS.</strong></span> <span class='ocrx_word' id='word_1_205' title='bbox 714 2641 836 2684; x_wconf 89' lang='lat' dir='ltr'><strong>Flor.</strong></span> <span class='ocrx_word' id='word_1_206' title='bbox 874 2649 980 2683; x_wconf 84' lang='lat' dir='ltr'><strong>teste</strong></span> 
     </span>
     <span class='ocr_line' id='line_1_37' title="bbox 94 2696 980 2753; baseline 0 -13"><span class='ocrx_word' id='word_1_207' title='bbox 94 2696 312 2741; x_wconf 73' lang='lat' dir='ltr'><strong>victorio.</strong></span> <span class='ocrx_word' id='word_1_208' title='bbox 324 2726 383 2734; x_wconf 91' lang='lat'><strong>-—</strong></span> <span class='ocrx_word' id='word_1_209' title='bbox 411 2701 698 2753; x_wconf 75' lang='lat' dir='ltr'><strong>recuperatis</strong></span> <span class='ocrx_word' id='word_1_210' title='bbox 712 2697 813 2742; x_wconf 87' lang='lat' dir='ltr'><strong>MS.</strong></span> <span class='ocrx_word' id='word_1_211' title='bbox 827 2697 980 2740; x_wconf 84' lang='lat' dir='ltr'><strong>Guelf.</strong></span> 
     </span>
     <span class='ocr_line' id='line_1_38' title="bbox 87 2754 982 2818; baseline 0.002 -22"><span class='ocrx_word' id='word_1_212' title='bbox 87 2754 194 2818; x_wconf 69' lang='lat' dir='ltr'><strong>edd.</strong></span> <span class='ocrx_word' id='word_1_213' title='bbox 231 2763 339 2799; x_wconf 80' lang='lat' dir='ltr'><strong>vett.</strong></span> <span class='ocrx_word' id='word_1_214' title='bbox 406 2755 519 2798; x_wconf 87' lang='lat' dir='ltr'><strong>Mox</strong></span> <span class='ocrx_word' id='word_1_215' title='bbox 555 2756 626 2799; x_wconf 89' lang='lat' dir='ltr'><strong>ed.</strong></span> <span class='ocrx_word' id='word_1_216' title='bbox 661 2756 780 2815; x_wconf 90' lang='lat' dir='ltr'><strong>Spir.</strong></span> <span class='ocrx_word' id='word_1_217' title='bbox 819 2770 982 2799; x_wconf 84' lang='lat' dir='ltr'><strong>somno</strong></span> 
     </span>
     <span class='ocr_line' id='line_1_39' title="bbox 37 2813 290 2867; baseline 0 -13"><span class='ocrx_word' id='word_1_218' title='bbox 37 2818 48 2830; x_wconf 82' lang='lat'>‘</span> <span class='ocrx_word' id='word_1_219' title='bbox 90 2813 290 2867; x_wconf 76' lang='lat' dir='ltr'><strong>ciboque.</strong></span> 
     </span>
    </p>

    <p class='ocr_par' dir='ltr' id='par_1_12' title="bbox 151 2868 985 2926">
     <span class='ocr_line' id='line_1_40' title="bbox 151 2868 985 2926; baseline 0 -16"><span class='ocrx_word' id='word_1_220' title='bbox 151 2869 275 2910; x_wconf 78' lang='lat' dir='ltr'><strong>ratio</strong></span> <span class='ocrx_word' id='word_1_221' title='bbox 308 2871 423 2925; x_wconf 77' lang='lat' dir='ltr'><strong>fuit.</strong></span> <span class='ocrx_word' id='word_1_222' title='bbox 509 2869 644 2926; x_wconf 85' lang='lat' dir='ltr'><strong>„Qui</strong></span> <span class='ocrx_word' id='word_1_223' title='bbox 688 2876 866 2926; x_wconf 87' lang='lat' dir='ltr'><strong>postera</strong></span> <span class='ocrx_word' id='word_1_224' title='bbox 914 2868 985 2911; x_wconf 89' lang='lat' dir='ltr'><strong>die</strong></span> 
     </span>
    </p>

    <p class='ocr_par' dir='ltr' id='par_1_13' title="bbox 73 2923 987 3206">
     <span class='ocr_line' id='line_1_41' title="bbox 127 2923 985 2985; baseline 0 -17"><span class='ocrx_word' id='word_1_225' title='bbox 127 2923 332 2982; x_wconf 79' lang='lat' dir='ltr'><strong>rossigare</strong></span> <span class='ocrx_word' id='word_1_226' title='bbox 353 2927 526 2970; x_wconf 76' lang='lat' dir='ltr'><strong>hostem</strong></span> <span class='ocrx_word' id='word_1_227' title='bbox 547 2937 590 2971; x_wconf 90' lang='lat' dir='ltr'><strong>et</strong></span> <span class='ocrx_word' id='word_1_228' title='bbox 610 2942 825 2985; x_wconf 79' lang='lat' dir='ltr'><strong>proruere</strong></span> <span class='ocrx_word' id='word_1_229' title='bbox 856 2927 985 2968; x_wconf 88' lang='lat' dir='ltr'><strong>debe·</strong></span> 
     </span>
     <span class='ocr_line' id='line_1_42' title="bbox 95 2942 987 3041; baseline -0.001 -15"><span class='ocrx_word' id='word_1_230' title='bbox 95 2942 196 3035; x_wconf 57' lang='lat' dir='ltr'><strong>flac,</strong></span> <span class='ocrx_word' id='word_1_231' title='bbox 236 2982 272 3026; x_wconf 86' lang='lat' dir='ltr'><strong>si</strong></span> <span class='ocrx_word' id='word_1_232' title='bbox 294 2984 541 3036; x_wconf 78' lang='lat' dir='ltr'><strong>rationem,</strong></span> <span class='ocrx_word' id='word_1_233' title='bbox 581 2982 821 3027; x_wconf 87' lang='lat' dir='ltr'><strong>consilium</strong></span> <span class='ocrx_word' id='word_1_234' title='bbox 847 2984 987 3041; x_wconf 88' lang='lat' dir='ltr'><strong>sequi,</strong></span> 
     </span>
     <span class='ocr_line' id='line_1_43' title="bbox 73 3039 985 3142; baseline 0.001 -60"><span class='ocrx_word' id='word_1_235' title='bbox 73 3039 342 3139; x_wconf 23' lang='lat' dir='ltr'><strong>‘pgusseqter</strong></span> <span class='ocrx_word' id='word_1_236' title='bbox 370 3057 508 3141; x_wconf 45' lang='lat' dir='ltr'><strong>pgeliie</strong></span> <span class='ocrx_word' id='word_1_237' title='bbox 549 3039 734 3142; x_wconf 55' lang='grc' dir='ltr'><strong>νεὲὶεὶὁέ</strong></span> <span class='ocrx_word' id='word_1_238' title='bbox 810 3041 985 3140; x_wconf 50' lang='grc' dir='ltr'><strong>ῌξὲηεεῑ.</strong></span> 
     </span>
     <span class='ocr_line' id='line_1_44' title="bbox 97 3108 986 3150; baseline 0 -9"><span class='ocrx_word' id='word_1_239' title='bbox 97 3111 122 3139; x_wconf 84' lang='lat' dir='ltr'><strong>a</strong></span> <span class='ocrx_word' id='word_1_240' title='bbox 214 3127 228 3139; x_wconf 88' lang='grc'><strong>.</strong></span> <span class='ocrx_word' id='word_1_241' title='bbox 278 3129 289 3141; x_wconf 92' lang='grc'><strong>.</strong></span> <span class='ocrx_word' id='word_1_242' title='bbox 344 3113 409 3141; x_wconf 83' lang='lat' dir='ltr'><strong>c.</strong></span> <span class='ocrx_word' id='word_1_243' title='bbox 491 3108 559 3143; x_wconf 77' lang='lat' dir='ltr'><strong>nst.</strong></span> <span class='ocrx_word' id='word_1_244' title='bbox 623 3131 635 3150; x_wconf 91' lang='lat'><strong>,</strong></span> <span class='ocrx_word' id='word_1_245' title='bbox 727 3110 856 3141; x_wconf 74' lang='grc' dir='ltr'><em>,υιοι</em></span> <span class='ocrx_word' id='word_1_246' title='bbox 909 3112 986 3141; x_wconf 77' lang='lat' dir='ltr'><strong>m·</strong></span> 
     </span>
     <span class='ocr_line' id='line_1_45' title="bbox 98 3155 425 3206; baseline 0.015 -12"><span class='ocrx_word' id='word_1_247' title='bbox 98 3155 162 3195; x_wconf 78' lang='lat' dir='ltr'><strong>tio</strong></span> <span class='ocrx_word' id='word_1_248' title='bbox 187 3155 425 3206; x_wconf 62' lang='lat' dir='ltr'><strong>pamemla&#39;.</strong></span> 
     </span>
    </p>

    <p class='ocr_par' dir='ltr' id='par_1_14' title="bbox 97 3211 993 3606">
     <span class='ocr_line' id='line_1_46' title="bbox 153 3211 985 3265; baseline 0.001 -12"><span class='ocrx_word' id='word_1_249' title='bbox 153 3213 288 3265; x_wconf 76' lang='lat' dir='ltr'><strong>inops</strong></span> <span class='ocrx_word' id='word_1_250' title='bbox 325 3212 514 3256; x_wconf 81' lang='lat' dir='ltr'><strong>consilii.</strong></span> <span class='ocrx_word' id='word_1_251' title='bbox 583 3212 661 3255; x_wconf 91' lang='lat' dir='ltr'><strong>Sic</strong></span> <span class='ocrx_word' id='word_1_252' title='bbox 690 3211 828 3255; x_wconf 80' lang='lat' dir='ltr'><strong>MSS.</strong></span> <span class='ocrx_word' id='word_1_253' title='bbox 859 3212 898 3256; x_wconf 80' lang='lat' dir='ltr'>F</span> <span class='ocrx_word' id='word_1_254' title='bbox 899 3213 985 3255; x_wconf 90' lang='lat' dir='ltr'><strong>lor.</strong></span> 
     </span>
     <span class='ocr_line' id='line_1_47' title="bbox 102 3268 985 3326; baseline 0.001 -17"><span class='ocrx_word' id='word_1_255' title='bbox 102 3273 221 3315; x_wconf 75' lang='lat' dir='ltr'><strong>(test.</strong></span> <span class='ocrx_word' id='word_1_256' title='bbox 242 3268 360 3313; x_wconf 86' lang='lat' dir='ltr'><strong>Vict.</strong></span> <span class='ocrx_word' id='word_1_257' title='bbox 394 3286 496 3313; x_wconf 88' lang='lat' dir='ltr'><strong>eum</strong></span> <span class='ocrx_word' id='word_1_258' title='bbox 522 3269 671 3316; x_wconf 66' lang='lat' dir='ltr'><strong>Pieli.)</strong></span> <span class='ocrx_word' id='word_1_259' title='bbox 706 3269 814 3326; x_wconf 78' lang='lat' dir='ltr'><strong>Reg.</strong></span> <span class='ocrx_word' id='word_1_260' title='bbox 846 3269 985 3316; x_wconf 87' lang='lat' dir='ltr'><strong>Corb.</strong></span> 
     </span>
     <span class='ocr_line' id='line_1_48' title="bbox 97 3322 993 3385; baseline 0.004 -20"><span class='ocrx_word' id='word_1_261' title='bbox 97 3322 206 3370; x_wconf 73' lang='lat' dir='ltr'><strong>libri,</strong></span> <span class='ocrx_word' id='word_1_262' title='bbox 231 3325 366 3372; x_wconf 86' lang='lat' dir='ltr'><strong>MSS.</strong></span> <span class='ocrx_word' id='word_1_263' title='bbox 391 3327 440 3370; x_wconf 78' lang='lat' dir='ltr'><strong>Li</strong></span> <span class='ocrx_word' id='word_1_264' title='bbox 474 3327 524 3370; x_wconf 83' lang='lat' dir='ltr'><strong>sii</strong></span> <span class='ocrx_word' id='word_1_265' title='bbox 548 3335 590 3371; x_wconf 86' lang='lat' dir='ltr'><strong>et</strong></span> <span class='ocrx_word' id='word_1_266' title='bbox 612 3326 715 3371; x_wconf 83' lang='lat' dir='ltr'><strong>edd.</strong></span> <span class='ocrx_word' id='word_1_267' title='bbox 740 3325 993 3385; x_wconf 82' lang='lat' dir='ltr'><strong>Spir.Pich.</strong></span> 
     </span>
     <span class='ocr_line' id='line_1_49' title="bbox 101 3380 992 3442; baseline 0.003 -20"><span class='ocrx_word' id='word_1_268' title='bbox 101 3380 218 3439; x_wconf 85' lang='lat' dir='ltr'><strong>Lips.</strong></span> <span class='ocrx_word' id='word_1_269' title='bbox 251 3384 415 3439; x_wconf 78' lang='lat'><strong>(1607.)</strong></span> <span class='ocrx_word' id='word_1_270' title='bbox 465 3383 628 3427; x_wconf 67' lang='lat' dir='ltr'><strong>‘rutcr.</strong></span> <span class='ocrx_word' id='word_1_271' title='bbox 654 3401 672 3427; x_wconf 87' lang='lat' dir='ltr'><strong>s</strong></span> <span class='ocrx_word' id='word_1_272' title='bbox 706 3400 749 3442; x_wconf 91' lang='lat' dir='ltr'><strong>q.</strong></span> <span class='ocrx_word' id='word_1_273' title='bbox 790 3411 847 3419; x_wconf 88' lang='lat'><strong>--</strong></span> <span class='ocrx_word' id='word_1_274' title='bbox 907 3399 992 3425; x_wconf 83' lang='grc' dir='ltr'><strong>υα-</strong></span> 
     </span>
     <span class='ocr_line' id='line_1_50' title="bbox 101 3439 992 3487; baseline -0.002 -2"><span class='ocrx_word' id='word_1_275' title='bbox 101 3452 212 3480; x_wconf 70' lang='lat' dir='ltr'><strong>cuus</strong></span> <span class='ocrx_word' id='word_1_276' title='bbox 261 3442 446 3485; x_wconf 73' lang='lat' dir='ltr'><strong>consilii</strong></span> <span class='ocrx_word' id='word_1_277' title='bbox 493 3440 624 3484; x_wconf 81' lang='lat' dir='ltr'><strong>MSS.</strong></span> <span class='ocrx_word' id='word_1_278' title='bbox 713 3440 815 3483; x_wconf 86' lang='lat' dir='ltr'><strong>uelf.</strong></span> <span class='ocrx_word' id='word_1_279' title='bbox 869 3439 992 3487; x_wconf 83' lang='lat' dir='ltr'><strong>llarl.</strong></span> 
     </span>
     <span class='ocr_line' id='line_1_51' title="bbox 106 3494 993 3555; baseline 0.006 -19"><span class='ocrx_word' id='word_1_280' title='bbox 106 3494 235 3539; x_wconf 82' lang='lat' dir='ltr'><strong>Bodl.</strong></span> <span class='ocrx_word' id='word_1_281' title='bbox 253 3499 333 3542; x_wconf 88' lang='lat' dir='ltr'><strong>les.</strong></span> <span class='ocrx_word' id='word_1_282' title='bbox 355 3498 575 3542; x_wconf 77' lang='lat' dir='ltr'><strong>edd.Put.</strong></span> <span class='ocrx_word' id='word_1_283' title='bbox 596 3514 692 3555; x_wconf 88' lang='lat' dir='ltr'><strong>sqq.</strong></span> <span class='ocrx_word' id='word_1_284' title='bbox 716 3497 769 3541; x_wconf 87' lang='lat' dir='ltr'><strong>ad</strong></span> <span class='ocrx_word' id='word_1_285' title='bbox 784 3497 908 3543; x_wconf 82' lang='lat' dir='ltr'><strong>Pich.</strong></span> <span class='ocrx_word' id='word_1_286' title='bbox 937 3521 993 3535; x_wconf 81' lang='lat'><strong>-—-</strong></span> 
     </span>
     <span class='ocr_line' id='line_1_52' title="bbox 104 3555 715 3606; baseline 0.013 -13"><span class='ocrx_word' id='word_1_287' title='bbox 104 3555 236 3606; x_wconf 79' lang='lat' dir='ltr'><strong>inops</strong></span> <span class='ocrx_word' id='word_1_288' title='bbox 259 3558 449 3600; x_wconf 75' lang='grc' dir='ltr'><strong><em>ιοηείἱίο</em></strong></span> <span class='ocrx_word' id='word_1_289' title='bbox 473 3556 574 3600; x_wconf 87' lang='lat' dir='ltr'><strong>MS.</strong></span> <span class='ocrx_word' id='word_1_290' title='bbox 601 3555 715 3601; x_wconf 76' lang='lat' dir='ltr'><strong>Bud.</strong></span> 
     </span>
    </p>
   </div>
   <div class='ocr_carea' id='block_1_9' title="bbox 1044 2473 1210 2524">
    <p class='ocr_par' dir='ltr' id='par_1_15' title="bbox 1044 2473 1210 2524">
     <span class='ocr_line' id='line_1_53' title="bbox 1044 2473 1210 2524; baseline 0 -14"><span class='ocrx_word' id='word_1_291' title='bbox 1044 2473 1210 2524; x_wconf 80' lang='lat' dir='ltr'><strong>plesse.</strong></span> 
     </span>
    </p>
   </div>
   <div class='ocr_carea' id='block_1_10' title="bbox 1042 1898 1962 3617">
    <p class='ocr_par' dir='ltr' id='par_1_16' title="bbox 1042 1898 1962 3617">
     <span class='ocr_line' id='line_1_54' title="bbox 1042 1898 1937 1954; baseline 0.001 -13"><span class='ocrx_word' id='word_1_292' title='bbox 1042 1899 1150 1941; x_wconf 87' lang='lat' dir='ltr'><strong>lent.</strong></span> <span class='ocrx_word' id='word_1_293' title='bbox 1194 1898 1332 1952; x_wconf 91' lang='lat' dir='ltr'><strong>Vict.)</strong></span> <span class='ocrx_word' id='word_1_294' title='bbox 1385 1923 1441 1930; x_wconf 94' lang='lat'><strong>—</strong></span> <span class='ocrx_word' id='word_1_295' title='bbox 1518 1899 1706 1951; x_wconf 80' lang='lat' dir='ltr'><strong>paratis</strong></span> <span class='ocrx_word' id='word_1_296' title='bbox 1747 1899 1937 1954; x_wconf 73' lang='lat' dir='ltr'><strong>iamque</strong></span> 
     </span>
     <span class='ocr_line' id='line_1_55' title="bbox 1043 1954 1936 2010; baseline 0.006 -15"><span class='ocrx_word' id='word_1_297' title='bbox 1043 1955 1275 2010; x_wconf 77' lang='lat' dir='ltr'><strong>dispositis</strong></span> <span class='ocrx_word' id='word_1_298' title='bbox 1298 1955 1399 1999; x_wconf 87' lang='lat' dir='ltr'><strong>MS.</strong></span> <span class='ocrx_word' id='word_1_299' title='bbox 1415 1955 1530 1998; x_wconf 87' lang='lat' dir='ltr'><strong>Bud.</strong></span> <span class='ocrx_word' id='word_1_300' title='bbox 1556 1954 1811 1998; x_wconf 86' lang='lat' dir='ltr'><strong>edd.Rhen.</strong></span> <span class='ocrx_word' id='word_1_301' title='bbox 1827 1956 1936 2005; x_wconf 72' lang='grc' dir='ltr'><strong>ΑΜ,</strong></span> 
     </span>
     <span class='ocr_line' id='line_1_56' title="bbox 1045 2011 1962 2073; baseline 0.004 -20"><span class='ocrx_word' id='word_1_302' title='bbox 1045 2012 1165 2069; x_wconf 88' lang='lat' dir='ltr'><strong>Lips.</strong></span> <span class='ocrx_word' id='word_1_303' title='bbox 1201 2011 1332 2054; x_wconf 86' lang='lat' dir='ltr'><strong>Grut.</strong></span> <span class='ocrx_word' id='word_1_304' title='bbox 1376 2037 1434 2045; x_wconf 91' lang='lat'><strong>·—</strong></span> <span class='ocrx_word' id='word_1_305' title='bbox 1504 2011 1697 2056; x_wconf 74' lang='lat' dir='ltr'><strong>Piehena</strong></span> <span class='ocrx_word' id='word_1_306' title='bbox 1734 2023 1962 2073; x_wconf 80' lang='lat' dir='ltr'><strong>veterem·¹</strong></span> 
     </span>
     <span class='ocr_line' id='line_1_57' title="bbox 1045 2069 1827 2126; baseline -0.001 -14"><span class='ocrx_word' id='word_1_307' title='bbox 1045 2069 1314 2126; x_wconf 86' lang='lat' dir='ltr'><strong>scripturam</strong></span> <span class='ocrx_word' id='word_1_308' title='bbox 1339 2069 1543 2113; x_wconf 79' lang='lat' dir='ltr'><strong>restituit.</strong></span> <span class='ocrx_word' id='word_1_309' title='bbox 1809 2071 1827 2080; x_wconf 28' lang='grc' dir='ltr'><strong>Χ</strong></span> 
     </span>
     <span class='ocr_line' id='line_1_58' title="bbox 1102 2127 1935 2174; baseline 0.007 -7"><span class='ocrx_word' id='word_1_310' title='bbox 1102 2130 1278 2168; x_wconf 72' lang='lat' dir='ltr'><strong>dextro</strong></span> <span class='ocrx_word' id='word_1_311' title='bbox 1309 2142 1506 2170; x_wconf 79' lang='lat' dir='ltr'><strong>suorum</strong></span> <span class='ocrx_word' id='word_1_312' title='bbox 1536 2143 1690 2170; x_wconf 80' lang='lat' dir='ltr'><strong>cornu.</strong></span> <span class='ocrx_word' id='word_1_313' title='bbox 1757 2127 1836 2174; x_wconf 91' lang='lat' dir='ltr'><strong>Sic</strong></span> <span class='ocrx_word' id='word_1_314' title='bbox 1864 2146 1935 2173; x_wconf 81' lang='lat' dir='ltr'><strong>ve-</strong></span> 
     </span>
     <span class='ocr_line' id='line_1_59' title="bbox 1046 2183 1940 2233; baseline 0.006 -8"><span class='ocrx_word' id='word_1_315' title='bbox 1046 2192 1160 2227; x_wconf 85' lang='lat' dir='ltr'><strong>teres</strong></span> <span class='ocrx_word' id='word_1_316' title='bbox 1192 2183 1296 2226; x_wconf 86' lang='lat' dir='ltr'><strong>libri</strong></span> <span class='ocrx_word' id='word_1_317' title='bbox 1329 2201 1504 2228; x_wconf 89' lang='lat' dir='ltr'><strong>omnes.</strong></span> <span class='ocrx_word' id='word_1_318' title='bbox 1574 2185 1796 2230; x_wconf 79' lang='lat' dir='ltr'><strong>Dubitant</strong></span> <span class='ocrx_word' id='word_1_319' title='bbox 1828 2203 1940 2233; x_wconf 86' lang='lat' dir='ltr'><strong>vero</strong></span> 
     </span>
     <span class='ocr_line' id='line_1_60' title="bbox 1047 2242 1944 2298; baseline 0.008 -15"><span class='ocrx_word' id='word_1_320' title='bbox 1047 2242 1309 2298; x_wconf 80' lang='lat' dir='ltr'><strong>interpretes</strong></span> <span class='ocrx_word' id='word_1_321' title='bbox 1336 2242 1488 2285; x_wconf 86' lang='lat' dir='ltr'><strong>locum</strong></span> <span class='ocrx_word' id='word_1_322' title='bbox 1517 2242 1684 2285; x_wconf 87' lang='lat' dir='ltr'><strong>salvum</strong></span> <span class='ocrx_word' id='word_1_323' title='bbox 1719 2260 1828 2288; x_wconf 84' lang='lat' dir='ltr'><strong>esse.</strong></span> <span class='ocrx_word' id='word_1_324' title='bbox 1886 2245 1944 2291; x_wconf 80' lang='lat' dir='ltr'><strong>Et</strong></span> 
     </span>
     <span class='ocr_line' id='line_1_61' title="bbox 1048 2299 1945 2361; baseline 0.006 -20"><span class='ocrx_word' id='word_1_325' title='bbox 1048 2299 1247 2341; x_wconf 71' lang='lat' dir='ltr'><strong>Faernus</strong></span> <span class='ocrx_word' id='word_1_326' title='bbox 1288 2299 1557 2342; x_wconf 88' lang='lat' dir='ltr'><strong>coniiciebat</strong></span> <span class='ocrx_word' id='word_1_327' title='bbox 1594 2303 1819 2344; x_wconf 78' lang='lat' dir='ltr'><strong>dextrum</strong></span> <span class='ocrx_word' id='word_1_328' title='bbox 1857 2318 1945 2361; x_wconf 85' lang='lat' dir='ltr'><strong>pro</strong></span> 
     </span>
     <span class='ocr_line' id='line_1_62' title="bbox 1049 2355 1943 2414; baseline 0.007 -17"><span class='ocrx_word' id='word_1_329' title='bbox 1049 2359 1223 2397; x_wconf 79' lang='lat' dir='ltr'><strong>dextro</strong></span> <span class='ocrx_word' id='word_1_330' title='bbox 1267 2355 1534 2414; x_wconf 84' lang='lat' dir='ltr'><strong>legendum,</strong></span> <span class='ocrx_word' id='word_1_331' title='bbox 1583 2367 1632 2401; x_wconf 87' lang='lat' dir='ltr'><strong>ut</strong></span> <span class='ocrx_word' id='word_1_332' title='bbox 1678 2358 1766 2402; x_wconf 86' lang='lat' dir='ltr'><strong>hoc</strong></span> <span class='ocrx_word' id='word_1_333' title='bbox 1809 2361 1943 2403; x_wconf 79' lang='lat' dir='ltr'><strong>etiam</strong></span> 
     </span>
     <span class='ocr_line' id='line_1_63' title="bbox 1050 2413 1946 2471; baseline 0.004 -16"><span class='ocrx_word' id='word_1_334' title='bbox 1050 2413 1308 2455; x_wconf 83' lang='lat' dir='ltr'><strong>membrum</strong></span> <span class='ocrx_word' id='word_1_335' title='bbox 1350 2414 1539 2471; x_wconf 84' lang='lat' dir='ltr'><strong>pendeat</strong></span> <span class='ocrx_word' id='word_1_336' title='bbox 1577 2431 1600 2457; x_wconf 87' lang='lat' dir='ltr'><strong>e</strong></span> <span class='ocrx_word' id='word_1_337' title='bbox 1641 2415 1776 2458; x_wconf 88' lang='lat' dir='ltr'><strong>verbo</strong></span> <span class='ocrx_word' id='word_1_338' title='bbox 1815 2433 1946 2463; x_wconf 77' lang='lat' dir='ltr'><strong>eom-</strong></span> 
     </span>
     <span class='ocr_line' id='line_1_64' title="bbox 1290 2469 1948 2519; baseline 0.009 -6"><span class='ocrx_word' id='word_1_339' title='bbox 1290 2469 1589 2514; x_wconf 77' lang='lat' dir='ltr'><strong>Consentiunt</strong></span> <span class='ocrx_word' id='word_1_340' title='bbox 1627 2471 1857 2517; x_wconf 83' lang='lat' dir='ltr'><strong>Ernestius</strong></span> <span class='ocrx_word' id='word_1_341' title='bbox 1903 2484 1948 2519; x_wconf 86' lang='lat' dir='ltr'><strong>et</strong></span> 
     </span>
     <span class='ocr_line' id='line_1_65' title="bbox 1054 2525 1949 2590; baseline 0.009 -22"><span class='ocrx_word' id='word_1_342' title='bbox 1054 2525 1316 2570; x_wconf 80' lang='lat' dir='ltr'><strong>oberlinus.</strong></span> <span class='ocrx_word' id='word_1_343' title='bbox 1402 2527 1472 2570; x_wconf 84' lang='lat' dir='ltr'><strong>llli</strong></span> <span class='ocrx_word' id='word_1_344' title='bbox 1523 2544 1712 2572; x_wconf 82' lang='lat' dir='ltr'><strong>suorum</strong></span> <span class='ocrx_word' id='word_1_345' title='bbox 1767 2544 1949 2590; x_wconf 71' lang='lat' dir='ltr'><strong>quoque</strong></span> 
     </span>
     <span class='ocr_line' id='line_1_66' title="bbox 1053 2585 1948 2634; baseline 0.004 -6"><span class='ocrx_word' id='word_1_346' title='bbox 1053 2591 1210 2628; x_wconf 80' lang='lat' dir='ltr'><strong>contra</strong></span> <span class='ocrx_word' id='word_1_347' title='bbox 1252 2585 1622 2628; x_wconf 84' lang='lat' dir='ltr'><strong>consuetudinem</strong></span> <span class='ocrx_word' id='word_1_348' title='bbox 1659 2585 1734 2630; x_wconf 84' lang='lat' dir='ltr'><strong>hic</strong></span> <span class='ocrx_word' id='word_1_349' title='bbox 1767 2587 1948 2634; x_wconf 70' lang='lat' dir='ltr'><strong>videtur</strong></span> 
     </span>
     <span class='ocr_line' id='line_1_67' title="bbox 1051 2639 1947 2709; baseline 0.007 -27"><span class='ocrx_word' id='word_1_350' title='bbox 1051 2640 1174 2700; x_wconf 87' lang='lat' dir='ltr'><strong>poni.</strong></span> <span class='ocrx_word' id='word_1_351' title='bbox 1225 2639 1478 2686; x_wconf 81' lang='lat' dir='ltr'><strong>Falluntur.</strong></span> <span class='ocrx_word' id='word_1_352' title='bbox 1530 2643 1644 2685; x_wconf 89' lang='lat' dir='ltr'><strong>Nam</strong></span> <span class='ocrx_word' id='word_1_353' title='bbox 1667 2643 1854 2689; x_wconf 83' lang='lat' dir='ltr'><strong>minime</strong></span> <span class='ocrx_word' id='word_1_354' title='bbox 1877 2662 1947 2709; x_wconf 57' lang='lat' dir='ltr'><strong>W?</strong></span> 
     </span>
     <span class='ocr_line' id='line_1_68' title="bbox 1054 2697 1949 2761; baseline 0.012 -24"><span class='ocrx_word' id='word_1_355' title='bbox 1054 2697 1241 2741; x_wconf 83' lang='lat' dir='ltr'><strong>risimile</strong></span> <span class='ocrx_word' id='word_1_356' title='bbox 1273 2706 1340 2740; x_wconf 86' lang='lat' dir='ltr'><strong>est</strong></span> <span class='ocrx_word' id='word_1_357' title='bbox 1370 2715 1506 2742; x_wconf 87' lang='lat' dir='ltr'><strong>unam</strong></span> <span class='ocrx_word' id='word_1_358' title='bbox 1545 2699 1769 2758; x_wconf 79' lang='lat' dir='ltr'><strong>legionem</strong></span> <span class='ocrx_word' id='word_1_359' title='bbox 1801 2703 1949 2761; x_wconf 61' lang='lat' dir='ltr'><strong>(quas-</strong></span> 
     </span>
     <span class='ocr_line' id='line_1_69' title="bbox 1055 2753 1952 2813; baseline 0.012 -18"><span class='ocrx_word' id='word_1_360' title='bbox 1055 2765 1146 2799; x_wconf 80' lang='lat' dir='ltr'><strong>tam</strong></span> <span class='ocrx_word' id='word_1_361' title='bbox 1173 2753 1538 2813; x_wconf 80' lang='lat' dir='ltr'><strong>Macedonicam)</strong></span> <span class='ocrx_word' id='word_1_362' title='bbox 1571 2757 1774 2802; x_wconf 84' lang='lat' dir='ltr'><strong>dextrum</strong></span> <span class='ocrx_word' id='word_1_363' title='bbox 1807 2768 1952 2806; x_wconf 85' lang='lat' dir='ltr'><strong>cornu</strong></span> 
     </span>
     <span class='ocr_line' id='line_1_70' title="bbox 1056 2811 1953 2870; baseline 0.008 -14"><span class='ocrx_word' id='word_1_364' title='bbox 1056 2811 1328 2870; x_wconf 82' lang='lat' dir='ltr'><strong>complesse,</strong></span> <span class='ocrx_word' id='word_1_365' title='bbox 1364 2829 1468 2856; x_wconf 77' lang='lat' dir='ltr'><strong>cuin</strong></span> <span class='ocrx_word' id='word_1_366' title='bbox 1492 2815 1538 2858; x_wconf 88' lang='lat' dir='ltr'><strong>in</strong></span> <span class='ocrx_word' id='word_1_367' title='bbox 1559 2813 1698 2858; x_wconf 87' lang='lat' dir='ltr'><strong>altero</strong></span> <span class='ocrx_word' id='word_1_368' title='bbox 1719 2831 1867 2861; x_wconf 87' lang='lat' dir='ltr'><strong>cornu</strong></span> <span class='ocrx_word' id='word_1_369' title='bbox 1885 2811 1953 2863; x_wconf 65' lang='grc' dir='ltr'>εεῖ</span> 
     </span>
     <span class='ocr_line' id='line_1_71' title="bbox 1057 2870 1951 2934; baseline 0.009 -22"><span class='ocrx_word' id='word_1_370' title='bbox 1057 2877 1154 2912; x_wconf 87' lang='lat' dir='ltr'><strong>sent</strong></span> <span class='ocrx_word' id='word_1_371' title='bbox 1181 2877 1268 2911; x_wconf 87' lang='lat' dir='ltr'><strong>tres</strong></span> <span class='ocrx_word' id='word_1_372' title='bbox 1293 2870 1506 2928; x_wconf 79' lang='lat' dir='ltr'><strong>legiones.</strong></span> <span class='ocrx_word' id='word_1_373' title='bbox 1568 2872 1768 2932; x_wconf 76' lang='lat' dir='ltr'><strong>intellige</strong></span> <span class='ocrx_word' id='word_1_374' title='bbox 1800 2877 1951 2934; x_wconf 83' lang='lat' dir='ltr'><strong>potius</strong></span> 
     </span>
     <span class='ocr_line' id='line_1_72' title="bbox 1057 2925 1952 2983; baseline 0.012 -15"><span class='ocrx_word' id='word_1_375' title='bbox 1057 2925 1341 2970; x_wconf 84' lang='lat' dir='ltr'><strong>traditionem</strong></span> <span class='ocrx_word' id='word_1_376' title='bbox 1377 2929 1431 2970; x_wconf 88' lang='lat' dir='ltr'><strong>de</strong></span> <span class='ocrx_word' id='word_1_377' title='bbox 1467 2928 1617 2972; x_wconf 84' lang='lat' dir='ltr'><strong>dextro</strong></span> <span class='ocrx_word' id='word_1_378' title='bbox 1630 2957 1636 2961; x_wconf 84' lang='lat'>-</span> <span class='ocrx_word' id='word_1_379' title='bbox 1650 2944 1794 2983; x_wconf 83' lang='lat' dir='ltr'><strong>cornu</strong></span> <span class='ocrx_word' id='word_1_380' title='bbox 1811 2974 1813 2976; x_wconf 79' lang='grc'>,</span> <span class='ocrx_word' id='word_1_381' title='bbox 1828 2943 1952 2979; x_wconf 81' lang='lat' dir='ltr'><strong>man-</strong></span> 
     </span>
     <span class='ocr_line' id='line_1_73' title="bbox 1059 2983 1952 3050; baseline 0.002 -23"><span class='ocrx_word' id='word_1_382' title='bbox 1059 2999 1157 3027; x_wconf 87' lang='lat' dir='ltr'><strong>cam</strong></span> <span class='ocrx_word' id='word_1_383' title='bbox 1190 2983 1326 3027; x_wconf 86' lang='lat' dir='ltr'><strong>fuisse</strong></span> <span class='ocrx_word' id='word_1_384' title='bbox 1353 2985 1469 3042; x_wconf 87' lang='lat' dir='ltr'><strong>apud</strong></span> <span class='ocrx_word' id='word_1_385' title='bbox 1492 2986 1760 3044; x_wconf 85' lang='lat' dir='ltr'><strong>scriptores,</strong></span> <span class='ocrx_word' id='word_1_386' title='bbox 1797 3007 1821 3034; x_wconf 87' lang='lat' dir='ltr'><strong>a</strong></span> <span class='ocrx_word' id='word_1_387' title='bbox 1845 2991 1952 3050; x_wconf 80' lang='lat' dir='ltr'><strong>qui-</strong></span> 
     </span>
     <span class='ocr_line' id='line_1_74' title="bbox 1058 3040 1950 3092; baseline 0.01 -8"><span class='ocrx_word' id='word_1_388' title='bbox 1058 3042 1141 3084; x_wconf 89' lang='lat' dir='ltr'><strong>bus</strong></span> <span class='ocrx_word' id='word_1_389' title='bbox 1164 3040 1272 3083; x_wconf 85' lang='lat' dir='ltr'><strong>haec</strong></span> <span class='ocrx_word' id='word_1_390' title='bbox 1299 3041 1460 3085; x_wconf 85' lang='lat' dir='ltr'><strong>Noster</strong></span> <span class='ocrx_word' id='word_1_391' title='bbox 1482 3043 1627 3088; x_wconf 85' lang='lat' dir='ltr'><strong>habet.</strong></span> <span class='ocrx_word' id='word_1_392' title='bbox 1681 3043 1950 3092; x_wconf 77' lang='lat' dir='ltr'><strong>Refert‘au-</strong></span> 
     </span>
     <span class='ocr_line' id='line_1_75' title="bbox 1059 3098 1958 3159; baseline 0.012 -20"><span class='ocrx_word' id='word_1_393' title='bbox 1059 3107 1149 3150; x_wconf 77' lang='lat' dir='ltr'><strong>tem</strong></span> <span class='ocrx_word' id='word_1_394' title='bbox 1203 3098 1385 3142; x_wconf 85' lang='lat' dir='ltr'><strong>Tacitus</strong></span> <span class='ocrx_word' id='word_1_395' title='bbox 1435 3108 1656 3158; x_wconf 83' lang='lat' dir='ltr'><strong>quantum</strong></span> <span class='ocrx_word' id='word_1_396' title='bbox 1709 3103 1958 3159; x_wconf 64' lang='lat' dir='ltr'><strong>inyene‘rat,</strong></span> 
     </span>
     <span class='ocr_line' id='line_1_76' title="bbox 1059 3158 1952 3214; baseline 0.012 -18"><span class='ocrx_word' id='word_1_397' title='bbox 1059 3170 1222 3213; x_wconf 84' lang='lat' dir='ltr'><strong>nempe</strong></span> <span class='ocrx_word' id='word_1_398' title='bbox 1274 3165 1476 3214; x_wconf 83' lang='lat' dir='ltr'><strong>quartam</strong></span> <span class='ocrx_word' id='word_1_399' title='bbox 1522 3158 1644 3203; x_wconf 86' lang='lat' dir='ltr'><strong>Mac.</strong></span> <span class='ocrx_word' id='word_1_400' title='bbox 1697 3160 1746 3206; x_wconf 88' lang='lat' dir='ltr'><strong>in</strong></span> <span class='ocrx_word' id='word_1_401' title='bbox 1797 3163 1952 3214; x_wconf 81' lang='lat' dir='ltr'><strong>dextro</strong></span> 
     </span>
     <span class='ocr_line' id='line_1_77' title="bbox 1059 3213 1956 3286; baseline 0.009 -29"><span class='ocrx_word' id='word_1_402' title='bbox 1059 3229 1204 3257; x_wconf 88' lang='lat' dir='ltr'><strong>cornu</strong></span> <span class='ocrx_word' id='word_1_403' title='bbox 1249 3213 1400 3257; x_wconf 81' lang='lat' dir='ltr'><strong>fuisse.</strong></span> <span class='ocrx_word' id='word_1_404' title='bbox 1471 3214 1542 3259; x_wconf 90' lang='lat' dir='ltr'><strong>De</strong></span> <span class='ocrx_word' id='word_1_405' title='bbox 1581 3218 1766 3286; x_wconf 79' lang='lat' dir='ltr'><strong>reliquis</strong></span> <span class='ocrx_word' id='word_1_406' title='bbox 1810 3221 1956 3279; x_wconf 76' lang='lat' dir='ltr'><strong>copiis</strong></span> 
     </span>
     <span class='ocr_line' id='line_1_78' title="bbox 1060 3269 1951 3335; baseline 0.01 -23"><span class='ocrx_word' id='word_1_407' title='bbox 1060 3269 1217 3312; x_wconf 84' lang='lat' dir='ltr'><strong>dextro</strong></span> <span class='ocrx_word' id='word_1_408' title='bbox 1242 3286 1385 3315; x_wconf 90' lang='lat' dir='ltr'><strong>cornu</strong></span> <span class='ocrx_word' id='word_1_409' title='bbox 1413 3272 1569 3316; x_wconf 83' lang='lat' dir='ltr'><strong>locatis</strong></span> <span class='ocrx_word' id='word_1_410' title='bbox 1602 3274 1710 3318; x_wconf 74' lang='lat' dir='ltr'><strong>nihil</strong></span> <span class='ocrx_word' id='word_1_411' title='bbox 1740 3279 1951 3335; x_wconf 85' lang='lat' dir='ltr'><strong>repperit.</strong></span> 
     </span>
     <span class='ocr_line' id='line_1_79' title="bbox 1063 3327 1956 3379; baseline 0.01 -9"><span class='ocrx_word' id='word_1_412' title='bbox 1063 3327 1245 3371; x_wconf 83' lang='lat' dir='ltr'><strong>Plenius</strong></span> <span class='ocrx_word' id='word_1_413' title='bbox 1281 3327 1389 3378; x_wconf 81' lang='lat' dir='ltr'><strong>dicit</strong></span> <span class='ocrx_word' id='word_1_414' title='bbox 1425 3329 1479 3375; x_wconf 86' lang='lat' dir='ltr'><strong>de</strong></span> <span class='ocrx_word' id='word_1_415' title='bbox 1511 3332 1659 3375; x_wconf 85' lang='lat' dir='ltr'><strong>media</strong></span> <span class='ocrx_word' id='word_1_416' title='bbox 1692 3332 1786 3376; x_wconf 89' lang='lat' dir='ltr'><strong>acie</strong></span> <span class='ocrx_word' id='word_1_417' title='bbox 1825 3342 1868 3376; x_wconf 89' lang='lat' dir='ltr'><strong>et</strong></span> <span class='ocrx_word' id='word_1_418' title='bbox 1900 3335 1956 3379; x_wconf 81' lang='lat' dir='ltr'><strong>de</strong></span> 
     </span>
     <span class='ocr_line' id='line_1_80' title="bbox 1063 3384 1957 3443; baseline 0.01 -17"><span class='ocrx_word' id='word_1_419' title='bbox 1063 3384 1192 3427; x_wconf 88' lang='lat' dir='ltr'><strong>laevo</strong></span> <span class='ocrx_word' id='word_1_420' title='bbox 1224 3401 1385 3428; x_wconf 88' lang='lat' dir='ltr'><strong>cornu.</strong></span> <span class='ocrx_word' id='word_1_421' title='bbox 1444 3385 1650 3431; x_wconf 70' lang='lat' dir='ltr'><strong>Sum-um</strong></span> <span class='ocrx_word' id='word_1_422' title='bbox 1676 3389 1876 3443; x_wconf 84' lang='lat' dir='ltr'><strong>additur,</strong></span> <span class='ocrx_word' id='word_1_423' title='bbox 1906 3401 1957 3436; x_wconf 88' lang='lat' dir='ltr'><strong>ut</strong></span> 
     </span>
     <span class='ocr_line' id='line_1_81' title="bbox 1063 3441 1955 3506; baseline 0.01 -24"><span class='ocrx_word' id='word_1_424' title='bbox 1063 3442 1172 3484; x_wconf 84' lang='lat' dir='ltr'><strong>haec</strong></span> <span class='ocrx_word' id='word_1_425' title='bbox 1205 3441 1259 3484; x_wconf 87' lang='lat' dir='ltr'><strong>de</strong></span> <span class='ocrx_word' id='word_1_426' title='bbox 1282 3442 1515 3488; x_wconf 81' lang='lat' dir='ltr'><strong>vitelliana</strong></span> <span class='ocrx_word' id='word_1_427' title='bbox 1543 3446 1636 3489; x_wconf 89' lang='lat' dir='ltr'><strong>acie</strong></span> <span class='ocrx_word' id='word_1_428' title='bbox 1659 3448 1855 3490; x_wconf 86' lang='lat' dir='ltr'><strong>strictius</strong></span> <span class='ocrx_word' id='word_1_429' title='bbox 1876 3465 1955 3506; x_wconf 87' lang='lat' dir='ltr'><strong>op·</strong></span> 
     </span>
     <span class='ocr_line' id='line_1_82' title="bbox 1064 3501 1954 3562; baseline 0.009 -22"><span class='ocrx_word' id='word_1_430' title='bbox 1064 3507 1289 3556; x_wconf 86' lang='lat' dir='ltr'><strong>ponantur</strong></span> <span class='ocrx_word' id='word_1_431' title='bbox 1327 3501 1467 3557; x_wconf 79' lang='lat' dir='ltr'><strong>priori</strong></span> <span class='ocrx_word' id='word_1_432' title='bbox 1505 3502 1813 3547; x_wconf 84' lang='lat' dir='ltr'><strong>Flavianarum</strong></span> <span class='ocrx_word' id='word_1_433' title='bbox 1855 3521 1954 3562; x_wconf 87' lang='lat' dir='ltr'><strong>par-</strong></span> 
     </span>
     <span class='ocr_line' id='line_1_83' title="bbox 1066 3556 1955 3617; baseline 0.009 -17"><span class='ocrx_word' id='word_1_434' title='bbox 1066 3557 1175 3600; x_wconf 80' lang='lat' dir='ltr'><strong>tium</strong></span> <span class='ocrx_word' id='word_1_435' title='bbox 1214 3556 1519 3617; x_wconf 80' lang='lat' dir='ltr'><strong>descriptioni.</strong></span> <span class='ocrx_word' id='word_1_436' title='bbox 1579 3559 1694 3604; x_wconf 85' lang='lat' dir='ltr'><strong>Nam</strong></span> <span class='ocrx_word' id='word_1_437' title='bbox 1727 3564 1955 3608; x_wconf 73' lang='lat' dir='ltr'><strong>dextrum</strong></span> 
     </span>
    </p>
   </div>
  </div>
 </body>
</html>
