2138 4030
127 173 177 211 A.
192 172 246 212 U.
262 169 350 207 824·

126 215 250 256 m,
292 215 354 251 7„
618 167 794 230 ΜΒ.
834 167 910 230 v.
978 161 1177 228 CAP.
1220 165 1317 227 17.
1779 162 1900 226 511

150 308 153 310 ’
210 301 408 365 XVII.
475 299 597 359 Nec
637 296 848 356 Civilis
894 295 1165 353 silentem
1222 295 1434 352 struxit
1485 295 1670 352 aciem
1713 296 1910 355 locum

43 412 276 472 pugnae
315 399 522 447 testem
558 384 797 441 virtutis
838 382 1024 439 ciens:
1079 391 1230 437 stare
1263 377 1596 436 Germanos
1628 379 1914 438 Batavos-

46 498 160 557 que
187 495 362 552 super
385 470 631 543 vestigia
657 468 876 542 gloriae
893 512 909 536 ‚
946 466 1172 522 cineres
1193 483 1439 540 ossaque
1466 465 1765 537 legionum
1792 467 1916 522 cal.

47 575 262 623 canteS.
352 574 706 635 quocunque
749 553 951 609 oculos
981 549 1293 608 Romanus
1323 548 1686 621 intenderet,
1730 551 1918 627 capti..

48 649 290 707 vitatem
336 643 680 716 clademque
721 649 777 693 et
813 637 942 693 dira
980 635 1180 691 omnia
1217 633 1535 693 obversari.
1604 655 1697 691 ne
1732 649 1920 694 tel-re..

46 745 255 792 rentur
279 729 447 786 vario
474 722 781 782 Treverici
812 721 1028 797 proelii
1059 731 1291 778 eventu.
1378 738 1543 775 suam
1580 719 1703 776 illic
1729 722 1919 778 victo-

44 820 195 878 riam
224 811 541 873 Germanis
581 808 906 876 obstitisse,
964 807 1106 863 dum
1135 804 1366 862 omissis
1393 804 1526 860 telis
1548 806 1762 878 praeda
1790 826 1921 862 ma·-

49 924 164 962 nus
201 898 559 976 impediunt.

47 989 227 1048 traria
282 983 564 1042 evenisse.

107 1152 226 1198 CAP.
249 1149 319 1194 17.
357 1150 568 1192 silentem
588 1143 762 1188 struxit
784 1143 948 1185 aciem.

49 1210 128 1255 Sic
159 1208 264 1253 libri
299 1214 407 1251 vett.
437 1212 480 1247 et
512 1201 803 1246 recentiores.
862 1199 951 1242 Er-

49 1268 220 1313 nestius
236 1279 331 1308 non
349 1264 563 1306 silentem
579 1259 725 1302 aciem
743 1256 954 1315 explicatx

50 1340 203 1384 „quae
223 1337 318 1366 non
337 1318 514 1365 silentio
532 1316 755 1374 exciperet
771 1314 954 1357 hortan-

51 1385 107 1427 tis
136 1396 298 1432 voces,
341 1377 417 1422 sed
452 1375 651 1419 clamore
685 1373 913 1431 probaret.
929 1370 956 1392 ’‘

52 1439 237 1484 Rectius
259 1434 476 1492 intelliges
506 1432 674 1481 aciem,
711 1445 824 1487 quae
858 1443 954 1470 non

53 1498 182 1542 fieret
207 1493 404 1537 silentio.
464 1491 678 1548 Spectant
702 1485 825 1529 enim
845 1484 956 1528 haec

52 1555 109 1598 ad
134 1552 293 1602 verba,
334 1564 448 1608 quae
473 1548 485 1590 i
523 1562 567 1588 se
591 1543 748 1590 Civilis
770 1542 877 1585 fecit
900 1541 955 1586 ad

52 1610 315 1655 exercitum.
387 1606 449 1648 lta
487 1564 676 1647 Sicimus
712 1601 854 1643 silens
887 1597 956 1642 vel

54 1668 252 1712 tacitum
290 1664 379 1708 iter
419 1662 586 1704 facere.
666 1658 820 1714 Quare
860 1672 957 1699 non

53 1741 169 1782 opus
195 1730 260 1766 est
282 1717 674 1764 emendationibus
698 1716 865 1763 silens,
900 1715 956 1756 si·

50 1787 227 1831 lenter,
281 1778 493 1826 silentio,
547 1791 658 1833 quas
703 1773 787 1815 viri
832 1770 957 1816 docti

51 1843 404 1899 proposuerunt.

107 1911 242 1953 ciens.
303 1907 405 1951 MS.
434 1903 553 1949 Bud.
585 1904 753 1947 sciens,

111 1982 438 2035 Batavosque.
497 1975 601 2019 MS.
631 1973 784 2017 Guelf.
808 1971 958 2030 negli-

51 2039 116 2099 git
139 2035 348 2095 copulam
376 2050 478 2092 que.
542 2033 667 2075 Idem
709 2031 822 2074 liber
853 2046 956 2072 mox

51 2099 323 2140 calcantens
346 2109 429 2151 pro
454 2093 688 2134 calcantes
702 2122 715 2141 ,
747 2097 789 2132 et
812 2101 957 2144 quos-

49 2167 227 2210 cunque
251 2166 334 2209 pro
355 2162 638 2206 quocunque.

109 2226 267 2268 oculos
280 2224 543 2267 Romanus.
594 2218 681 2263 Ed.
695 2218 816 2277 Spir.
833 2221 955 2274 Aul9

53 2283 292 2336 Roman9.

112 2353 222 2394 dira
262 2349 438 2392 omnia.
518 2346 595 2390 Sic
637 2345 773 2389 MSS.
807 2344 957 2389 Vatic.

58 2408 183 2454 1863.
206 2407 330 2450 Harl.
354 2406 439 2450 les.
463 2403 613 2449 Guelf.
637 2403 741 2447 edd.
769 2402 871 2446 Put.
887 2403 958 2447 M.

58 2478 100 2512 et
116 2467 172 2510 V.
197 2465 279 2522 (ibi
305 2472 369 2508 est
392 2464 488 2517 οἶα)
511 2460 722 2504 Beroald.
743 2459 842 2503 Alc.
858 2475 959 2556 sqq.

55 2525 111 2569 ad
123 2523 384 2572 Pichenam,
411 2520 487 2576 qui
508 2535 532 2562 e
556 2518 828 2577 compendio
852 2532 907 2560 co
947 2548 957 2560 .

54 2582 184 2626 Flor.
210 2583 292 2621 ota
315 2577 424 2621 fecit
447 2577 624 2618 omina.
688 2574 806 2618 Cum
830 2574 956 2617 Flor.

54 2648 98 2682 et
120 2637 220 2682 edd.
242 2636 343 2679 Put.
367 2633 591 2678 consentit
613 2634 715 2676 MS.
731 2632 844 2689 Reg.
906 2631 978 2676 ln.

52 2696 193 2739 MSS.
231 2692 372 2736 Vatic.
409 2691 533 2734 1958.
565 2691 699 2734 Bodl.
738 2691 851 2747 Agr.
886 2689 958 2731 ed.

57 2754 173 2812 Spir.
217 2751 380 2794 diserte
425 2747 590 2806 legitur
636 2750 821 2798 omina,
872 2761 957 2846 [ἔνο

54 2825 145 2869 qua
187 2808 409 2865 scriptura
439 2811 493 2848 'et
528 2804 762 2849 Victorius
803 2813 846 2847 et
919 2803 962 2845 i-

58 2867 198 2912 ebena
216 2863 485 2909 sententiam
506 2862 666 2906 tulere.
726 2861 959 2905 Ernestius

57 2929 181 2968 recte
221 2920 414 2966 restituit
458 2921 632 2963 omnia.
701 2918 816 2961 Nam
850 2921 960 2961 dira

59 2982 221 3024 omina
246 2979 377 3022 etiam
404 2987 505 3020 sunt
544 2977 590 3020 in
620 2975 877 3034 captivitate
916 2983 958 3017 et

62 3038 202 3081 clade.
277 3035 396 3093 Apte
435 3043 584 3078 autem
627 3050 708 3091 per
740 3035 877 3079 verba
913 3039 958 3074 et

58 3097 165 3138 (λίνα
207 3095 364 3135 omnia
407 3092 541 3135 series
586 3107 737 3134 rerum
789 3089 961 3141 finitur,

62 3166 174 3209 quae
198 3150 272 3201 hic
295 3149 419 3193 dirae
447 3165 541 3192 csse
565 3148 792 3191 dicuntur.

119 3207 374 3250 obversari.
435 3206 512 3255 Sic
526 3205 660 3249 MSS.
677 3205 820 3248 Vatic.
839 3203 960 3249 1958.

61 3264 188 3309 Harl.
213 3263 347 3307 Bodl.
374 3263 588 3306 1es.Bud.
615 3262 720 3305 edd.
738 3262 838 3304 Put.
860 3277 958 3320 sqq.

61 3323 185 3379 (cum
209 3320 386 3365 silentio
410 3319 636 3375 Victorii).
679 3342 737 3353 —-
796 3321 958 3362 obser—

60 3381 172 3422 vari
192 3378 327 3422 MS<-
357 3376 498 3421 vatic.
525 3375 648 3420 1863.
669 3376 781 3434 Reg.
808 3375 960 3420 Guelf.

65 3437 143 3490 (ibi
174 3444 239 3479 est
262 3435 469 3492 obsuari)
507 3435 576 3477 ed.
600 3433 719 3491 Spir.
779 3434 868 3477 Sed
903 3433 961 3477 cf.

65 3494 153 3538 An.
178 3494 244 3545 14,
268 3492 345 3536 10:
366 3493 789 3547 obversabaturque
814 3492 963 3534 maris

646 894 749 950 scd
778 903 987 949 cuncta
1013 911 1152 947 mox
1183 908 1466 966 prospera
1498 900 1556 945 et
1585 883 1743 946 hosti
1775 912 1921 948 con-

650 998 799 1058 quae
843 976 1147 1054 provideri
1188 986 1318 1032 astu
1368 973 1537 1032 ducis
1587 976 1933 1051 oportuerit

1021 1139 1147 1183 illius
1186 1145 1234 1181 et
1276 1140 1469 1181 litorum
1500 1138 1664 1194 gravis
1694 1147 1925 1196 aspectus.

1024 1197 1132 1240 Vid.
1157 1196 1216 1239 ibi
1239 1205 1335 1240 not.

1084 1247 1413 1297 terrerentur.'
1449 1252 1535 1297 Ed.
1562 1253 1684 1313 Spir.
1718 1262 1926 1302 terrere-

1026 1320 1119 1356 tur.

1085 1367 1334 1412 Trevericz‘.
1402 1367 1507 1412 MS.
1542 1369 1654 1426 Agr.
1698 1370 1767 1415 ed.
1802 1371 1925 1430 Spir.

1028 1426 1312 1469 creueriam‘.
1401 1426 1504 1470 MS.
1551 1426 1705 1470 Guels.
1749 1431 1930 1475 treuiri.

1028 1484 1116 1527 Sed
1141 1482 1200 1525 cf.
1223 1485 1309 1526 An.
1332 1483 1375 1535 3,
1396 1483 1469 1526 42.
1498 1484 1545 1527 T
1539 1486 1737 1528 reverici
1753 1490 1930 1530 tumul-

1027 1550 1102 1585 tus
1109 1541 1243 1598 finis.

1086 1612 1223 1640 suam
1253 1598 1341 1640 illic
1370 1599 1631 1644 victoriam.
1691 1599 1770 1645 Sic
1792 1600 1933 1647 MSS.

1029 1655 1153 1699 Flor.
1176 1656 1291 1710 (test.
1307 1655 1452 1711 Pich.)
1481 1655 1630 1700 Guelf.
1655 1657 1778 1701 Harl.
1795 1659 1934 1706 Bodl.

1030 1714 1113 1756 les.
1131 1712 1249 1757 Bud.
1274 1712 1376 1755 edd.
1399 1712 1501 1758 Put.
1524 1731 1625 1774 sqq.
1651 1717 1773 1770 (cum
1799 1717 1934 1761 silen-

1028 1771 1092 1814 tio
1117 1770 1351 1822 Victorii).
1380 1799 1440 1807 —
1499 1787 1642 1815 suam
1668 1774 1763 1816 illic
1785 1782 1935 1818 mute-

1026 1829 1152 1872 riam
1166 1827 1268 1870 MS.
1283 1825 1429 1871 Vatic.
1451 1829 1571 1873 1863.
1591 1838 1635 1872 et
1658 1831 1727 1873 ed.
1742 1831 1861 1889 Spir.
1876 1847 1936 1867 —

1027 1901 1165 1929 suam
1199 1887 1455 1927 materiam
1493 1890 1583 1929 illic
1608 1887 1711 1932 MS.
1735 1888 1846 1948 Reg.
1877 1915 1937 1926 ——

1028 1941 1265 1987 Acidalius
1319 1943 1603 1989 coniectabat
1652 1960 1790 1988 suam
1841 1949 1939 1992 illic

1029 2000 1313 2043 avaritiam.
1376 2000 1554 2046 Herbst.
1586 2000 1632 2045 in
1656 2002 1938 2057 Animadvv.

1029 2075 1072 2116 p.
1096 2057 1167 2100 32.
1193 2059 1443 2101 incuriam.
1505 2059 1676 2102 Verum
1701 2060 1938 2108 Ernestius

1028 2115 1259 2171 vulgatam
1285 2114 1556 2173 scripturam
1581 2125 1704 2161 recte
1735 2118 1947 2165 defendit

1029 2171 1346 2236 explicuitque.
1409 2173 1619 2216 Victoria
1648 2177 1836 2233 ponitur
1886 2195 1938 2222 ro

1028 2229 1170 2272 niuna
1195 2244 1218 2270 e
1240 2228 1430 2274 victoria
1455 2230 1645 2283 fiducia,
1677 2248 1825 2291 neque
1845 2195 1940 2279 izu-

1027 2295 1118 2329 stra
1164 2284 1268 2330 loeo
1315 2290 1608 2345 praeponitur
1657 2293 1939 2338 vocabulum

1030 2359 1196 2409 suam,
1252 2345 1374 2400 quod
1417 2346 1534 2390 hanc
1579 2345 1718 2392 efficit
1750 2359 1951 2395 senten&

1033 2410 1166 2466 tiam:
1216 2417 1310 2443 non
1348 2402 1450 2458 quia
1482 2411 1580 2446 tum
1614 2405 1717 2448 victi
1755 2407 1845 2450 sint
1880 2410 1953 2454 ab>

1031 2457 1260 2507 hostibus,
1313 2459 1389 2501 sed
1426 2461 1548 2516 quod
1583 2461 1669 2519 ipsi
1699 2464 1937 2510 victoriam

1030 2514 1392 2580 reportaverint,
1450 2517 1494 2559 id
1527 2518 1675 2575 ipsum
1713 2521 1940 2568 obstitisse

1031 2570 1298 2638 Germanis:
1333 2589 1437 2616 nam
1467 2575 1559 2617 eius
1584 2576 1801 2622 victoriae
1825 2570 1955 2625 fidu?

1032 2645 1098 2672 cia
1121 2629 1285 2672 omissa
1307 2647 1400 2673 esse
1424 2631 1511 2674 tela
1535 2641 1623 2676 etc.

1086 2689 1200 2727 dum
1227 2689 1413 2731 omissis
1436 2691 1540 2732 telis
1561 2694 1745 2744 proedo
1765 2705 1952 2742 manus

1032 2745 1309 2796 impediunt.
1371 2745 1453 2790 Ed.
1482 2746 1604 2804 Spir.
1634 2750 1762 2794 Nam
1788 2743 1940 2799 omffi'-

1031 2802 1096 2843 sis·
1137 2803 1251 2844 velis
1290 2807 1527 2856 praedam
1573 2821 1745 2852 manus
1783 2809 1931 2868 impe·

1031 2861 1183 2901 dsunt.
1240 2858 1386 2902 Etiam
1412 2860 1460 2902 in
1476 2862 1612 2907 mss.
1631 2863 1786 2912 Guelf.
1807 2859 1956 2913 uari)

1033 2915 1115 2958 les.
1137 2924 1275 2959 exstat
1295 2920 1476 2972 predc3;
1500 2926 1669 2972 cetera,
1691 2931 1740 2966 ut
1759 2926 1807 2970 in
1829 2929 1937 2972 vul-

1032 2972 1155 3028 gatis.
1215 2973 1452 3031 Ernestius
1469 2993 1551 3033 pro
1565 2978 1837 3046 ,impediunt
1863 3001 1940 3028 vo-

1032 3030 1150 3072 lebat
1174 3031 1434 3086 impediant
1457 3034 1527 3080 vel
1558 3030 1709 3094 llotu'xs
1739 3042 1936 3096 impedi·

1033 3096 1153 3135 rent.
1212 3089 1355 3133 Male.
1418 3091 1478 3135 cs.
1506 3102 1606 3136 not.
1629 3095 1684 3140 ad
1707 3096 1939 3151 An.2‚26.

1033 3153 1075 3188 et
1119 3145 1317 3204 exempla
1355 3147 1448 3191 An.
1483 3149 1526 3200 2,
1561 3151 1631 3195 81.
1664 3157 1780 3204 dum
1816 3151 1935 3199 Cae-

1033 3217 1120 3245 sar
1155 3232 1166 3246 .
1194 3234 1206 3247 .
1237 3234 1248 3247 .
1282 3207 1555 3252 consulitur.
1633 3212 1720 3254 An.
1760 3212 1828 3262 13,
1867 3214 1937 3260 15.

1033 3264 1146 3302 dum
1181 3291 1194 3304 .
1214 3291 1234 3329 ⁸.
1257 3292 1267 3303 .
1301 3263 1569 3318 respiolutzt,
1609 3271 1723 3310 dum
1754 3270 1936 3324 parant

1034 3317 1349 3373 desenszones.
1410 3322 1502 3365 An.
1529 3324 1597 3372 14,
1621 3326 1694 3369 58.
1723 3330 1836 3372 dum
1863 3344 1935 3375 re·

1019 3375 1185 3432 fertur
1205 3383 1290 3419 etc.

1087 3434 1135 3493 *et
1156 3434 1542 3479 hosticontraria
1564 3440 1790 3487 evenisse.
1851 3443 1936 3489 Ed.

1035 3491 1153 3550 Spir.
1179 3498 1224 3533 et
1248 3499 1354 3535 osec-z
1381 3497 1523 3537 orori
1550 3497 1746 3543 venisse.
