2138 4030
1453 9 1477 16 „
1508 0 1523 19 ’ζ
1727 7 1770 24 ⁸.
1877 0 1922 12 ο-ἰ
2088 0 2125 20 μ’·

1661 71 1675 78 -
1995 49 2008 75 x
2095 0 2138 90 >l

1768 115 1776 129 Ν
2115 94 2138 128 ,1

1726 131 1742 145 0

1754 260 1975 302 mmm.

1754 307 1804 342 A.
1822 305 1892 343 C.)
1914 306 1974 343 Ἀ.

200 269 326 333 ‘164
764 262 1479 340 nrs'rofflARuM

208 401 364 455 tibus
404 398 532 454 viae
560 397 721 454 lucis
766 398 1026 458 occultos
1064 396 1384 470 componit.
1471 394 1705 472 equites.
1744 396 2062 472 procedere

206 484 440 558 longius
465 483 606 538 iussi
644 482 975 540 et'inritato
1011 479 1238 554 proelio
1273 491 1480 556 sponte
1510 481 2061 555 refugifestinatinss

206 589 341 625 nem
397 568 767 644 sequentium
821 566 1057 633 elicere,
1130 561 1318 621 donec
1375 566 1642 622 insidiae
1671 557 2059 628 morirentur.

154 712 160 717 .
202 654 516 710 Proditum
563 653 625 708 id
662 647 1027 708 Othonianis
1072 649 1349 720 ducibm,
1431 663 1488 708 et
1541 671 1740 707 curam
1793 651 2060 727 peditum

202 738 541 806 PaullinuS‚
607 736 873 812 equitum
907 731 1114 790 Celsus
1156 753 1471 810 sumpsere.
1574 735 2060 793 tertiaedecumae

112 879 114 881 ,
203 823 448 897 legionis
473 822 752 878 vexillum
770 865 785 888 ‚
823 830 1103 895 quattuor
1127 819 1480 877 auxiliorum
1501 816 1770 877 cohortes
1797 832 1855 878 et
1880 821 2059 897 quin-

202 909 364 983 genti
413 907 635 983 equites
686 905 751 959 in
795 902 1033 960 sinistro
1079 904 1377 961 locantur:
1457 925 1726 979 aggerem
1767 905 1898 962 viae
1940 917 2058 977 tres

199 993 522 1069 praetoriae
579 986 848 1046 cohortes
894 989 1027 1045 altis
1073 988 1385 1046 ordinibus
1446 991 1789 1048 obtinuere:
1854 992 2056 1047 dextra

198 1070 392 1135 fronte
418 1076 606 1151 prima
635 1074 788 1147 legio
825 1073 1061 1129 incessit
1096 1094 1229 1130 cum
1268 1076 1498 1131 duabus
1535 1076 1920 1133 auxiliaribus
1948 1083 2060 1132 'co-

116 1152 133 1159 ‘
199 1161 473 1221 hortibus
502 1172 558 1216 et
582 1159 918 1236 quingentis
944 1159 1256 1234 equitibus.
1342 1179 1516 1234 super
1548 1148 1659 1217 hos
1693 1181 1724 1217 e
1758 1161 2054 1237 praetorio

202 1247 550 1321 auxiliisque
597 1245 762 1299 mille
816 1243 1039 1320 equites
1084 1245 1355 1302 cumulus
1394 1246 1689 1321 prosperis
1721 1262 1825 1323 aut
1864 1245 2058 1303 subsi-

200 1334 366 1389 dium
386 1329 799 1387 laborantibus
829 1330 1214 1388 ducebantur.
1867 1333 1877 1342 ’

255 1585 614 1629 imminentibus.
644 1606 649 1613 ·
686 1583 787 1626 MS.
823 1583 937 1628 Bud.
970 1585 1090 1626 emi-

198 1646 434 1693 nentibus,
476 1642 597 1699 quod
630 1640 832 1698 placebat
857 1640 1089 1685 Rhenano.

198 1702 284 1745 Sed
310 1716 443 1743 nemo
468 1700 527 1742 ita
551 1697 702 1742 edidit.
727 1692 743 1714 ¹

253 1802 498 1856 componit.
559 1795 636 1840 Sic
660 1796 935 1841 MSS.F101·.
970 1801 1089 1852 (test.

197 1860 317 1902 Vict.
350 1875 390 1901 e.
427 1855 575 1912 Pich.)
612 1855 762 1898 Guelf.
797 1855 921 1900 Harl.
956 1856 1089 1899 Bodl.

196 1917 280 1959 les.
307 1916 420 1957 Bud.
458 1913 558 1969 edd.
590 1910 717 1955 Pieh.
752 1913 972 1971 Bernegg.
994 1930 1091 1972 sqq.

195 1997 250 2010 -
281 1973 476 2027 imponit
509 1970 610 2013 7MS.
640 1969 748 2027 Reg.
781 1978 823 2014 et
855 1972 954 2015 edd.
992 1979 1093 2014 ante

200 2031 463 2075 Pichenam.
809 2043 813 2048 ’

240 2132 384 2174 ..ιύεειζ
445 2128 521 2172 Sic
555 2129 653 2171 edd.
684 2127 829 2170 Rhen.
866 2128 935 2181 (ex
969 2128 1091 2185 inge-

197 2189 295 2244 nio)
329 2186 433 2231 Ald.
463 2185 559 2244 sqq.
596 2210 652 2218 --
711 2186 842 2228 iussit
877 2185 1013 2228 MSS.
1050 2196 1092 2230 et

197 2247 297 2290 edd.
336 2253 437 2288 ante
470 2243 734 2286 Rhenanum
773 2243 904 2295 (cum
942 2243 1090 2288 silent.

197 2303 349 2359 Viet.).
410 2301 496 2345 Sed
521 2300 698 2356 refugi,
731 2299 852 2357 quod
875 2302 1090 2358 sequitur,

143 2388 145 2391 »
197 2377 291 2405 non
315 2359 478 2403 tolerat
506 2359 651 2402 iussit.

253 2460 417 2517 refugi.
515 2459 590 2502 Sic
625 2456 760 2501 MSS.
797 2458 920 2501 Flor.
942 2461 977 2516 f(
989 2467 1092 2502 test.

195 2520 313 2562 vict.
347 2533 452 2560 cum
485 2515 610 2565 aliis)
648 2515 764 2559 Bud.
795 2514 946 2558 Guelf.
983 2515 1047 2559 Re
1081 2548 1092 2560 .

195 2577 319 2620 Harl.
344 2574 476 2618 Bodl.
505 2573 587 2627 les.
622 2572 721 2615 edd.
758 2572 959 2616 Rhenan.
986 2532 1091 2618 ΑΙΞ.

191 2650 292 2691 sqq.
331 2658 384 2668 -
458 2629 671 2686 refugere
702 2630 800 2674 MS.
833 2630 948 2683 Agr.
985 2631 1087 2674 edd.

188 2685 313 2752 spir.
349 2691 452 2732 Put.
488 2688 556 2729 M.
593 2695 635 2731 et
659 2686 713 2730 V.
741 2677 948 2730 Beroa‘ld.
985 2686 1087 2732 Ale.

196 2773 255 2780 —
285 2748 391 2790 Mox
424 2746 491 2789 ed.
519 2744 638 2802 Spir.
661 2743 973 2800 festinatione
1003 2760 1123 2804 pro.-

185 2805 561 2862 festinationem.

207 2927 217 2934 -
255 2906 553 2948 oborirentur.
611 2903 688 2947 Sic
710 2903 808 2948 MS.
828 2903 950 2947 Flor.
975 2902 1088 2957 (test.

199 2961 424 3017 Victorio)
457 2961 562 3004 edd.
596 2960 740 3004 Rhen.
768 2960 874 3003 ΑΜ.
899 2975 997 3018 sqq.
1032 2983 1090 2994 —

197 3026 514 3065 coercerentur-
533 3018 664 3061 MSS.
682 3018 785 3075 lleg.
801 3018 923 3062 Harl.
937 3018 1089 3062 Guelf.

199 3079 301 3121 edd.
340 3076 454 3133 Spir.
488 3076 590 3117 Put.
628 3075 692 3118 M.
728 3083 770 3117 et
799 3075 854 3119 V.
879 3075 1086 3119 Beroald.

198 3136 299 3180 Alc.
324 3157 381 3165 —
431 3140 693 3174 coercerent
715 3133 816 3177 MS.
840 3133 972 3177 Bodl.

255 3231 473 3271 aggerem
508 3215 624 3258 viae.
697 3214 782 3259 Int.
814 3216 1088 3261 Postumiae.

200 3276 305 3319 vid.
330 3272 436 3316 infr.
461 3271 500 3319 3,
525 3272 594 3313 21.

255 3361 363 3401 altis*
389 3356 644 3398 ordinibus.
706 3356 782 3398 Sic
804 3356 938 3399 MSS.
967 3357 1092 3401 Flor.

200 3414 447 3470 (test.Vict.
474 3428 575 3455 cum
596 3411 789 3470 Ryclzio)
817 3413 926 3469 Reg.
951 3413 1089 3457 Corb.

198 3473 316 3516 Bud.
344 3469 495 3514 Guelf.
522 3471 632 3527 Agr.
665 3469 765 3511 edd.
799 3470 914 3525 Spir.
943 3469 1087 3529 Ryclt.

198 3531 376 3573 Ernest.
403 3527 528 3570 Brot.
552 3541 648 3582 sqq.
674 3550 729 3560 ——
783 3529 928 3568 arctis
960 3531 1089 3569 ordi-

194 3590 330 3630 ,m'bus
361 3584 609 3627 MS.130‹11.
643 3583 744 3627 edd.
773 3582 872 3626 Put.
902 3600 997 3641 sqq.
1030 3585 1085 3627 ad

1165 1583 1403 1642 Ryekium.
1424 1612 1482 1620 -
1516 1585 1686 1627 ultibus
1707 1577 1806 1627 MS.
1826 1582 1912 1628 {es-
1980 1583 2054 1635 De

1164 1658 1214 1685 re
1237 1642 1298 1687 ef.
1328 1641 1480 1699 Veget.
1510 1640 1552 1690 3,
1578 1641 1650 1687 15.

1220 1728 1397 1767 dextra
1403 1724 1590 1780 fronte.
1637 1723 1697 1770 H.
1718 1741 1758 1769 e.
1782 1724 1936 1768 dextro
1958 1740 2056 1769 cor·

1166 1799 1241 1825 nu.
1301 1781 1359 1825 cf.
1387 1781 1514 1826 Curt.
1538 1782 1579 1834 4,
1607 1782 1677 1826 13.
1737 1781 1977 1827 Claudian.
2005 1781 2054 1825 in

1164 1839 1269 1882 Rus.
1292 1840 1332 1891 2,
1359 1839 1456 1882 174.
1516 1840 1694 1897 Lipsius*
1712 1840 1879 1883 frustra
1904 1843 2055 1886 emen·

1165 1898 1318 1941 dabatz
1353 1899 1592 1940 obtinuere
1613 1899 1802 1941 dextra.
1835 1898 1881 1941 A
1889 1897 2056 1954 fronte

1165 1964 1252 1998 etc.
1314 1955 1389 1998 Sic
1408 1964 1556 1998 tamen
1580 1954 1828 2014 Bipontin'r.
1847 1972 1907 1992 -·-
1934 1947 2055 1998 dex·-

1164 2019 1270 2055 teru
1295 2013 1365 2056 ed.
1389 2013 1508 2070 Spir-

1223 2112 1326 2138 cum
1346 2099 1529 2139 duabus
1558 2098 1867 2162 augiliuribus
1892 2097 2056 2139 cohor-

1165 2154 1299 2196 tibus.
1414 2153 1452 2196 E
1505 2153 1790 2198 correctione
1836 2153 2057 2206 Mercari,

1164 2227 1298 2267 quam
1331 2211 1503 2268 Lipsius
1531 2211 1580 2254 in
1610 2209 1884 2268 marginem,
1904 2209 2055 2256 ,Pieli-

1163 2269 1384 2326 Bernegg.
1419 2285 1519 2326 sqq.
1553 2268 1600 2311 in
1634 2277 1893 2313 contextum
1931 2283 2055 2311 rece·

1163 2336 1344 2384 perum.
1387 2324 1656 2371 M5.Gue1s.
1671 2327 1933 2372 duobus.-
1961 2325 2057 2370 Pro

1162 2385 1473 2427 auxiliaribus
1530 2392 1596 2427 est
1644 2384 1960 2430 vexillaribus.
2007 2382 2056 2427 in

1163 2441 1302 2485 MSS.
1327 2440 1456 2484 Flor.
1472 2441 1590 2494 (test.
1617 2439 1746 2484 Pieh.
1770 2449 1814 2485 et
1834 2441 1919 2486 Iac.
1939 2439 2055 2486 Gro-

1163 2500 1286 2553 nov.)
1315 2498 1426 2556 Reg.
1454 2498 1576 2542 Harl.
1599 2496 1736 2542 Bodl.
1761 2498 1919 2544 Guelf.
1952 2497 2054 2543 edd.

1164 2556 1282 2615 Spir.
1304 2557 1406 2600 Put.
1430 2555 1638 2601 Beroald.
1673 2558 1798 2610 (eum
1826 2556 1890 2600 sil.
1918 2556 2056 2614 vict.)

1163 2630 1259 2673 sqq.
1307 2616 1359 2657 ad
1414 2613 1681 2665 Pichenam3
1750 2613 2055 2660 vexiliaribus

1162 2673 1207 2715 in
1232 2672 1332 2714 MS.
1359 2671 1501 2722 Bud.;
1543 2671 1806 2715 vexillariis
1840 2672 1888 2715 in
1920 2671 2057 2720 MSS.

1166 2731 1246 2773 les.
1272 2729 1384 2786 Agr.
1408 2728 1545 2773 Corb.
1614 2730 1703 2773 Sed
1738 2730 1982 2774 vexillarios
2007 2731 2054 2776 in

1162 2786 1370 2831 cohortes
1413 2785 1576 2830 divisos
1622 2802 1843 2855 unu-squam
1880 2789 2054 2847 reperi-

1161 2861 1319 2944 zuf.
1336 2847 1780 2946 ²1215202f..¹:1:¹.32¹.³‘³
1793 2844 2055 2948 tart

1163 2958 1476 3006 Gutmannus‚
1508 2961 1583 3016 qui
1609 2959 1736 3004 latius
1774 2960 1829 3004 de
1859 2960 1948 3015 boc
1976 2978 2053 3020 po·

1162 3018 1246 3060 situ
1292 3017 1523 3074 copiarum
1568 3017 1779 3075 disputat.
1855 3017 2055 3075 Ryekius

1163 3073 1287 3117 nulla
1302 3074 1460 3116 veteris
1472 3076 1718 3132 scripturae
1741 3077 2052 3120 emendatione

1163 3148 1276 3190 opus
1296 3131 1431 3174 fuisse
1453 3140 1621 3175 censet.

1221 3231 1245 3257 e
1272 3216 1525 3270 praetorio.
1582 3214 1664 3259 Ed.
1688 3216 1807 3275 Spir.
1831 3226 1874 3261 et
1888 3224 2050 3288 argtu-

1164 3275 1251 3315 rz‘o.
1284 3298 1334 3307 --
1392 3273 1498 3315 Mox
1540 3273 1609 3316 ed.
1647 3275 1855 3318 Beroald.
1894 3275 2052 3321 vitiose

1159 3331 1410 3396 prospesis.
1465 3330 1691 3376 victorius
1718 3348 1836 3378 corr..
1856 3347 2050 3389 prospe·

1164 3401 1250 3430 ris.

1220 3479 1304 3513 aut
1334 3474 1606 3516 subsidium.
1669 3473 1770 3517 MS.
1798 3473 2054 3519 Guelf..ae'me

1161 3530 1208 3627 iln
1250 3531 1527 3580 subsidium,
1570 3546 1619 3572 ex
1652 3531 1916 3576 emendandi
1951 3542 2049 3577 stu·

1161 3601 1255 3630 410.
1981 3599 1983 3602 ’
