<?xml version="1.0" encoding="UTF-8"?>
<!DOCTYPE html PUBLIC "-//W3C//DTD XHTML 1.0 Transitional//EN"
    "http://www.w3.org/TR/xhtml1/DTD/xhtml1-transitional.dtd">
<html xmlns="http://www.w3.org/1999/xhtml" xml:lang="en" lang="en">
 <head>
  <title>
</title>
<meta http-equiv="Content-Type" content="text/html;charset=utf-8" />
  <meta name='ocr-system' content='tesseract 3.04.00' />
  <meta name='ocr-capabilities' content='ocr_page ocr_carea ocr_par ocr_line ocrx_word'/>
</head>
<body>
  <div class='ocr_page' id='page_1' title='image "./operarecensuitet03taciuoft_0115.png"; bbox 0 0 2138 4030; ppageno 0'>
   <div class='ocr_carea' id='block_1_1' title="bbox 144 235 355 317">
    <p class='ocr_par' dir='ltr' id='par_1_1' title="bbox 144 235 355 317">
     <span class='ocr_line' id='line_1_1' title="bbox 144 235 355 274; baseline -0.019 -1"><span class='ocrx_word' id='word_1_1' title='bbox 144 235 355 274; x_wconf 80' lang='lat' dir='ltr'>A.U.823.</span> 
     </span>
     <span class='ocr_line' id='line_1_2' title="bbox 146 281 355 317; baseline -0.029 0"><span class='ocrx_word' id='word_1_2' title='bbox 146 284 193 317; x_wconf 88' lang='lat' dir='ltr'>A.</span> <span class='ocrx_word' id='word_1_3' title='bbox 213 282 259 316; x_wconf 88' lang='lat' dir='ltr'>C.</span> <span class='ocrx_word' id='word_1_4' title='bbox 298 281 355 314; x_wconf 67' lang='lat'>70.</span> 
     </span>
    </p>
   </div>
   <div class='ocr_carea' id='block_1_2' title="bbox 574 200 1911 298">
    <p class='ocr_par' dir='ltr' id='par_1_2' title="bbox 574 200 1911 298">
     <span class='ocr_line' id='line_1_3' title="bbox 574 200 1911 298; baseline 0.003 -4"><span class='ocrx_word' id='word_1_5' title='bbox 574 235 743 295; x_wconf 68' lang='grc' dir='ltr'>ΜΒ.</span> <span class='ocrx_word' id='word_1_6' title='bbox 777 234 822 294; x_wconf 86' lang='lat'>1.</span> <span class='ocrx_word' id='word_1_7' title='bbox 863 200 865 203; x_wconf 64' lang='grc'><strong>’</strong></span> <span class='ocrx_word' id='word_1_8' title='bbox 903 234 1022 292; x_wconf 77' lang='lat' dir='ltr'>CA</span> <span class='ocrx_word' id='word_1_9' title='bbox 1036 234 1096 294; x_wconf 81' lang='lat' dir='ltr'>P.</span> <span class='ocrx_word' id='word_1_10' title='bbox 1140 236 1235 295; x_wconf 79' lang='lat'>73.</span> <span class='ocrx_word' id='word_1_11' title='bbox 1281 237 1381 294; x_wconf 83' lang='lat'>74.</span> <span class='ocrx_word' id='word_1_12' title='bbox 1797 237 1911 298; x_wconf 87' lang='lat'>105</span> 
     </span>
    </p>
   </div>
   <div class='ocr_carea' id='block_1_3' title="bbox 60 364 1928 1459">
    <p class='ocr_par' dir='ltr' id='par_1_3' title="bbox 61 364 1924 1023">
     <span class='ocr_line' id='line_1_4' title="bbox 63 364 1916 441; baseline -0.006 -10"><span class='ocrx_word' id='word_1_13' title='bbox 63 368 483 431; x_wconf 78' lang='lat' dir='ltr'>dissimulantis</span> <span class='ocrx_word' id='word_1_14' title='bbox 520 364 805 441; x_wconf 83' lang='lat' dir='ltr'>principis</span> <span class='ocrx_word' id='word_1_15' title='bbox 843 364 997 418; x_wconf 86' lang='lat' dir='ltr'>sama</span> <span class='ocrx_word' id='word_1_16' title='bbox 1035 364 1298 438; x_wconf 86' lang='lat' dir='ltr'>periculo</span> <span class='ocrx_word' id='word_1_17' title='bbox 1341 377 1601 438; x_wconf 82' lang='lat' dir='ltr'>exempta</span> <span class='ocrx_word' id='word_1_18' title='bbox 1628 380 1727 426; x_wconf 88' lang='lat' dir='ltr'>est.</span> <span class='ocrx_word' id='word_1_19' title='bbox 1789 389 1916 425; x_wconf 78' lang='lat' dir='ltr'>ma-</span> 
     </span>
     <span class='ocr_line' id='line_1_5' title="bbox 62 444 1914 532; baseline -0.004 -16"><span class='ocrx_word' id='word_1_20' title='bbox 62 458 238 532; x_wconf 85' lang='lat' dir='ltr'>gistra</span> <span class='ocrx_word' id='word_1_21' title='bbox 266 453 590 510; x_wconf 83' lang='lat' dir='ltr'>libidinum</span> <span class='ocrx_word' id='word_1_22' title='bbox 610 448 865 506; x_wconf 86' lang='lat' dir='ltr'>Neronis</span> <span class='ocrx_word' id='word_1_23' title='bbox 885 493 900 516; x_wconf 88' lang='lat'>‚</span> <span class='ocrx_word' id='word_1_24' title='bbox 946 460 1301 521; x_wconf 84' lang='lat' dir='ltr'>transgressa</span> <span class='ocrx_word' id='word_1_25' title='bbox 1326 450 1390 504; x_wconf 91' lang='lat' dir='ltr'>in</span> <span class='ocrx_word' id='word_1_26' title='bbox 1418 444 1679 506; x_wconf 85' lang='lat' dir='ltr'>Africam</span> <span class='ocrx_word' id='word_1_27' title='bbox 1711 455 1785 508; x_wconf 83' lang='lat' dir='ltr'>ad</span> <span class='ocrx_word' id='word_1_28' title='bbox 1819 455 1914 508; x_wconf 89' lang='lat' dir='ltr'>in·-</span> 
     </span>
     <span class='ocr_line' id='line_1_6' title="bbox 65 530 1916 615; baseline -0.009 -16"><span class='ocrx_word' id='word_1_29' title='bbox 65 541 397 615; x_wconf 83' lang='lat' dir='ltr'>stigandum</span> <span class='ocrx_word' id='word_1_30' title='bbox 444 538 508 592; x_wconf 92' lang='lat' dir='ltr'>in</span> <span class='ocrx_word' id='word_1_31' title='bbox 557 555 717 591; x_wconf 85' lang='lat' dir='ltr'>arma</span> <span class='ocrx_word' id='word_1_32' title='bbox 758 530 1039 589; x_wconf 88' lang='lat' dir='ltr'>Clodium</span> <span class='ocrx_word' id='word_1_33' title='bbox 1077 533 1378 601; x_wconf 69' lang='lat' dir='ltr'>blacrum,</span> <span class='ocrx_word' id='word_1_34' title='bbox 1444 534 1659 589; x_wconf 81' lang='lat' dir='ltr'>famem</span> <span class='ocrx_word' id='word_1_35' title='bbox 1698 540 1916 612; x_wconf 68' lang='lat' dir='ltr'>populo</span> 
     </span>
     <span class='ocr_line' id='line_1_7' title="bbox 61 618 1921 694; baseline -0.005 -11"><span class='ocrx_word' id='word_1_36' title='bbox 61 627 334 687; x_wconf 80' lang='lat' dir='ltr'>Romano</span> <span class='ocrx_word' id='word_1_37' title='bbox 365 619 526 688; x_wconf 84' lang='lat' dir='ltr'>haud</span> <span class='ocrx_word' id='word_1_38' title='bbox 550 621 796 677; x_wconf 80' lang='lat' dir='ltr'><strong>obscure</strong></span> <span class='ocrx_word' id='word_1_39' title='bbox 822 618 1056 687; x_wconf 83' lang='lat' dir='ltr'>molita,</span> <span class='ocrx_word' id='word_1_40' title='bbox 1083 619 1263 676; x_wconf 89' lang='lat' dir='ltr'>totius</span> <span class='ocrx_word' id='word_1_41' title='bbox 1286 629 1485 693; x_wconf 85' lang='lat' dir='ltr'>postea</span> <span class='ocrx_word' id='word_1_42' title='bbox 1512 618 1764 676; x_wconf 86' lang='lat' dir='ltr'>civitatis</span> <span class='ocrx_word' id='word_1_43' title='bbox 1790 643 1921 694; x_wconf 81' lang='lat' dir='ltr'>gra-</span> 
     </span>
     <span class='ocr_line' id='line_1_8' title="bbox 62 703 1921 778; baseline -0.009 -9"><span class='ocrx_word' id='word_1_44' title='bbox 62 714 205 770; x_wconf 85' lang='lat' dir='ltr'>tiam</span> <span class='ocrx_word' id='word_1_45' title='bbox 231 708 490 766; x_wconf 83' lang='lat' dir='ltr'>obtinuit</span> <span class='ocrx_word' id='word_1_46' title='bbox 513 703 811 761; x_wconf 84' lang='lat' dir='ltr'>consulari</span> <span class='ocrx_word' id='word_1_47' title='bbox 835 703 1214 759; x_wconf 88' lang='lat' dir='ltr'>matrimonio</span> <span class='ocrx_word' id='word_1_48' title='bbox 1244 704 1491 759; x_wconf 82' lang='lat' dir='ltr'>subnixa</span> <span class='ocrx_word' id='word_1_49' title='bbox 1522 715 1578 760; x_wconf 85' lang='lat' dir='ltr'>et</span> <span class='ocrx_word' id='word_1_50' title='bbox 1603 706 1758 778; x_wconf 84' lang='lat' dir='ltr'>apud.</span> <span class='ocrx_word' id='word_1_51' title='bbox 1776 705 1921 762; x_wconf 73' lang='lat' dir='ltr'>Gai-</span> 
     </span>
     <span class='ocr_line' id='line_1_9' title="bbox 63 787 1920 864; baseline -0.009 -10"><span class='ocrx_word' id='word_1_52' title='bbox 63 801 229 864; x_wconf 86' lang='lat' dir='ltr'>bam,</span> <span class='ocrx_word' id='word_1_53' title='bbox 273 789 610 859; x_wconf 81' lang='lat' dir='ltr'><strong>Othonem,</strong></span> <span class='ocrx_word' id='word_1_54' title='bbox 644 787 958 844; x_wconf 74' lang='lat' dir='ltr'>Vitellium</span> <span class='ocrx_word' id='word_1_55' title='bbox 982 789 1231 862; x_wconf 78' lang='lat' dir='ltr'>inlaesa.</span> <span class='ocrx_word' id='word_1_56' title='bbox 1275 809 1413 844; x_wconf 80' lang='lat' dir='ltr'>mox</span> <span class='ocrx_word' id='word_1_57' title='bbox 1438 800 1647 862; x_wconf 88' lang='lat' dir='ltr'>potens</span> <span class='ocrx_word' id='word_1_58' title='bbox 1673 793 1920 864; x_wconf 64' lang='lat' dir='ltr'>pecunia</span> 
     </span>
     <span class='ocr_line' id='line_1_10' title="bbox 64 873 1924 953; baseline -0.009 -14"><span class='ocrx_word' id='word_1_59' title='bbox 64 894 118 939; x_wconf 89' lang='lat' dir='ltr'>et</span> <span class='ocrx_word' id='word_1_60' title='bbox 155 878 434 946; x_wconf 82' lang='lat' dir='ltr'>orbitate,</span> <span class='ocrx_word' id='word_1_61' title='bbox 502 894 648 953; x_wconf 88' lang='lat' dir='ltr'>quae</span> <span class='ocrx_word' id='word_1_62' title='bbox 687 874 862 929; x_wconf 87' lang='lat' dir='ltr'>bonis</span> <span class='ocrx_word' id='word_1_63' title='bbox 896 874 1184 951; x_wconf 88' lang='lat' dir='ltr'>malisque</span> <span class='ocrx_word' id='word_1_64' title='bbox 1219 873 1585 949; x_wconf 81' lang='lat' dir='ltr'>temporibus</span> <span class='ocrx_word' id='word_1_65' title='bbox 1627 874 1787 932; x_wconf 83' lang='lat' dir='ltr'>iuxta</span> <span class='ocrx_word' id='word_1_66' title='bbox 1821 896 1924 930; x_wconf 73' lang='lat' dir='ltr'>va-</span> 
     </span>
     <span class='ocr_line' id='line_1_11' title="bbox 64 969 202 1023; baseline 0.007 -1"><span class='ocrx_word' id='word_1_67' title='bbox 64 969 202 1023; x_wconf 89' lang='lat' dir='ltr'>lent.</span> 
     </span>
    </p>

    <p class='ocr_par' dir='ltr' id='par_1_4' title="bbox 60 1042 1928 1459">
     <span class='ocr_line' id='line_1_12' title="bbox 227 1042 1924 1105; baseline -0.003 0"><span class='ocrx_word' id='word_1_68' title='bbox 227 1044 503 1105; x_wconf 87' lang='lat' dir='ltr'>LXXIV.</span> <span class='ocrx_word' id='word_1_69' title='bbox 559 1042 813 1102; x_wconf 78' lang='lat' dir='ltr'>Crebrae</span> <span class='ocrx_word' id='word_1_70' title='bbox 858 1043 1098 1098; x_wconf 84' lang='lat' dir='ltr'>interim</span> <span class='ocrx_word' id='word_1_71' title='bbox 1138 1054 1195 1099; x_wconf 87' lang='lat' dir='ltr'>et</span> <span class='ocrx_word' id='word_1_72' title='bbox 1240 1043 1638 1100; x_wconf 76' lang='lat' dir='ltr'>muliebribus</span> <span class='ocrx_word' id='word_1_73' title='bbox 1686 1043 1924 1101; x_wconf 86' lang='lat' dir='ltr'>blandi-</span> 
     </span>
     <span class='ocr_line' id='line_1_13' title="bbox 60 1125 1925 1203; baseline -0.003 -12"><span class='ocrx_word' id='word_1_74' title='bbox 60 1134 272 1192; x_wconf 78' lang='lat' dir='ltr'>mentis</span> <span class='ocrx_word' id='word_1_75' title='bbox 299 1133 549 1188; x_wconf 87' lang='lat' dir='ltr'>insectae</span> <span class='ocrx_word' id='word_1_76' title='bbox 578 1131 651 1186; x_wconf 90' lang='lat' dir='ltr'>ab</span> <span class='ocrx_word' id='word_1_77' title='bbox 680 1125 923 1185; x_wconf 82' lang='lat' dir='ltr'>Othone</span> <span class='ocrx_word' id='word_1_78' title='bbox 951 1129 1024 1182; x_wconf 90' lang='lat' dir='ltr'>ad</span> <span class='ocrx_word' id='word_1_79' title='bbox 1051 1126 1368 1184; x_wconf 88' lang='lat' dir='ltr'>Vitellium</span> <span class='ocrx_word' id='word_1_80' title='bbox 1397 1128 1672 1203; x_wconf 85' lang='lat' dir='ltr'>epistolae</span> <span class='ocrx_word' id='word_1_81' title='bbox 1712 1131 1925 1187; x_wconf 82' lang='lat' dir='ltr'>offere-</span> 
     </span>
     <span class='ocr_line' id='line_1_14' title="bbox 64 1214 1923 1293; baseline -0.007 -18"><span class='ocrx_word' id='word_1_82' title='bbox 64 1223 209 1277; x_wconf 86' lang='lat' dir='ltr'>bant</span> <span class='ocrx_word' id='word_1_83' title='bbox 235 1218 547 1293; x_wconf 87' lang='lat' dir='ltr'>pecuniam</span> <span class='ocrx_word' id='word_1_84' title='bbox 572 1228 626 1271; x_wconf 90' lang='lat' dir='ltr'>et</span> <span class='ocrx_word' id='word_1_85' title='bbox 652 1214 897 1286; x_wconf 77' lang='lat' dir='ltr'>gratiam</span> <span class='ocrx_word' id='word_1_86' title='bbox 937 1225 993 1269; x_wconf 88' lang='lat' dir='ltr'>et</span> <span class='ocrx_word' id='word_1_87' title='bbox 1034 1233 1443 1289; x_wconf 84' lang='lat' dir='ltr'>quemcunque</span> <span class='ocrx_word' id='word_1_88' title='bbox 1476 1215 1688 1289; x_wconf 87' lang='lat' dir='ltr'>quietis</span> <span class='ocrx_word' id='word_1_89' title='bbox 1726 1216 1923 1271; x_wconf 80' lang='lat' dir='ltr'>locum</span> 
     </span>
     <span class='ocr_line' id='line_1_15' title="bbox 62 1297 1923 1379; baseline -0.005 -20"><span class='ocrx_word' id='word_1_90' title='bbox 62 1304 342 1379; x_wconf 76' lang='lat' dir='ltr'>prodigae</span> <span class='ocrx_word' id='word_1_91' title='bbox 365 1302 517 1357; x_wconf 87' lang='lat' dir='ltr'>vitae</span> <span class='ocrx_word' id='word_1_92' title='bbox 544 1297 792 1372; x_wconf 83' lang='lat' dir='ltr'>legisset.</span> <span class='ocrx_word' id='word_1_93' title='bbox 849 1298 1014 1371; x_wconf 87' lang='lat' dir='ltr'>paria</span> <span class='ocrx_word' id='word_1_94' title='bbox 1031 1297 1305 1355; x_wconf 75' lang='lat' dir='ltr'>Vitellius</span> <span class='ocrx_word' id='word_1_95' title='bbox 1331 1301 1687 1368; x_wconf 78' lang='lat' dir='ltr'>ostentabat,</span> <span class='ocrx_word' id='word_1_96' title='bbox 1732 1301 1923 1376; x_wconf 83' lang='lat' dir='ltr'>primo</span> 
     </span>
     <span class='ocr_line' id='line_1_16' title="bbox 63 1383 1928 1459; baseline -0.003 -14"><span class='ocrx_word' id='word_1_97' title='bbox 63 1389 336 1455; x_wconf 81' lang='lat' dir='ltr'>mollius,</span> <span class='ocrx_word' id='word_1_98' title='bbox 391 1387 566 1442; x_wconf 86' lang='lat' dir='ltr'>stulta</span> <span class='ocrx_word' id='word_1_99' title='bbox 608 1384 907 1459; x_wconf 83' lang='lat' dir='ltr'>utrimque</span> <span class='ocrx_word' id='word_1_100' title='bbox 938 1394 992 1439; x_wconf 90' lang='lat' dir='ltr'>et</span> <span class='ocrx_word' id='word_1_101' title='bbox 1020 1383 1296 1439; x_wconf 87' lang='lat' dir='ltr'>indecora</span> <span class='ocrx_word' id='word_1_102' title='bbox 1333 1384 1734 1441; x_wconf 86' lang='lat' dir='ltr'>simulatione:</span> <span class='ocrx_word' id='word_1_103' title='bbox 1791 1406 1928 1442; x_wconf 82' lang='lat' dir='ltr'>mox.</span> 
     </span>
    </p>
   </div>
   <div class='ocr_carea' id='block_1_4' title="bbox 64 1595 966 2118">
    <p class='ocr_par' dir='ltr' id='par_1_5' title="bbox 64 1595 964 1995">
     <span class='ocr_line' id='line_1_17' title="bbox 66 1595 959 1656; baseline -0.006 -13"><span class='ocrx_word' id='word_1_104' title='bbox 66 1602 206 1644; x_wconf 75' lang='lat' dir='ltr'>Rben.</span> <span class='ocrx_word' id='word_1_105' title='bbox 229 1614 323 1656; x_wconf 86' lang='lat' dir='ltr'>sqq.</span> <span class='ocrx_word' id='word_1_106' title='bbox 359 1607 401 1641; x_wconf 82' lang='lat' dir='ltr'>et</span> <span class='ocrx_word' id='word_1_107' title='bbox 434 1598 497 1640; x_wconf 83' lang='lat' dir='ltr'>sic</span> <span class='ocrx_word' id='word_1_108' title='bbox 529 1598 659 1654; x_wconf 75' lang='lat' dir='ltr'>vulgo</span> <span class='ocrx_word' id='word_1_109' title='bbox 687 1595 822 1640; x_wconf 85' lang='lat' dir='ltr'><strong>MSS.</strong></span> <span class='ocrx_word' id='word_1_110' title='bbox 849 1605 959 1640; x_wconf 80' lang='lat' dir='ltr'>teste</span> 
     </span>
     <span class='ocr_line' id='line_1_18' title="bbox 64 1654 959 1713; baseline -0.008 -11"><span class='ocrx_word' id='word_1_111' title='bbox 64 1657 298 1707; x_wconf 70' lang='lat' dir='ltr'>Broterio,</span> <span class='ocrx_word' id='word_1_112' title='bbox 339 1655 413 1713; x_wconf 89' lang='lat' dir='ltr'>qui</span> <span class='ocrx_word' id='word_1_113' title='bbox 450 1664 598 1697; x_wconf 72' lang='lat' dir='ltr'>tamen</span> <span class='ocrx_word' id='word_1_114' title='bbox 632 1656 768 1698; x_wconf 86' lang='lat' dir='ltr'>edidit</span> <span class='ocrx_word' id='word_1_115' title='bbox 794 1654 959 1696; x_wconf 79' lang='lat' dir='ltr'>Calvia</span> 
     </span>
     <span class='ocr_line' id='line_1_19' title="bbox 70 1711 957 1770; baseline -0.006 -12"><span class='ocrx_word' id='word_1_116' title='bbox 70 1716 358 1770; x_wconf 72' lang='lat' dir='ltr'>Crispinilla,</span> <span class='ocrx_word' id='word_1_117' title='bbox 401 1713 503 1769; x_wconf 87' lang='lat' dir='ltr'>quia</span> <span class='ocrx_word' id='word_1_118' title='bbox 537 1711 767 1768; x_wconf 80' lang='lat' dir='ltr'>Xiphilino</span> <span class='ocrx_word' id='word_1_119' title='bbox 793 1712 862 1763; x_wconf 77' lang='lat'>63,</span> <span class='ocrx_word' id='word_1_120' title='bbox 888 1712 957 1754; x_wconf 70' lang='lat'>1⁶2.</span> 
     </span>
     <span class='ocr_line' id='line_1_20' title="bbox 68 1769 963 1824; baseline -0.007 -8"><span class='ocrx_word' id='word_1_121' title='bbox 68 1774 221 1816; x_wconf 81' lang='lat' dir='ltr'>eadem</span> <span class='ocrx_word' id='word_1_122' title='bbox 281 1770 445 1813; x_wconf 72' lang='lat' dir='ltr'>&lt;licitur</span> <span class='ocrx_word' id='word_1_123' title='bbox 497 1769 705 1811; x_wconf 58' lang='lat' dir='ltr'>Kakov&#39;i‘a</span> <span class='ocrx_word' id='word_1_124' title='bbox 761 1773 963 1824; x_wconf 68' lang='grc' dir='ltr'>Κρισπι-</span> 
     </span>
     <span class='ocr_line' id='line_1_21' title="bbox 68 1827 964 1880; baseline -0.004 -8"><span class='ocrx_word' id='word_1_125' title='bbox 68 1832 218 1875; x_wconf 53' lang='lat' dir='ltr'>vitia.</span> <span class='ocrx_word' id='word_1_126' title='bbox 250 1855 308 1865; x_wconf 81' lang='lat'>--·</span> <span class='ocrx_word' id='word_1_127' title='bbox 370 1827 562 1869; x_wconf 55' lang='lat' dir='ltr'>Gallina</span> <span class='ocrx_word' id='word_1_128' title='bbox 592 1827 860 1880; x_wconf 77' lang='lat' dir='ltr'>Crispinilla</span> <span class='ocrx_word' id='word_1_129' title='bbox 894 1827 964 1868; x_wconf 86' lang='lat' dir='ltr'>ed.</span> 
     </span>
     <span class='ocr_line' id='line_1_22' title="bbox 70 1884 962 1945; baseline -0.003 -16"><span class='ocrx_word' id='word_1_130' title='bbox 70 1888 189 1945; x_wconf 82' lang='lat' dir='ltr'>Spir.</span> <span class='ocrx_word' id='word_1_131' title='bbox 234 1909 291 1918; x_wconf 90' lang='lat'>--</span> <span class='ocrx_word' id='word_1_132' title='bbox 368 1884 537 1926; x_wconf 73' lang='lat' dir='ltr'>Galvia</span> <span class='ocrx_word' id='word_1_133' title='bbox 573 1884 821 1937; x_wconf 65' lang='lat' dir='ltr'>Crispiana</span> <span class='ocrx_word' id='word_1_134' title='bbox 859 1884 962 1926; x_wconf 80' lang='lat' dir='ltr'>edd.</span> 
     </span>
     <span class='ocr_line' id='line_1_23' title="bbox 70 1941 964 1995; baseline -0.003 -9"><span class='ocrx_word' id='word_1_135' title='bbox 70 1944 295 1988; x_wconf 73' lang='lat' dir='ltr'>Put.Alc.</span> <span class='ocrx_word' id='word_1_136' title='bbox 329 1965 384 1974; x_wconf 86' lang='lat'>--</span> <span class='ocrx_word' id='word_1_137' title='bbox 432 1942 687 1995; x_wconf 75' lang='lat' dir='ltr'>Crispinila</span> <span class='ocrx_word' id='word_1_138' title='bbox 712 1941 964 1984; x_wconf 69' lang='lat' dir='ltr'>MS.C02·t›.</span> 
     </span>
    </p>

    <p class='ocr_par' dir='ltr' id='par_1_6' title="bbox 74 1997 966 2118">
     <span class='ocr_line' id='line_1_24' title="bbox 130 1997 965 2044; baseline -0.006 -1"><span class='ocrx_word' id='word_1_139' title='bbox 130 2000 483 2044; x_wconf 77' lang='lat' dir='ltr'>dissimulantis.</span> <span class='ocrx_word' id='word_1_140' title='bbox 546 1997 643 2040; x_wconf 80' lang='lat' dir='ltr'>Hoc</span> <span class='ocrx_word' id='word_1_141' title='bbox 664 2000 850 2041; x_wconf 79' lang='lat' dir='ltr'>verbum</span> <span class='ocrx_word' id='word_1_142' title='bbox 873 2014 965 2039; x_wconf 87' lang='lat' dir='ltr'>non</span> 
     </span>
     <span class='ocr_line' id='line_1_25' title="bbox 74 2055 966 2118; baseline -0.009 -15"><span class='ocrx_word' id='word_1_143' title='bbox 74 2067 254 2118; x_wconf 77' lang='lat' dir='ltr'>apparet</span> <span class='ocrx_word' id='word_1_144' title='bbox 288 2057 334 2098; x_wconf 81' lang='lat' dir='ltr'>in</span> <span class='ocrx_word' id='word_1_145' title='bbox 371 2056 441 2098; x_wconf 85' lang='lat' dir='ltr'>ed.</span> <span class='ocrx_word' id='word_1_146' title='bbox 478 2055 597 2112; x_wconf 76' lang='lat' dir='ltr'>Spir.</span> <span class='ocrx_word' id='word_1_147' title='bbox 671 2056 777 2097; x_wconf 80' lang='lat' dir='ltr'>Mox</span> <span class='ocrx_word' id='word_1_148' title='bbox 812 2055 966 2096; x_wconf 82' lang='lat' dir='ltr'>eadem</span> 
     </span>
    </p>
   </div>
   <div class='ocr_carea' id='block_1_5' title="bbox 1031 1596 1986 2114">
    <p class='ocr_par' dir='ltr' id='par_1_7' title="bbox 1031 1596 1932 1828">
     <span class='ocr_line' id='line_1_26' title="bbox 1031 1596 1931 1654; baseline 0.003 -14"><span class='ocrx_word' id='word_1_149' title='bbox 1031 1612 1129 1654; x_wconf 82' lang='lat' dir='ltr'>sqq.</span> <span class='ocrx_word' id='word_1_150' title='bbox 1173 1622 1233 1632; x_wconf 90' lang='lat'><em>-</em></span> <span class='ocrx_word' id='word_1_151' title='bbox 1309 1598 1551 1641; x_wconf 58' lang='lat' dir='ltr'>blandicias</span> <span class='ocrx_word' id='word_1_152' title='bbox 1590 1596 1663 1644; x_wconf 83' lang='lat' dir='ltr'>vel</span> <span class='ocrx_word' id='word_1_153' title='bbox 1699 1600 1931 1647; x_wconf 60' lang='lat' dir='ltr'>blanditiis·</span> 
     </span>
     <span class='ocr_line' id='line_1_27' title="bbox 1031 1654 1929 1700; baseline 0.003 -4"><span class='ocrx_word' id='word_1_154' title='bbox 1031 1654 1170 1699; x_wconf 87' lang='lat' dir='ltr'>MSS.</span> <span class='ocrx_word' id='word_1_155' title='bbox 1207 1654 1358 1697; x_wconf 85' lang='lat' dir='ltr'>Guelf.</span> <span class='ocrx_word' id='word_1_156' title='bbox 1399 1656 1528 1698; x_wconf 79' lang='lat' dir='ltr'>Bodl.</span> <span class='ocrx_word' id='word_1_157' title='bbox 1561 1656 1643 1698; x_wconf 91' lang='lat' dir='ltr'>Ies.</span> <span class='ocrx_word' id='word_1_158' title='bbox 1691 1656 1788 1699; x_wconf 83' lang='lat' dir='ltr'>edd.</span> <span class='ocrx_word' id='word_1_159' title='bbox 1824 1657 1929 1700; x_wconf 76' lang='lat' dir='ltr'>Put.</span> 
     </span>
     <span class='ocr_line' id='line_1_28' title="bbox 1033 1712 1932 1757; baseline 0 -1"><span class='ocrx_word' id='word_1_160' title='bbox 1033 1714 1102 1756; x_wconf 85' lang='lat' dir='ltr'>M..</span> <span class='ocrx_word' id='word_1_161' title='bbox 1141 1721 1183 1755; x_wconf 76' lang='lat' dir='ltr'>et</span> <span class='ocrx_word' id='word_1_162' title='bbox 1215 1713 1274 1755; x_wconf 84' lang='lat' dir='ltr'>V.</span> <span class='ocrx_word' id='word_1_163' title='bbox 1311 1712 1519 1756; x_wconf 81' lang='lat' dir='ltr'>Beroald.</span> <span class='ocrx_word' id='word_1_164' title='bbox 1557 1714 1657 1756; x_wconf 82' lang='lat' dir='ltr'>Ale.</span> <span class='ocrx_word' id='word_1_165' title='bbox 1742 1715 1802 1756; x_wconf 82' lang='lat' dir='ltr'>At</span> <span class='ocrx_word' id='word_1_166' title='bbox 1831 1715 1932 1757; x_wconf 77' lang='lat' dir='ltr'>MS.</span> 
     </span>
     <span class='ocr_line' id='line_1_29' title="bbox 1034 1770 1932 1828; baseline 0.003 -16"><span class='ocrx_word' id='word_1_167' title='bbox 1034 1771 1165 1813; x_wconf 76' lang='lat' dir='ltr'>Bodi.</span> <span class='ocrx_word' id='word_1_168' title='bbox 1193 1771 1236 1811; x_wconf 90' lang='lat' dir='ltr'>in</span> <span class='ocrx_word' id='word_1_169' title='bbox 1261 1786 1401 1828; x_wconf 82' lang='lat' dir='ltr'>marg.</span> <span class='ocrx_word' id='word_1_170' title='bbox 1427 1770 1558 1812; x_wconf 83' lang='lat' dir='ltr'>habet</span> <span class='ocrx_word' id='word_1_171' title='bbox 1590 1773 1932 1815; x_wconf 80' lang='lat' dir='ltr'>blandimentis.</span> 
     </span>
    </p>

    <p class='ocr_par' dir='ltr' id='par_1_8' title="bbox 1039 1827 1986 2114">
     <span class='ocr_line' id='line_1_30' title="bbox 1097 1827 1930 1881; baseline 0.002 -12"><span class='ocrx_word' id='word_1_172' title='bbox 1097 1828 1364 1881; x_wconf 81' lang='lat' dir='ltr'>offerebant.</span> <span class='ocrx_word' id='word_1_173' title='bbox 1426 1827 1501 1870; x_wconf 77' lang='lat' dir='ltr'>Sic</span> <span class='ocrx_word' id='word_1_174' title='bbox 1521 1828 1759 1871; x_wconf 81' lang='lat' dir='ltr'>Rhenanus</span> <span class='ocrx_word' id='word_1_175' title='bbox 1786 1846 1833 1870; x_wconf 83' lang='lat' dir='ltr'>ex</span> <span class='ocrx_word' id='word_1_176' title='bbox 1858 1830 1930 1871; x_wconf 90' lang='lat' dir='ltr'>in—</span> 
     </span>
     <span class='ocr_line' id='line_1_31' title="bbox 1039 1884 1935 1943; baseline 0.003 -17"><span class='ocrx_word' id='word_1_177' title='bbox 1039 1886 1169 1943; x_wconf 70' lang='lat' dir='ltr'>genio</span> <span class='ocrx_word' id='word_1_178' title='bbox 1185 1919 1196 1937; x_wconf 93' lang='lat'>‚</span> <span class='ocrx_word' id='word_1_179' title='bbox 1226 1886 1359 1941; x_wconf 86' lang='lat' dir='ltr'>idque</span> <span class='ocrx_word' id='word_1_180' title='bbox 1383 1884 1542 1927; x_wconf 83' lang='lat' dir='ltr'>deinde</span> <span class='ocrx_word' id='word_1_181' title='bbox 1566 1902 1719 1928; x_wconf 85' lang='lat' dir='ltr'>omues</span> <span class='ocrx_word' id='word_1_182' title='bbox 1744 1885 1935 1930; x_wconf 76' lang='lat' dir='ltr'>editores</span> 
     </span>
     <span class='ocr_line' id='line_1_32' title="bbox 1039 1942 1934 1987; baseline 0.003 -4"><span class='ocrx_word' id='word_1_183' title='bbox 1039 1942 1338 1985; x_wconf 74' lang='lat' dir='ltr'>retinuerunt.</span> <span class='ocrx_word' id='word_1_184' title='bbox 1420 1942 1554 1985; x_wconf 80' lang='lat' dir='ltr'>MSS.</span> <span class='ocrx_word' id='word_1_185' title='bbox 1601 1951 1643 1985; x_wconf 82' lang='lat' dir='ltr'>et</span> <span class='ocrx_word' id='word_1_186' title='bbox 1687 1942 1786 1985; x_wconf 85' lang='lat' dir='ltr'>edd.</span> <span class='ocrx_word' id='word_1_187' title='bbox 1835 1952 1934 1987; x_wconf 80' lang='lat' dir='ltr'>ante</span> 
     </span>
     <span class='ocr_line' id='line_1_33' title="bbox 1039 2000 1986 2053; baseline 0.003 -12"><span class='ocrx_word' id='word_1_188' title='bbox 1039 2000 1306 2042; x_wconf 62' lang='lat' dir='ltr'>Rhenanam</span> <span class='ocrx_word' id='word_1_189' title='bbox 1331 2000 1666 2053; x_wconf 76' lang='lat' dir='ltr'>offerebantur,</span> <span class='ocrx_word' id='word_1_190' title='bbox 1696 2001 1779 2043; x_wconf 84' lang='lat' dir='ltr'>hac</span> <span class='ocrx_word' id='word_1_191' title='bbox 1802 2000 1938 2044; x_wconf 82' lang='lat' dir='ltr'>inter·</span> <span class='ocrx_word' id='word_1_192' title='bbox 1980 2026 1986 2029; x_wconf 83' lang='grc'>-</span> 
     </span>
     <span class='ocr_line' id='line_1_34' title="bbox 1041 2057 1938 2114; baseline 0.006 -17"><span class='ocrx_word' id='word_1_193' title='bbox 1041 2058 1313 2114; x_wconf 75' lang='lat' dir='ltr'>punctione:</span> <span class='ocrx_word' id='word_1_194' title='bbox 1346 2057 1566 2110; x_wconf 69' lang='lat' dir='ltr'>epistolae</span> <span class='ocrx_word' id='word_1_195' title='bbox 1596 2058 1938 2111; x_wconf 69' lang='lat' dir='ltr'>(fferebantur5</span> 
     </span>
    </p>
   </div>
   <div class='ocr_carea' id='block_1_6' title="bbox 73 2113 981 2230">
    <p class='ocr_par' dir='ltr' id='par_1_9' title="bbox 73 2113 981 2230">
     <span class='ocr_line' id='line_1_35' title="bbox 73 2113 981 2175; baseline -0.007 -16"><span class='ocrx_word' id='word_1_196' title='bbox 73 2133 155 2175; x_wconf 83' lang='lat' dir='ltr'>pro</span> <span class='ocrx_word' id='word_1_197' title='bbox 179 2116 407 2168; x_wconf 76' lang='lat' dir='ltr'>magistra</span> <span class='ocrx_word' id='word_1_198' title='bbox 430 2113 502 2155; x_wconf 84' lang='lat' dir='ltr'>dat</span> <span class='ocrx_word' id='word_1_199' title='bbox 521 2117 707 2165; x_wconf 63' lang='lat' dir='ltr'>nigram</span> <span class='ocrx_word' id='word_1_200' title='bbox 721 2130 735 2165; x_wconf 84' lang='grc'>,-</span> <span class='ocrx_word' id='word_1_201' title='bbox 776 2113 981 2153; x_wconf 53' lang='lat' dir='ltr'>investi--</span> 
     </span>
     <span class='ocr_line' id='line_1_36' title="bbox 76 2171 752 2230; baseline -0.009 -14"><span class='ocrx_word' id='word_1_202' title='bbox 76 2178 281 2230; x_wconf 70' lang='lat' dir='ltr'>gandam</span> <span class='ocrx_word' id='word_1_203' title='bbox 311 2187 391 2227; x_wconf 80' lang='lat' dir='ltr'>pro</span> <span class='ocrx_word' id='word_1_204' title='bbox 419 2171 752 2223; x_wconf 74' lang='lat' dir='ltr'>instigandum.</span> 
     </span>
    </p>
   </div>
   <div class='ocr_carea' id='block_1_7' title="bbox 79 2226 982 2855">
    <p class='ocr_par' dir='ltr' id='par_1_10' title="bbox 79 2226 970 2343">
     <span class='ocr_line' id='line_1_37' title="bbox 132 2226 970 2272; baseline -0.006 0"><span class='ocrx_word' id='word_1_205' title='bbox 132 2232 180 2272; x_wconf 84' lang='lat' dir='ltr'>in</span> <span class='ocrx_word' id='word_1_206' title='bbox 232 2233 274 2271; x_wconf 81' lang='lat' dir='ltr'><em>A</em></span> <span class='ocrx_word' id='word_1_207' title='bbox 298 2230 457 2270; x_wconf 67' lang='lat' dir='ltr'>ricarli.</span> <span class='ocrx_word' id='word_1_208' title='bbox 548 2227 647 2269; x_wconf 85' lang='lat' dir='ltr'>MS.</span> <span class='ocrx_word' id='word_1_209' title='bbox 705 2226 857 2270; x_wconf 81' lang='lat' dir='ltr'>Guelf.</span> <span class='ocrx_word' id='word_1_210' title='bbox 922 2228 970 2268; x_wconf 83' lang='lat' dir='ltr'>in</span> 
     </span>
     <span class='ocr_line' id='line_1_38' title="bbox 79 2290 255 2343; baseline -0.028 -10"><span class='ocrx_word' id='word_1_211' title='bbox 79 2290 255 2343; x_wconf 79' lang='lat' dir='ltr'>Africa.</span> 
     </span>
    </p>

    <p class='ocr_par' dir='ltr' id='par_1_11' title="bbox 83 2341 975 2673">
     <span class='ocr_line' id='line_1_39' title="bbox 125 2341 972 2400; baseline -0.002 -12"><span class='ocrx_word' id='word_1_212' title='bbox 125 2346 313 2400; x_wconf 78' lang='lat' dir='ltr'>famem</span> <span class='ocrx_word' id='word_1_213' title='bbox 360 2345 533 2397; x_wconf 74' lang='lat' dir='ltr'>populo</span> <span class='ocrx_word' id='word_1_214' title='bbox 570 2342 804 2384; x_wconf 74' lang='lat' dir='ltr'>Romano.</span> <span class='ocrx_word' id='word_1_215' title='bbox 897 2341 972 2386; x_wconf 85' lang='lat' dir='ltr'>Sic</span> 
     </span>
     <span class='ocr_line' id='line_1_40' title="bbox 83 2398 972 2459; baseline -0.004 -14"><span class='ocrx_word' id='word_1_216' title='bbox 83 2404 183 2448; x_wconf 74' lang='lat' dir='ltr'>MS.</span> <span class='ocrx_word' id='word_1_217' title='bbox 209 2404 315 2459; x_wconf 76' lang='lat' dir='ltr'>Agr.</span> <span class='ocrx_word' id='word_1_218' title='bbox 349 2401 448 2442; x_wconf 79' lang='lat' dir='ltr'>edd.</span> <span class='ocrx_word' id='word_1_219' title='bbox 474 2399 592 2456; x_wconf 85' lang='lat' dir='ltr'>Spir.</span> <span class='ocrx_word' id='word_1_220' title='bbox 619 2398 765 2456; x_wconf 66' lang='lat' dir='ltr'>Ryck.</span> <span class='ocrx_word' id='word_1_221' title='bbox 793 2399 972 2441; x_wconf 79' lang='lat' dir='ltr'>Ernest.</span> 
     </span>
     <span class='ocr_line' id='line_1_41' title="bbox 85 2458 975 2571; baseline -0.003 -12"><span class='ocrx_word' id='word_1_222' title='bbox 85 2476 197 2560; x_wconf 60' lang='lat' dir='ltr'>iffi.</span> <span class='ocrx_word' id='word_1_223' title='bbox 219 2458 975 2571; x_wconf 38' lang='lat' dir='ltr'>naasi}551¹}ssZ‘dfffiissiit&#39;fi-‚Jssffig‘li</span> 
     </span>
     <span class='ocr_line' id='line_1_42' title="bbox 87 2570 972 2630; baseline -0.003 -14"><span class='ocrx_word' id='word_1_224' title='bbox 87 2573 333 2630; x_wconf 62' lang='lat' dir='ltr'>Ryckfflm,</span> <span class='ocrx_word' id='word_1_225' title='bbox 367 2580 408 2614; x_wconf 80' lang='lat' dir='ltr'>et</span> <span class='ocrx_word' id='word_1_226' title='bbox 434 2571 536 2613; x_wconf 86' lang='lat' dir='ltr'>dein</span> <span class='ocrx_word' id='word_1_227' title='bbox 565 2573 632 2614; x_wconf 88' lang='lat' dir='ltr'>ed.</span> <span class='ocrx_word' id='word_1_228' title='bbox 658 2572 746 2615; x_wconf 84' lang='lat' dir='ltr'>Iac.</span> <span class='ocrx_word' id='word_1_229' title='bbox 771 2570 972 2614; x_wconf 73' lang='lat' dir='ltr'>Gronov.</span> 
     </span>
     <span class='ocr_line' id='line_1_43' title="bbox 87 2630 424 2673; baseline 0 0"><span class='ocrx_word' id='word_1_230' title='bbox 87 2631 250 2673; x_wconf 68' lang='lat' dir='ltr'>Parum</span> <span class='ocrx_word' id='word_1_231' title='bbox 276 2630 424 2673; x_wconf 80' lang='lat' dir='ltr'>refert.</span> 
     </span>
    </p>

    <p class='ocr_par' dir='ltr' id='par_1_12' title="bbox 145 2685 895 2729">
     <span class='ocr_line' id='line_1_44' title="bbox 145 2685 895 2729; baseline -0.003 -1"><span class='ocrx_word' id='word_1_232' title='bbox 145 2689 326 2729; x_wconf 79' lang='lat' dir='ltr'>molita.</span> <span class='ocrx_word' id='word_1_233' title='bbox 388 2686 490 2729; x_wconf 84' lang='lat' dir='ltr'>MS.</span> <span class='ocrx_word' id='word_1_234' title='bbox 517 2685 668 2728; x_wconf 84' lang='lat' dir='ltr'>Guelf.</span> <span class='ocrx_word' id='word_1_235' title='bbox 696 2687 895 2727; x_wconf 63' lang='lat' dir='ltr'>mollita.</span> 
     </span>
    </p>

    <p class='ocr_par' dir='ltr' id='par_1_13' title="bbox 85 2743 982 2855">
     <span class='ocr_line' id='line_1_45' title="bbox 146 2743 982 2802; baseline -0.002 -17"><span class='ocrx_word' id='word_1_236' title='bbox 146 2746 286 2786; x_wconf 74' lang='lat' dir='ltr'>totins</span> <span class='ocrx_word' id='word_1_237' title='bbox 313 2752 493 2799; x_wconf 74' lang='lat' dir='ltr'>postea.</span> <span class='ocrx_word' id='word_1_238' title='bbox 562 2743 644 2786; x_wconf 84' lang='lat' dir='ltr'>Ed.</span> <span class='ocrx_word' id='word_1_239' title='bbox 674 2744 798 2802; x_wconf 82' lang='lat' dir='ltr'>Spir.</span> <span class='ocrx_word' id='word_1_240' title='bbox 836 2745 982 2786; x_wconf 82' lang='lat' dir='ltr'>tutius</span> 
     </span>
     <span class='ocr_line' id='line_1_46' title="bbox 85 2810 263 2855; baseline 0.017 -15"><span class='ocrx_word' id='word_1_241' title='bbox 85 2810 263 2855; x_wconf 53' lang='lat' dir='ltr'>,nostem</span> 
     </span>
    </p>
   </div>
   <div class='ocr_carea' id='block_1_8' title="bbox 92 2857 994 3603">
    <p class='ocr_par' dir='ltr' id='par_1_14' title="bbox 92 2857 989 3144">
     <span class='ocr_line' id='line_1_47' title="bbox 146 2857 979 2913; baseline -0.004 -12"><span class='ocrx_word' id='word_1_242' title='bbox 146 2861 357 2903; x_wconf 77' lang='lat' dir='ltr'>subnixa.</span> <span class='ocrx_word' id='word_1_243' title='bbox 419 2858 496 2900; x_wconf 77' lang='lat' dir='ltr'>Sic</span> <span class='ocrx_word' id='word_1_244' title='bbox 519 2857 652 2902; x_wconf 85' lang='lat' dir='ltr'>MSS.</span> <span class='ocrx_word' id='word_1_245' title='bbox 674 2858 795 2902; x_wconf 82' lang='lat' dir='ltr'>Flor.</span> <span class='ocrx_word' id='word_1_246' title='bbox 833 2858 979 2913; x_wconf 85' lang='lat' dir='ltr'>(alter)</span> 
     </span>
     <span class='ocr_line' id='line_1_48' title="bbox 92 2915 984 2972; baseline -0.001 -14"><span class='ocrx_word' id='word_1_247' title='bbox 92 2916 200 2972; x_wconf 68' lang='lat' dir='ltr'>lieg.</span> <span class='ocrx_word' id='word_1_248' title='bbox 234 2916 371 2959; x_wconf 80' lang='lat' dir='ltr'>Coi-b.</span> <span class='ocrx_word' id='word_1_249' title='bbox 406 2917 515 2971; x_wconf 74' lang='lat' dir='ltr'>Agr.</span> <span class='ocrx_word' id='word_1_250' title='bbox 554 2915 653 2956; x_wconf 85' lang='lat' dir='ltr'>edd.</span> <span class='ocrx_word' id='word_1_251' title='bbox 688 2916 805 2970; x_wconf 85' lang='lat' dir='ltr'>Spir.</span> <span class='ocrx_word' id='word_1_252' title='bbox 841 2915 984 2972; x_wconf 76' lang='lat' dir='ltr'>Ryek.</span> 
     </span>
     <span class='ocr_line' id='line_1_49' title="bbox 94 2972 984 3029; baseline 0.001 -16"><span class='ocrx_word' id='word_1_253' title='bbox 94 2972 270 3015; x_wconf 77' lang='lat' dir='ltr'>Ernest.</span> <span class='ocrx_word' id='word_1_254' title='bbox 295 2989 389 3029; x_wconf 86' lang='lat' dir='ltr'>sqq.</span> <span class='ocrx_word' id='word_1_255' title='bbox 422 2997 478 3003; x_wconf 95' lang='lat'>—-</span> <span class='ocrx_word' id='word_1_256' title='bbox 523 2973 693 3014; x_wconf 76' lang='lat' dir='ltr'>innixa</span> <span class='ocrx_word' id='word_1_257' title='bbox 715 2972 984 3017; x_wconf 78' lang='lat' dir='ltr'>MSS.Bud.</span> 
     </span>
     <span class='ocr_line' id='line_1_50' title="bbox 97 3029 986 3074; baseline 0.001 -3"><span class='ocrx_word' id='word_1_258' title='bbox 97 3030 219 3072; x_wconf 74' lang='lat' dir='ltr'>llari.</span> <span class='ocrx_word' id='word_1_259' title='bbox 258 3031 388 3074; x_wconf 76' lang='lat' dir='ltr'>Bodl.</span> <span class='ocrx_word' id='word_1_260' title='bbox 428 3031 507 3071; x_wconf 85' lang='lat' dir='ltr'>les.</span> <span class='ocrx_word' id='word_1_261' title='bbox 541 3029 692 3072; x_wconf 78' lang='lat' dir='ltr'>Guels.</span> <span class='ocrx_word' id='word_1_262' title='bbox 738 3030 839 3073; x_wconf 85' lang='lat' dir='ltr'>edd.</span> <span class='ocrx_word' id='word_1_263' title='bbox 883 3030 986 3072; x_wconf 84' lang='lat' dir='ltr'>Put.</span> 
     </span>
     <span class='ocr_line' id='line_1_51' title="bbox 99 3086 989 3144; baseline 0.001 -15"><span class='ocrx_word' id='word_1_264' title='bbox 99 3103 193 3143; x_wconf 83' lang='lat' dir='ltr'>sqq.</span> <span class='ocrx_word' id='word_1_265' title='bbox 217 3087 425 3144; x_wconf 62' lang='lat' dir='ltr'>adllyek.</span> <span class='ocrx_word' id='word_1_266' title='bbox 453 3095 495 3128; x_wconf 87' lang='lat' dir='ltr'>et</span> <span class='ocrx_word' id='word_1_267' title='bbox 519 3087 620 3128; x_wconf 86' lang='lat' dir='ltr'>dein</span> <span class='ocrx_word' id='word_1_268' title='bbox 645 3088 716 3129; x_wconf 87' lang='lat' dir='ltr'>ed.</span> <span class='ocrx_word' id='word_1_269' title='bbox 739 3086 989 3130; x_wconf 77' lang='lat' dir='ltr'>Iae.Gr0n.</span> 
     </span>
    </p>

    <p class='ocr_par' dir='ltr' id='par_1_15' title="bbox 99 3144 991 3359">
     <span class='ocr_line' id='line_1_52' title="bbox 158 3144 986 3197; baseline 0.002 -14"><span class='ocrx_word' id='word_1_270' title='bbox 158 3145 459 3197; x_wconf 76' lang='lat' dir='ltr'>temporibus.</span> <span class='ocrx_word' id='word_1_271' title='bbox 558 3144 654 3186; x_wconf 82' lang='lat' dir='ltr'>Hoc</span> <span class='ocrx_word' id='word_1_272' title='bbox 716 3144 986 3188; x_wconf 72' lang='lat' dir='ltr'>vocabulum</span> 
     </span>
     <span class='ocr_line' id='line_1_53' title="bbox 99 3200 991 3244; baseline -0.002 -1"><span class='ocrx_word' id='word_1_273' title='bbox 99 3201 214 3243; x_wconf 87' lang='lat' dir='ltr'>male</span> <span class='ocrx_word' id='word_1_274' title='bbox 252 3201 372 3243; x_wconf 84' lang='lat' dir='ltr'>abest</span> <span class='ocrx_word' id='word_1_275' title='bbox 407 3218 429 3243; x_wconf 84' lang='lat' dir='ltr'>a</span> <span class='ocrx_word' id='word_1_276' title='bbox 462 3200 561 3244; x_wconf 84' lang='lat' dir='ltr'>MS.</span> <span class='ocrx_word' id='word_1_277' title='bbox 595 3200 712 3243; x_wconf 82' lang='lat' dir='ltr'>Bud.</span> <span class='ocrx_word' id='word_1_278' title='bbox 758 3225 810 3235; x_wconf 89' lang='lat'>—</span> <span class='ocrx_word' id='word_1_279' title='bbox 878 3202 991 3244; x_wconf 68' lang='lat' dir='ltr'>blox</span> 
     </span>
     <span class='ocr_line' id='line_1_54' title="bbox 102 3256 991 3302; baseline 0.002 -4"><span class='ocrx_word' id='word_1_280' title='bbox 102 3261 255 3299; x_wconf 80' lang='lat' dir='ltr'>volent</span> <span class='ocrx_word' id='word_1_281' title='bbox 295 3258 342 3298; x_wconf 84' lang='lat' dir='ltr'>in</span> <span class='ocrx_word' id='word_1_282' title='bbox 375 3256 477 3298; x_wconf 83' lang='lat' dir='ltr'>MS.</span> <span class='ocrx_word' id='word_1_283' title='bbox 510 3257 664 3301; x_wconf 86' lang='lat' dir='ltr'>Guelf.</span> <span class='ocrx_word' id='word_1_284' title='bbox 701 3273 789 3302; x_wconf 87' lang='lat' dir='ltr'>sec.</span> <span class='ocrx_word' id='word_1_285' title='bbox 832 3274 991 3301; x_wconf 84' lang='lat' dir='ltr'>manus</span> 
     </span>
     <span class='ocr_line' id='line_1_55' title="bbox 103 3314 522 3359; baseline -0.002 -2"><span class='ocrx_word' id='word_1_286' title='bbox 103 3314 290 3359; x_wconf 79' lang='lat' dir='ltr'>mutavit</span> <span class='ocrx_word' id='word_1_287' title='bbox 316 3315 361 3355; x_wconf 87' lang='lat' dir='ltr'>in</span> <span class='ocrx_word' id='word_1_288' title='bbox 386 3318 522 3356; x_wconf 78' lang='lat' dir='ltr'>valet.</span> 
     </span>
    </p>

    <p class='ocr_par' dir='ltr' id='par_1_16' title="bbox 108 3370 990 3472">
     <span class='ocr_line' id='line_1_56' title="bbox 161 3370 990 3431; baseline 0.002 -18"><span class='ocrx_word' id='word_1_289' title='bbox 161 3370 273 3414; x_wconf 78' lang='lat' dir='ltr'>CAP.</span> <span class='ocrx_word' id='word_1_290' title='bbox 297 3371 368 3414; x_wconf 78' lang='lat'>74.</span> <span class='ocrx_word' id='word_1_291' title='bbox 400 3372 715 3415; x_wconf 69' lang='lat' dir='ltr'>muliebribus,</span> <span class='ocrx_word' id='word_1_292' title='bbox 775 3372 990 3431; x_wconf 85' lang='lat' dir='ltr'>Ed.Spir.</span> 
     </span>
     <span class='ocr_line' id='line_1_57' title="bbox 108 3429 386 3472; baseline 0.007 -2"><span class='ocrx_word' id='word_1_293' title='bbox 108 3429 386 3472; x_wconf 81' lang='lat' dir='ltr'>mulieribus.</span> 
     </span>
    </p>

    <p class='ocr_par' dir='ltr' id='par_1_17' title="bbox 112 3486 994 3603">
     <span class='ocr_line' id='line_1_58' title="bbox 165 3486 994 3533; baseline 0.008 -7"><span class='ocrx_word' id='word_1_294' title='bbox 165 3487 507 3529; x_wconf 82' lang='lat' dir='ltr'>blandimentis.</span> <span class='ocrx_word' id='word_1_295' title='bbox 590 3486 664 3530; x_wconf 78' lang='lat' dir='ltr'>Sic</span> <span class='ocrx_word' id='word_1_296' title='bbox 705 3487 838 3532; x_wconf 88' lang='lat' dir='ltr'>MSS.</span> <span class='ocrx_word' id='word_1_297' title='bbox 878 3489 994 3533; x_wconf 84' lang='lat' dir='ltr'>Bud.</span> 
     </span>
     <span class='ocr_line' id='line_1_59' title="bbox 112 3540 990 3603; baseline 0.008 -19"><span class='ocrx_word' id='word_1_298' title='bbox 112 3540 255 3588; x_wconf 69' lang='lat' dir='ltr'>Corb:</span> <span class='ocrx_word' id='word_1_299' title='bbox 275 3543 381 3599; x_wconf 75' lang='lat' dir='ltr'>Agr.</span> <span class='ocrx_word' id='word_1_300' title='bbox 408 3544 522 3590; x_wconf 59' lang='lat' dir='ltr'>edd.</span> <span class='ocrx_word' id='word_1_301' title='bbox 556 3543 675 3603; x_wconf 84' lang='lat' dir='ltr'>Spir.</span> <span class='ocrx_word' id='word_1_302' title='bbox 707 3545 849 3590; x_wconf 82' lang='lat' dir='ltr'>Rhen.</span> <span class='ocrx_word' id='word_1_303' title='bbox 883 3545 990 3591; x_wconf 84' lang='lat' dir='ltr'>Ald.</span> 
     </span>
    </p>
   </div>
   <div class='ocr_carea' id='block_1_9' title="bbox 1038 2115 1960 3490">
    <p class='ocr_par' dir='ltr' id='par_1_18' title="bbox 1038 2115 1957 3260">
     <span class='ocr_line' id='line_1_60' title="bbox 1038 2115 1937 2171; baseline 0.007 -18"><span class='ocrx_word' id='word_1_304' title='bbox 1038 2117 1284 2169; x_wconf 72' lang='lat' dir='ltr'>pecuniam</span> <span class='ocrx_word' id='word_1_305' title='bbox 1309 2122 1395 2156; x_wconf 76' lang='lat' dir='ltr'>ete.</span> <span class='ocrx_word' id='word_1_306' title='bbox 1421 2142 1479 2149; x_wconf 90' lang='lat'>--</span> <span class='ocrx_word' id='word_1_307' title='bbox 1516 2115 1744 2171; x_wconf 80' lang='lat' dir='ltr'>MS.Ag1·.</span> <span class='ocrx_word' id='word_1_308' title='bbox 1767 2117 1937 2169; x_wconf 78' lang='lat' dir='ltr'>offere—</span> 
     </span>
     <span class='ocr_line' id='line_1_61' title="bbox 1042 2171 1940 2228; baseline 0.007 -17"><span class='ocrx_word' id='word_1_309' title='bbox 1042 2174 1229 2218; x_wconf 63' lang='lat' dir='ltr'>bantur,</span> <span class='ocrx_word' id='word_1_310' title='bbox 1244 2171 1364 2227; x_wconf 87' lang='lat' dir='ltr'>quod</span> <span class='ocrx_word' id='word_1_311' title='bbox 1382 2172 1525 2228; x_wconf 83' lang='lat' dir='ltr'>placet</span> <span class='ocrx_word' id='word_1_312' title='bbox 1537 2172 1734 2223; x_wconf 83' lang='lat' dir='ltr'>Heinsio,</span> <span class='ocrx_word' id='word_1_313' title='bbox 1751 2182 1799 2215; x_wconf 83' lang='lat' dir='ltr'>ut</span> <span class='ocrx_word' id='word_1_314' title='bbox 1811 2174 1940 2217; x_wconf 88' lang='lat' dir='ltr'>loeus</span> 
     </span>
     <span class='ocr_line' id='line_1_62' title="bbox 1039 2229 1938 2287; baseline 0.003 -18"><span class='ocrx_word' id='word_1_315' title='bbox 1039 2229 1288 2283; x_wconf 75' lang='lat' dir='ltr'>pecuniam</span> <span class='ocrx_word' id='word_1_316' title='bbox 1333 2245 1430 2286; x_wconf 82' lang='lat' dir='ltr'>sqq.</span> <span class='ocrx_word' id='word_1_317' title='bbox 1483 2230 1671 2287; x_wconf 77' lang='lat' dir='ltr'>pendeat</span> <span class='ocrx_word' id='word_1_318' title='bbox 1724 2246 1746 2272; x_wconf 88' lang='lat' dir='ltr'>e</span> <span class='ocrx_word' id='word_1_319' title='bbox 1797 2233 1938 2275; x_wconf 79' lang='lat' dir='ltr'>verbo</span> 
     </span>
     <span class='ocr_line' id='line_1_63' title="bbox 1045 2287 1943 2339; baseline 0.004 -12"><span class='ocrx_word' id='word_1_320' title='bbox 1045 2288 1328 2330; x_wconf 72' lang='lat' dir='ltr'>ostentabat.</span> <span class='ocrx_word' id='word_1_321' title='bbox 1388 2287 1558 2329; x_wconf 82' lang='lat' dir='ltr'>Verum</span> <span class='ocrx_word' id='word_1_322' title='bbox 1595 2288 1815 2339; x_wconf 78' lang='lat' dir='ltr'>epistolae</span> <span class='ocrx_word' id='word_1_323' title='bbox 1844 2289 1943 2331; x_wconf 86' lang='lat' dir='ltr'>illae</span> 
     </span>
     <span class='ocr_line' id='line_1_64' title="bbox 1043 2343 1944 2398; baseline 0.003 -13"><span class='ocrx_word' id='word_1_324' title='bbox 1043 2359 1134 2385; x_wconf 84' lang='lat' dir='ltr'>non</span> <span class='ocrx_word' id='word_1_325' title='bbox 1162 2343 1505 2398; x_wconf 71' lang='lat' dir='ltr'>adferebantur</span> <span class='ocrx_word' id='word_1_326' title='bbox 1526 2346 1616 2387; x_wconf 90' lang='lat' dir='ltr'>h.e.</span> <span class='ocrx_word' id='word_1_327' title='bbox 1632 2344 1822 2388; x_wconf 85' lang='lat' dir='ltr'>Romam</span> <span class='ocrx_word' id='word_1_328' title='bbox 1845 2362 1944 2388; x_wconf 85' lang='lat' dir='ltr'>nou</span> 
     </span>
     <span class='ocr_line' id='line_1_65' title="bbox 1048 2401 1942 2451; baseline 0.001 -7"><span class='ocrx_word' id='word_1_329' title='bbox 1048 2401 1312 2451; x_wconf 65' lang='lat' dir='ltr'>veniebant,</span> <span class='ocrx_word' id='word_1_330' title='bbox 1346 2403 1423 2446; x_wconf 78' lang='lat' dir='ltr'>secl</span> <span class='ocrx_word' id='word_1_331' title='bbox 1447 2402 1551 2443; x_wconf 68' lang='lat' dir='ltr'>inde</span> <span class='ocrx_word' id='word_1_332' title='bbox 1574 2402 1713 2444; x_wconf 82' lang='lat' dir='ltr'>ibant.</span> <span class='ocrx_word' id='word_1_333' title='bbox 1759 2402 1819 2445; x_wconf 85' lang='lat' dir='ltr'>cf.</span> <span class='ocrx_word' id='word_1_334' title='bbox 1848 2411 1942 2445; x_wconf 80' lang='lat' dir='ltr'>not.</span> 
     </span>
     <span class='ocr_line' id='line_1_66' title="bbox 1047 2459 1946 2508; baseline 0.003 -8"><span class='ocrx_word' id='word_1_335' title='bbox 1047 2459 1100 2500; x_wconf 79' lang='lat' dir='ltr'>ad</span> <span class='ocrx_word' id='word_1_336' title='bbox 1147 2460 1235 2499; x_wconf 76' lang='lat' dir='ltr'>An.</span> <span class='ocrx_word' id='word_1_337' title='bbox 1278 2460 1347 2508; x_wconf 80' lang='lat'>16,</span> <span class='ocrx_word' id='word_1_338' title='bbox 1390 2461 1433 2502; x_wconf 66' lang='grc' dir='ltr'>Ξ.</span> <span class='ocrx_word' id='word_1_339' title='bbox 1480 2460 1560 2501; x_wconf 80' lang='lat' dir='ltr'>sul)</span> <span class='ocrx_word' id='word_1_340' title='bbox 1610 2476 1648 2502; x_wconf 75' lang='lat' dir='ltr'>V.</span> <span class='ocrx_word' id='word_1_341' title='bbox 1696 2461 1946 2503; x_wconf 72' lang='lat' dir='ltr'>advehere.</span> 
     </span>
     <span class='ocr_line' id='line_1_67' title="bbox 1047 2515 1945 2570; baseline 0.003 -14"><span class='ocrx_word' id='word_1_342' title='bbox 1047 2515 1157 2556; x_wconf 70' lang='lat' dir='ltr'>&#39;Mox</span> <span class='ocrx_word' id='word_1_343' title='bbox 1193 2515 1320 2557; x_wconf 79' lang='lat' dir='ltr'>etiam</span> <span class='ocrx_word' id='word_1_344' title='bbox 1358 2525 1460 2560; x_wconf 78' lang='lat' dir='ltr'>sunt</span> <span class='ocrx_word' id='word_1_345' title='bbox 1495 2518 1717 2570; x_wconf 72' lang='lat' dir='ltr'>epistolae</span> <span class='ocrx_word' id='word_1_346' title='bbox 1741 2548 1752 2558; x_wconf 90' lang='lat'>.</span> <span class='ocrx_word' id='word_1_347' title='bbox 1769 2548 1778 2559; x_wconf 92' lang='lat'>.</span> <span class='ocrx_word' id='word_1_348' title='bbox 1798 2549 1808 2559; x_wconf 96' lang='lat'>.</span> <span class='ocrx_word' id='word_1_349' title='bbox 1834 2533 1945 2559; x_wconf 87' lang='lat' dir='ltr'>con-</span> 
     </span>
     <span class='ocr_line' id='line_1_68' title="bbox 1049 2574 1945 2627; baseline 0.003 -13"><span class='ocrx_word' id='word_1_350' title='bbox 1049 2574 1257 2614; x_wconf 73' lang='lat' dir='ltr'>cordiam</span> <span class='ocrx_word' id='word_1_351' title='bbox 1307 2575 1568 2627; x_wconf 69' lang='lat' dir='ltr'>offerentes.</span> <span class='ocrx_word' id='word_1_352' title='bbox 1658 2574 1811 2615; x_wconf 80' lang='lat' dir='ltr'>Potest</span> <span class='ocrx_word' id='word_1_353' title='bbox 1861 2591 1945 2620; x_wconf 85' lang='lat' dir='ltr'>ve-</span> 
     </span>
     <span class='ocr_line' id='line_1_69' title="bbox 1048 2629 1950 2675; baseline 0.003 -3"><span class='ocrx_word' id='word_1_354' title='bbox 1048 2638 1194 2672; x_wconf 71' lang='lat' dir='ltr'>terum</span> <span class='ocrx_word' id='word_1_355' title='bbox 1220 2630 1469 2674; x_wconf 75' lang='lat' dir='ltr'>editionum</span> <span class='ocrx_word' id='word_1_356' title='bbox 1493 2629 1819 2672; x_wconf 73' lang='lat' dir='ltr'>etMSStorum</span> <span class='ocrx_word' id='word_1_357' title='bbox 1842 2632 1950 2675; x_wconf 81' lang='lat' dir='ltr'>scri·</span> 
     </span>
     <span class='ocr_line' id='line_1_70' title="bbox 1054 2686 1948 2744; baseline 0.004 -16"><span class='ocrx_word' id='word_1_358' title='bbox 1054 2696 1181 2744; x_wconf 71' lang='lat' dir='ltr'>ptura</span> <span class='ocrx_word' id='word_1_359' title='bbox 1206 2687 1409 2737; x_wconf 74' lang='lat' dir='ltr'>defendi,</span> <span class='ocrx_word' id='word_1_360' title='bbox 1449 2697 1494 2729; x_wconf 85' lang='lat' dir='ltr'>ut</span> <span class='ocrx_word' id='word_1_361' title='bbox 1527 2686 1667 2744; x_wconf 68' lang='lat' dir='ltr'>legasz</span> <span class='ocrx_word' id='word_1_362' title='bbox 1713 2690 1948 2739; x_wconf 67' lang='lat' dir='ltr'>epistolae.</span> 
     </span>
     <span class='ocr_line' id='line_1_71' title="bbox 1056 2746 1950 2800; baseline 0.006 -16"><span class='ocrx_word' id='word_1_363' title='bbox 1056 2746 1395 2797; x_wconf 72' lang='lat' dir='ltr'>offerebantur,</span> <span class='ocrx_word' id='word_1_364' title='bbox 1431 2746 1679 2800; x_wconf 75' lang='lat' dir='ltr'>pecuniam</span> <span class='ocrx_word' id='word_1_365' title='bbox 1706 2776 1718 2787; x_wconf 84' lang='lat'>.</span> <span class='ocrx_word' id='word_1_366' title='bbox 1741 2777 1751 2787; x_wconf 93' lang='lat'>.</span> <span class='ocrx_word' id='word_1_367' title='bbox 1773 2775 1786 2789; x_wconf 86' lang='lat'>.</span> <span class='ocrx_word' id='word_1_368' title='bbox 1813 2748 1950 2800; x_wconf 75' lang='lat' dir='ltr'>legis-</span> 
     </span>
     <span class='ocr_line' id='line_1_72' title="bbox 1055 2802 1951 2860; baseline 0.002 -16"><span class='ocrx_word' id='word_1_369' title='bbox 1055 2811 1125 2844; x_wconf 81' lang='lat' dir='ltr'>set</span> <span class='ocrx_word' id='word_1_370' title='bbox 1158 2802 1199 2843; x_wconf 86' lang='lat' dir='ltr'>h.</span> <span class='ocrx_word' id='word_1_371' title='bbox 1227 2819 1266 2846; x_wconf 85' lang='lat' dir='ltr'>e.</span> <span class='ocrx_word' id='word_1_372' title='bbox 1290 2817 1609 2859; x_wconf 84' lang='lat' dir='ltr'>quameunque</span> <span class='ocrx_word' id='word_1_373' title='bbox 1632 2803 1869 2860; x_wconf 81' lang='lat' dir='ltr'>pecuniam</span> <span class='ocrx_word' id='word_1_374' title='bbox 1907 2812 1951 2846; x_wconf 78' lang='lat' dir='ltr'>et</span> 
     </span>
     <span class='ocr_line' id='line_1_73' title="bbox 1056 2859 1949 2918; baseline 0.003 -17"><span class='ocrx_word' id='word_1_375' title='bbox 1056 2860 1242 2915; x_wconf 69' lang='lat' dir='ltr'>gratiani</span> <span class='ocrx_word' id='word_1_376' title='bbox 1275 2869 1316 2902; x_wconf 77' lang='lat' dir='ltr'>et</span> <span class='ocrx_word' id='word_1_377' title='bbox 1352 2874 1664 2916; x_wconf 71' lang='lat' dir='ltr'>quemcunque</span> <span class='ocrx_word' id='word_1_378' title='bbox 1690 2874 1735 2916; x_wconf 87' lang='lat' dir='ltr'>q.</span> <span class='ocrx_word' id='word_1_379' title='bbox 1764 2859 1796 2903; x_wconf 89' lang='lat' dir='ltr'>l.</span> <span class='ocrx_word' id='word_1_380' title='bbox 1832 2877 1879 2918; x_wconf 89' lang='lat' dir='ltr'>p.</span> <span class='ocrx_word' id='word_1_381' title='bbox 1907 2877 1949 2908; x_wconf 74' lang='lat' dir='ltr'>v.</span> 
     </span>
     <span class='ocr_line' id='line_1_74' title="bbox 1057 2916 1952 2976; baseline 0.002 -17"><span class='ocrx_word' id='word_1_382' title='bbox 1057 2916 1255 2974; x_wconf 75' lang='lat' dir='ltr'>legisset,</span> <span class='ocrx_word' id='word_1_383' title='bbox 1287 2917 1589 2959; x_wconf 73' lang='lat' dir='ltr'>‘offerebantur</span> <span class='ocrx_word' id='word_1_384' title='bbox 1613 2917 1660 2958; x_wconf 88' lang='lat' dir='ltr'>in</span> <span class='ocrx_word' id='word_1_385' title='bbox 1681 2917 1767 2960; x_wconf 86' lang='lat' dir='ltr'>illis</span> <span class='ocrx_word' id='word_1_386' title='bbox 1792 2919 1952 2976; x_wconf 85' lang='lat' dir='ltr'>episto-</span> 
     </span>
     <span class='ocr_line' id='line_1_75' title="bbox 1059 2973 1953 3019; baseline 0.003 -3"><span class='ocrx_word' id='word_1_387' title='bbox 1059 2974 1126 3016; x_wconf 82' lang='lat' dir='ltr'>lis.</span> <span class='ocrx_word' id='word_1_388' title='bbox 1190 2975 1383 3016; x_wconf 77' lang='lat' dir='ltr'>Praestat</span> <span class='ocrx_word' id='word_1_389' title='bbox 1406 2982 1554 3016; x_wconf 82' lang='lat' dir='ltr'>tamen</span> <span class='ocrx_word' id='word_1_390' title='bbox 1576 2973 1778 3016; x_wconf 78' lang='lat' dir='ltr'>Rhenani</span> <span class='ocrx_word' id='word_1_391' title='bbox 1804 2991 1953 3019; x_wconf 87' lang='lat' dir='ltr'>emen·</span> 
     </span>
     <span class='ocr_line' id='line_1_76' title="bbox 1061 3031 1952 3089; baseline 0.001 -15"><span class='ocrx_word' id='word_1_392' title='bbox 1061 3031 1178 3074; x_wconf 76' lang='lat' dir='ltr'>datio</span> <span class='ocrx_word' id='word_1_393' title='bbox 1223 3039 1264 3072; x_wconf 86' lang='lat' dir='ltr'>et</span> <span class='ocrx_word' id='word_1_394' title='bbox 1321 3032 1575 3085; x_wconf 80' lang='lat' dir='ltr'>offerebant</span> <span class='ocrx_word' id='word_1_395' title='bbox 1627 3031 1757 3076; x_wconf 85' lang='lat' dir='ltr'>facile</span> <span class='ocrx_word' id='word_1_396' title='bbox 1807 3032 1952 3089; x_wconf 88' lang='lat' dir='ltr'>potuit</span> 
     </span>
     <span class='ocr_line' id='line_1_77' title="bbox 1063 3088 1953 3145; baseline 0 -14"><span class='ocrx_word' id='word_1_397' title='bbox 1063 3089 1183 3131; x_wconf 82' lang='lat' dir='ltr'>abire</span> <span class='ocrx_word' id='word_1_398' title='bbox 1207 3088 1254 3130; x_wconf 87' lang='lat' dir='ltr'>in</span> <span class='ocrx_word' id='word_1_399' title='bbox 1283 3090 1554 3142; x_wconf 57' lang='lat' dir='ltr'>offerebant*</span> <span class='ocrx_word' id='word_1_400' title='bbox 1593 3089 1649 3131; x_wconf 91' lang='lat' dir='ltr'>ob</span> <span class='ocrx_word' id='word_1_401' title='bbox 1681 3090 1953 3145; x_wconf 79' lang='lat' dir='ltr'>praecedens</span> 
     </span>
     <span class='ocr_line' id='line_1_78' title="bbox 1063 3146 1957 3204; baseline 0.001 -17"><span class='ocrx_word' id='word_1_402' title='bbox 1063 3148 1294 3199; x_wconf 75' lang='lat' dir='ltr'>epistolae.</span> <span class='ocrx_word' id='word_1_403' title='bbox 1368 3146 1451 3192; x_wconf 86' lang='lat' dir='ltr'>Ed.</span> <span class='ocrx_word' id='word_1_404' title='bbox 1493 3146 1612 3204; x_wconf 77' lang='lat' dir='ltr'>Spir.</span> <span class='ocrx_word' id='word_1_405' title='bbox 1662 3162 1957 3202; x_wconf 80' lang='lat' dir='ltr'>quaecunque</span> 
     </span>
     <span class='ocr_line' id='line_1_79' title="bbox 1064 3206 1952 3260; baseline 0.002 -16"><span class='ocrx_word' id='word_1_406' title='bbox 1064 3219 1146 3260; x_wconf 81' lang='lat' dir='ltr'>pro</span> <span class='ocrx_word' id='word_1_407' title='bbox 1174 3217 1506 3259; x_wconf 77' lang='lat' dir='ltr'>querticunque3</span> <span class='ocrx_word' id='word_1_408' title='bbox 1535 3206 1657 3244; x_wconf 83' lang='lat' dir='ltr'>locos</span> <span class='ocrx_word' id='word_1_409' title='bbox 1679 3218 1763 3260; x_wconf 89' lang='lat' dir='ltr'>pro</span> <span class='ocrx_word' id='word_1_410' title='bbox 1787 3206 1952 3246; x_wconf 86' lang='lat' dir='ltr'>locum.</span> 
     </span>
    </p>

    <p class='ocr_par' dir='ltr' id='par_1_19' title="bbox 1066 3259 1960 3490">
     <span class='ocr_line' id='line_1_80' title="bbox 1121 3259 1956 3318; baseline 0.004 -17"><span class='ocrx_word' id='word_1_411' title='bbox 1121 3263 1400 3303; x_wconf 74' lang='lat' dir='ltr'>ostentabat.</span> <span class='ocrx_word' id='word_1_412' title='bbox 1458 3259 1534 3303; x_wconf 82' lang='lat' dir='ltr'>Sic</span> <span class='ocrx_word' id='word_1_413' title='bbox 1550 3260 1682 3304; x_wconf 86' lang='lat' dir='ltr'>MSS.</span> <span class='ocrx_word' id='word_1_414' title='bbox 1695 3261 1803 3318; x_wconf 81' lang='lat' dir='ltr'>Reg.</span> <span class='ocrx_word' id='word_1_415' title='bbox 1819 3262 1956 3304; x_wconf 77' lang='lat' dir='ltr'>Corb-</span> 
     </span>
     <span class='ocr_line' id='line_1_81' title="bbox 1068 3317 1954 3375; baseline 0 -15"><span class='ocrx_word' id='word_1_416' title='bbox 1068 3318 1174 3373; x_wconf 69' lang='lat' dir='ltr'>Agr.</span> <span class='ocrx_word' id='word_1_417' title='bbox 1240 3318 1340 3361; x_wconf 84' lang='lat' dir='ltr'>edd.</span> <span class='ocrx_word' id='word_1_418' title='bbox 1403 3317 1525 3375; x_wconf 79' lang='lat' dir='ltr'>Spir.</span> <span class='ocrx_word' id='word_1_419' title='bbox 1581 3317 1724 3375; x_wconf 76' lang='lat' dir='ltr'>Ryek.</span> <span class='ocrx_word' id='word_1_420' title='bbox 1778 3318 1954 3360; x_wconf 74' lang='lat' dir='ltr'>Ernest-</span> 
     </span>
     <span class='ocr_line' id='line_1_82' title="bbox 1067 3374 1954 3430; baseline 0.001 -14"><span class='ocrx_word' id='word_1_421' title='bbox 1067 3390 1165 3430; x_wconf 83' lang='lat' dir='ltr'>sqq.</span> <span class='ocrx_word' id='word_1_422' title='bbox 1219 3398 1273 3408; x_wconf 90' lang='lat'>—-</span> <span class='ocrx_word' id='word_1_423' title='bbox 1342 3376 1614 3418; x_wconf 78' lang='lat' dir='ltr'>ostendebat</span> <span class='ocrx_word' id='word_1_424' title='bbox 1660 3374 1795 3417; x_wconf 86' lang='lat' dir='ltr'>MSS.</span> <span class='ocrx_word' id='word_1_425' title='bbox 1836 3374 1954 3418; x_wconf 87' lang='lat' dir='ltr'>Bud.</span> 
     </span>
     <span class='ocr_line' id='line_1_83' title="bbox 1066 3431 1960 3490; baseline 0.001 -17"><span class='ocrx_word' id='word_1_426' title='bbox 1066 3432 1189 3474; x_wconf 80' lang='lat' dir='ltr'>Harl.</span> <span class='ocrx_word' id='word_1_427' title='bbox 1216 3431 1294 3475; x_wconf 87' lang='lat' dir='ltr'>les.</span> <span class='ocrx_word' id='word_1_428' title='bbox 1318 3435 1522 3490; x_wconf 87' lang='lat' dir='ltr'>(uterque</span> <span class='ocrx_word' id='word_1_429' title='bbox 1543 3447 1567 3473; x_wconf 85' lang='lat' dir='ltr'>a</span> <span class='ocrx_word' id='word_1_430' title='bbox 1586 3431 1779 3475; x_wconf 84' lang='lat' dir='ltr'>secunda</span> <span class='ocrx_word' id='word_1_431' title='bbox 1803 3434 1960 3484; x_wconf 86' lang='lat' dir='ltr'>manu)</span> 
     </span>
    </p>
   </div>
   <div class='ocr_carea' id='block_1_10' title="bbox 1067 3487 1957 3604">
    <p class='ocr_par' dir='ltr' id='par_1_20' title="bbox 1067 3487 1957 3604">
     <span class='ocr_line' id='line_1_84' title="bbox 1067 3487 1955 3545; baseline 0 -15"><span class='ocrx_word' id='word_1_432' title='bbox 1067 3488 1198 3530; x_wconf 78' lang='lat' dir='ltr'>Bodl.</span> <span class='ocrx_word' id='word_1_433' title='bbox 1235 3490 1334 3533; x_wconf 82' lang='lat' dir='ltr'>edd.</span> <span class='ocrx_word' id='word_1_434' title='bbox 1366 3490 1471 3533; x_wconf 81' lang='lat' dir='ltr'>Put.</span> <span class='ocrx_word' id='word_1_435' title='bbox 1509 3505 1608 3545; x_wconf 87' lang='lat' dir='ltr'>sqq.</span> <span class='ocrx_word' id='word_1_436' title='bbox 1646 3488 1698 3529; x_wconf 88' lang='lat' dir='ltr'>ad</span> <span class='ocrx_word' id='word_1_437' title='bbox 1733 3487 1955 3545; x_wconf 78' lang='lat' dir='ltr'>Ryekium</span> 
     </span>
     <span class='ocr_line' id='line_1_85' title="bbox 1068 3546 1957 3604; baseline -0.002 -16"><span class='ocrx_word' id='word_1_438' title='bbox 1068 3556 1108 3589; x_wconf 81' lang='lat' dir='ltr'>ct</span> <span class='ocrx_word' id='word_1_439' title='bbox 1133 3553 1282 3604; x_wconf 75' lang='lat' dir='ltr'>postea</span> <span class='ocrx_word' id='word_1_440' title='bbox 1307 3547 1377 3590; x_wconf 85' lang='lat' dir='ltr'>ed.</span> <span class='ocrx_word' id='word_1_441' title='bbox 1403 3549 1491 3590; x_wconf 83' lang='lat' dir='ltr'>lac.</span> <span class='ocrx_word' id='word_1_442' title='bbox 1517 3546 1662 3589; x_wconf 83' lang='lat' dir='ltr'>Gron.</span> <span class='ocrx_word' id='word_1_443' title='bbox 1695 3568 1752 3577; x_wconf 90' lang='lat'>--</span> <span class='ocrx_word' id='word_1_444' title='bbox 1811 3553 1957 3588; x_wconf 69' lang='lat' dir='ltr'>ostem</span> 
     </span>
    </p>
   </div>
  </div>
 </body>
</html>
