2138 4030
40 526 42 531 ι
67 564 69 568 ‘
140 554 386 612 intenta.

232 249 365 291 ACUQ,
436 273 446 282 .

232 291 373 330 A·‘'⁴
436 316 445 326 .

723 242 897 310 ΜΒ.
940 247 985 310 1.
1046 246 1262 310 οΑῬ.
1299 244 1399 308 79.
1870 231 1987 313 113

140 403 354 459 magna
376 386 480 458 spe
505 381 581 438 ad
610 353 902 437 Moesiam
926 364 1304 454 inruperant,
1347 396 1560 433 novem
1602 380 1787 438 millia
1824 386 1989 460 equi—

113 476 270 528 ‘t‘nm
301 488 371 525 ex
403 466 623 543 ferocia
659 477 714 523 et
749 482 1012 521 successu
1045 465 1294 539 praedae
1326 462 1510 535 magis
1549 482 1727 538 quam
1759 481 1991 541 pugnae·

505 549 693 624 Igitur
746 567 925 630 vagos
980 560 1037 605 et
1088 548 1417 606 incuriosos
1460 546 1633 603 tertia
1679 548 1827 622 legio
1883 555 1989 610 ad..

141 639 357 697 iunctis
390 635 624 694 auxiliis
653 632 895 709 repente
928 633 1159 692 invasit.
1256 632 1416 708 apud
1447 630 1754 690 Romanos
1792 638 1989 695 omnia

138 723 365 800 proelio
404 715 565 796 apta:
632 718 934 778 Sarmatae
982 718 1230 794 dispersi
1273 729 1376 774 aut
1419 717 1696 792 cupidine
1741 722 1988 793 praedae

31 840 51 863 s
119 826 339 882 graves
385 825 565 864 onere
605 805 967 861 sarcinarum
1007 815 1064 861 et
1110 803 1340 860 lubrico
1388 802 1669 859 itinerum
1719 804 1989 880 adempta

137 911 429 970 equorum
463 889 805 967 pernicitate
829 889 993 947 velut
1023 887 1208 945 vincti
1241 888 1650 947 caedebantur.
1736 908 1990 966 namque

136 978 356 1035 mirum
379 976 569 1045 dicta,
609 985 685 1032 ut‘
705 975 780 1031 sit
804 975 998 1030 omnis
1009 973 1408 1032 Sarmatarum
1433 973 1621 1029 virtus
1644 973 1806 1031 velut
1831 986 1990 1031 extra

59 1132 67 1135 .
137 1062 314 1138 ipsos,
410 1057 567 1117 nihil
606 1061 682 1116 ad
720 1061 1049 1135 pedestrem
1081 1077 1341 1133 pugnam
1378 1070 1500 1115 tam
1537 1058 1838 1130 ignavum:
1883 1061 1989 1117 ubi

134 1167 242 1222 per
274 1155 497 1204 turmas
523 1146 839 1214 advenere,
881 1145 979 1201 vix
1005 1143 1130 1200 ulla
1157 1143 1308 1198 acies
1335 1142 1647 1202 obstiterit.
1734 1145 1835 1199 sed
1861 1154 1989 1200 tum

134 1227 385 1289 humido
444 1231 540 1288 die
595 1241 654 1287 et
709 1230 902 1286 soluto
944 1228 1079 1302 gelu
1120 1246 1310 1304 neque
1354 1229 1514 1285 conti
1554 1247 1746 1304 neque
1790 1229 1988 1301 gladii,

136 1336 285 1393 quos
329 1317 678 1391 praelongos
718 1326 968 1390 utraque
1002 1332 1197 1373 ¹manu
1233 1325 1473 1387 regunt,
1527 1313 1663 1370 usui
1705 1313 1990 1388 lapsanti-

134 1402 246 1458 bus
284 1401 452 1479 equis
492 1411 548 1457 et
593 1394 1100 1474 cataphractarum
1142 1398 1422 1472 pondere.

190 1647 256 1687 ad
294 1644 542 1703 Moesiam*
568 1646 862 1699 inruperant.
947 1643 1025 1687 Sic

132 1699 266 1746 MSS.
303 1711 347 1746 et
378 1701 479 1746 edd.
548 1701 776 1745 Acidalius
808 1700 1026 1745 malebat=

130 1759 359 1804 Moesiam
394 1760 687 1814 inruperant.
747 1761 826 1802 Ad
856 1774 1025 1801 novem

132 1818 282 1860 millia
314 1825 400 1861 etc.
493 1816 554 1860 ef.
587 1818 678 1859 An.
709 1817 752 1865 6,
785 1815 855 1859 33.
898 1815 1026 1858 Iberi

133 1875 316 1931 magnis
343 1873 488 1928 copiis
521 1873 801 1917 Armeniam
839 1873 1024 1915 inrum-

127 1938 265 1988 punt.
324 1929 703 1986 Sed'inrumpere
728 1930 860 1974 etiam
887 1931 1024 1974 abso-

132 1989 226 2032 lute
251 1987 439 2039 dicitur,
471 1997 521 2030 ut
546 1988 601 2031 sit
622 1987 932 2045 inruptionem
954 1987 1023 2030 fa-

133 2061 250 2090 cere.
308 2043 587 2102 Praepositio
620 2048 686 2087 ad
717 2045 869 2088 locum
898 2044 1023 2087 indi-

132 2110 225 2152 cat,
265 2102 346 2146 uhi
377 2101 686 2160 inruptionem
716 2102 920 2145 fecerunt
951 2102 1021 2145 vel

133 2174 225 2218 quo
246 2159 490 2204 tenderunt
507 2159 829 2217 inrumpendo.

187 2245 252 2274 ex
275 2229 462 2286 ferocia
493 2237 539 2273 et
571 2245 781 2274 successu
807 2233 1022 2285 praedae

131 2289 286 2344 magis
323 2303 369 2344 q.
403 2304 453 2344 p.
493 2288 526 2332 i.
617 2288 693 2331 Sic
722 2286 859 2330 MSS.
891 2287 1019 2330 Flor.

130 2343 412 2402 (test.Viet.)
443 2345 560 2390 Bud.
594 2344 720 2388 Harl.
754 2344 832 2389 les.
867 2344 1019 2388 Guelf.

131 2402 231 2446 edd.
253 2401 398 2445 Rhen.
419 2402 524 2446 Ald.
547 2417 647 2460 sqq.
683 2418 827 2460 usque
861 2402 917 2445 ad
947 2402 1020 2444 Bi-

163 2467 259 2503 ont.
284 2467 326 2502 et
350 2458 557 2503 Oberlin.
579 2488 638 2495 —
678 2474 702 2501 e
710 2459 898 2515 ferocia
920 2459 1020 2503 MS.

130 2476 262 2560 Eodl,
285 2545 344 2553 -
393 2525 438 2559 et
461 2517 650 2572 ferocia
675 2526 758 2559 ete.
780 2516 883 2560 MS.
910 2516 1018 2574 Reg-

130 2573 232 2617 edd.
262 2574 381 2632 Spir.
416 2574 517 2618 Put.
552 2574 619 2616 M.
654 2583 697 2618 et
720 2573 778 2618 V.
811 2573 1018 2617 Beroald.

129 2632 234 2676 Ale.
265 2659 324 2667 —
380 2639 426 2674 et
444 2633 690 2688 ferociora
727 2645 941 2674 successu
975 2638 1019 2672 et

123 2691 330 2742 praedae
371 2697 454 2733 etc.
496 2689 596 2731 MS.
634 2687 772 2746 Agr.‚
830 2704 1018 2745 eamque

129 2744 399 2804 scripturam
432 2745 609 2789 edidere
636 2744 820 2802 Bipont.
853 2744 1016 2788 Oberl.

129 2817 230 2860 sqq.
266 2801 427 2846 omissa
461 2811 611 2846 tamen
643 2803 804 2860 copula
841 2811 884 2845 et
915 2810 1016 2845 ante

114 2859 395 2915 ferociora.·
435 2859 664 2903 Bekkerus
695 2861 810 2902 bene
835 2875 1016 2904 revoca·

127 2916 189 2958 vit
223 2916 427 2960 Rhenani
470 2917 853 2967 emendationem,
904 2932 1017 2974 quae

126 2975 366 3032 praecipua
400 2974 620 3017 librorum
655 2974 917 3016 auctoritate
951 2972 1016 3015 ni-·

71 3070 81 3078 ,
128 3029 251 3073 titur.
319 3030 399 3074 Ex
415 3031 601 3087 ferocia
633 3038 679 3073 et
709 3045 921 3073 successu
953 3037 1029 3073 est'

127 3085 178 3130 ἓν
207 3084 283 3130 διὰ
317 3087 466 3132 δυοῖν.
530 3087 808 3146 Praepositio
847 3102 909 3129 ex
942 3086 1013 3129 in-

129 3143 248 3187 dicat
272 3159 451 3188 eausam
469 3145 776 3203 originemque
799 3144 880 3187 rei.
941 3144 1017 3187 Sic

127 3201 217 3244 An.
244 3204 282 3249 1,
301 3201 344 3244 7.
368 3217 510 3245 causa
534 3205 784 3257 praeclpua
819 3216 882 3243 ex
902 3201 1014 3256 sor-

128 3259 313 3308 midine,
339 3273 401 3301 ne
423 3267 508 3302 etc.
570 3259 683 3302 [list.
698 3261 739 3308 2,
761 3261 828 3300 10.
857 3259 1015 3313 efida-

126 3315 198 3358 cia
218 3317 420 3359 tarditas
431 3333 445 3367 ;
477 3321 515 3368 1,
532 3316 604 3360 90.
631 3331 694 3359 ex
713 3315 899 3359 libidine
920 3329 1014 3357 ser·

127 3371 244 3417 vitii.

186 3443 418 3486 adiunctis
447 3444 655 3486 auxiliis.
731 3442 832 3485 MS.
873 3440 1011 3483 Coi-b.

130 3497 200 3541 ed.
225 3499 342 3557 Spir.
363 3502 532 3543 iunctis
554 3500 766 3543 auxiliis.

186 3569 385 3623 dispersi
423 3578 507 3612 aut
550 3571 761 3624 cupidine
804 3573 1011 3623 praedae

133 3633 375 3685 TAc1rUs
419 3634 515 3687 III.

1521 1398 1584 1453 id
1602 1474 1603 1478 Ἰ
1621 1398 1988 1473 principibus

1095 1657 1268 1699 graves
1288 1652 1427 1684 onere
1448 1656 1486 1685 s.
1547 1642 1624 1686 Sic
1646 1642 1782 1689 MSS.
1809 1655 1853 1689 et
1884 1647 1984 1691 edd.

1095 1716 1237 1759 usque
1272 1700 1327 1742 ad
1359 1699 1718 1757 Berneggerum,
1765 1703 1841 1760 qui
1884 1720 1984 1747 sua-

1096 1757 1303 1802 dentibus
1345 1756 1551 1800 Acidalio
1597 1765 1639 1800 et
1677 1755 1985 1804 Freinsheniio

1096 1815 1259 1858 edidit:
1311 1814 1509 1868 dispersi
1539 1816 1751 1869 cupidine
1775 1821 1987 1871 praedae
2070 1815 2071 1818 ¹

1096 1880 1182 1914 aut
1215 1885 1385 1926 graves
1407 1885 1546 1914 onere
1570 1886 1611 1916 s.
1680 1873 1845 1927 Imitati
1882 1884 1985 1918 sunt

1093 1929 1367 1972 recentiores
1424 1928 1617 1972 editores
1668 1940 1843 1989 praeter
1894 1932 1983 1975 Iac.

1094 1985 1384 2031 Gronovium
1454 2001 1628 2029 omnes.
1724 1988 1982 2047 Perperam.

1094 2043 1245 2086 Verba
1278 2043 1487 2098 cupidine
1514 2047 1726 2097 praedae
1757 2047 1985 2104 pertinent

1094 2101 1149 2143 ad
1181 2114 1355 2153 graues
1385 2114 1525 2143 onere
1557 2104 1884 2153 sarcinarum,
1935 2113 1985 2146 ut

1009 2172 1012 2175 ‘
1095 2165 1293 2209 constet,
1323 2157 1446 2216 quod
1468 2158 1743 2202 sarcinarum
1772 2177 1886 2204 onus
1915 2160 1983 2203 in·

1092 2214 1390 2272 telligendum
1429 2215 1498 2258 sit.
1582 2215 1686 2259 Non
1723 2219 1845 2261 enim
1878 2220 2002 2261 sunt'

1094 2288 1245 2329 graves
1301 2288 1439 2315 onere
1494 2275 1812 2326 sarcinarum,
1874 2291 1981 2333 quas

1093 2329 1222 2372 miles
1255 2345 1407 2372 seeum
1445 2338 1595 2387 portat
1624 2331 1671 2373 in
1701 2331 1887 2381 itinere,
1932 2340 1982 2374 ut

1092 2386 1197 2429 infr.
1220 2388 1369 2438 2‚40.:
1402 2388 1479 2441 sed
1505 2403 1614 2445 quas
1638 2400 1884 2446 rapuerunt
1905 2405 1980 2433 cu-

1092 2444 1244 2501 pidine
1279 2444 1481 2502 praedae.
1552 2444 1727 2503 Duplex
1760 2447 1980 2492 ablativus

1092 2503 1298 2555 cupidine
1330 2511 1372 2544 et
1405 2515 1546 2543 onere
1569 2502 1616 2544 in
1643 2503 1804 2545 eodem
1831 2519 1981 2546 mem-

1089 2559 1173 2602 bro
1195 2575 1290 2601 non
1318 2567 1382 2601 est
1410 2558 1578 2601 alienus
1601 2575 1624 2601 a
1648 2559 1791 2602 Taciti
1818 2576 1979 2617 genere

1089 2615 1282 2659 dicendi.
1342 2614 1401 2658 ef.
1426 2624 1524 2658 not.
1549 2616 1604 2658 ad
1627 2616 1716 2659 An.
1736 2617 1780 2667 2,
1798 2617 1872 2660 23.
1901 2618 1984 2673 qui

1089 2674 1278 2715 tumidis
1294 2671 1350 2717 G.
1370 2675 1527 2723 terris,
1553 2674 1798 2729 profundis
1819 2676 1980 2717 amni-

1088 2732 1174 2778 bus
1196 2733 1422 2772 immenso
1443 2730 1639 2772 nubium
1675 2736 1830 2778 tractu
1855 2732 1978 2773 vali-

1086 2791 1198 2838 dia,-
1243 2796 1285 2830 et
1321 2788 1386 2838 12,
1417 2785 1488 2830 33.
1524 2787 1607 2830 sub
1639 2803 1717 2835 vv.
1748 2788 1845 2832 Sed
1878 2797 1977 2832 tum

1086 2852 1198 2887 astu
1221 2853 1306 2888 etc.

1144 2918 1367 2969 adempta
1418 2929 1641 2970 equorum
1682 2917 1973 2970 pernicitate.

1086 2971 1172 3016 Ed.
1204 2971 1322 3029 Spir.
1357 2972 1520 3025 adepti
1530 2987 1544 3013 .-
1588 2965 1789 3028 quoram
1817 2976 1973 3028 perni-

1087 3030 1250 3080 citate,
1281 3029 1406 3071 cuius
1428 3028 1518 3071 vitii
1542 3029 1670 3087 origo
1694 3040 1759 3073 est
1779 3030 1826 3072 in
1851 3046 1975 3072 com-

1086 3087 1252 3144 pendio
1271 3089 1457 3140 adepta.
1523 3085 1633 3128 Mox
1661 3087 1813 3133 eadem
1837 3089 1971 3142 igna-

1087 3158 1168 3186 vos
1191 3159 1274 3201 pro
1294 3144 1536 3196 ignavum.

1144 3229 1577 3279 cataplzractarum.
1640 3227 1715 3270 Sic
1738 3227 1841 3270 edd.
1858 3227 1972 3270 Rhe-

1086 3300 1191 3328 nan.
1216 3298 1313 3341 sqq.
1351 3311 1399 3319 -
1446 3284 1850 3340 catlzafractaram
1871 3285 1971 3327 MS.

1086 3338 1240 3384 Guelf.
1268 3340 1336 3384 ed.
1359 3340 1474 3396 Spir.
1497 3365 1549 3374 -—
1604 3343 1974 3397 catafractarum

1085 3398 1187 3441 edd.
1220 3397 1322 3439 Put.
1351 3398 1418 3439 Μ.
1458 3406 1501 3439 et
1523 3399 1577 3440 V.
1605 3397 1816 3440 Beroald.
1851 3403 1973 3450 (cum

1084 3455 1150 3497 sil.
1180 3452 1321 3508 Viet.)
1348 3454 1449 3498 Alc.
1483 3478 1540 3486 π·-
1599 3455 1648 3495 ln
1684 3456 1783 3497 MS.
1819 3454 1969 3496 Guell‘.

1081 3514 1283 3564 pondere
1326 3513 1372 3554 in
1417 3520 1622 3554 contextu
1667 3511 1879 3553 omissum
1923 3511 1968 3569 ip

1085 3567 1283 3626 margine
1312 3585 1334 3610 a
1362 3584 1450 3610 sec.
1486 3585 1619 3609 manu
1653 3568 1853 3610 additum
1891 3575 1967 3608 est.

1314 3629 1369 3682 H
