2138 4030
126 204 133 209 ‘
196 195 416 234 mmm.

198 239 311 276 A.c.
355 240 415 273 71-

631 197 805 265 Lffl.
844 161 947 260 tv.
1024 153 1219 259 CAP.
1257 200 1355 261 71.
1395 192 1500 264 72.
1835 172 1984 267 4031

113 331 591 408 praecipitantur.
682 338 737 384 et
773 347 906 402 pars
940 328 1209 405 equitum
1242 329 1623 405 aequioribus
1658 333 1807 408 iugis
1847 335 1966 393 cir-

110 428 404 473 cumvecta
433 413 839 470 *nobilissimos
860 410 1174 486 Belgarum
1193 457 1210 481 ,
1251 411 1319 468 in
1347 415 1481 489 quis
1505 417 1715 474 ducem
1742 417 1966 476 Valen-

110 502 340 569 tinum,
384 499 553 573 cepit.

276 581 524 642 LXXII.
609 579 857 638 Cerial‘is
903 592 1135 655 postero
1189 581 1285 636 die
1324 582 1631 642 vcoloniam
1668 585 1965 647 Trevero-

107 690 243 727 rum
271 670 564 743 ingressus
599 679 682 723 est
719 668 893 723 avido
932 665 1123 722 milite
1157 667 1447 723 eruendae
1489 668 1764 728 civitatis:
1808 669 1963 733 hanc

109 774 231 810 esse
281 753 552 822 Classici,
616 748 769 807 hanc
824 750 1068 808 Tutoris
1117 751 1395 826 patriam:
1477 748 1692 811 horum
1744 759 1962 816 scelere
2018 759 2020 763 ’

108 840 329 896 clausas
382 857 689 914 caesasque
736 837 1045 911 legiones-f
1133 836 1277 911 quid
1324 847 1557 894 tantum
1607 837 1960 900 Cremonam

109 924 415 993 meruisse,
487 944 664 999 quam
703 942 733 977 e
772 922 994 995 gremio
1035 918 1243 976 Italiae
1282 933 1542 997 raptam,
1604 925 1743 1001 quia
1784 929 1963 985 unius

106 1009 294 1065 noctis
338 1028 566 1063 moram
623 1007 948 1063 victoribus
998 1006 1296 1061 attulerit?
1390 1018 1540 1063 stare
1587 1007 1652 1064 in
1704 1013 1960 1071 confinio

106 1092 461 1150 Germaniae
489 1094 775 1165 integram
800 1093 997 1147 sedem
1022 1090 1226 1164 spoliis
1257 1093 1615 1161 exercituum
1650 1105 1707 1151 et
1743 1097 1962 1154 ducum

105 1179 380 1235 caedibus
406 1189 698 1236 ovantem.
782 1177 1142 1249 redigeretur
1185 1177 1399 1248 praeda
1442 1178 1503 1232 in
1545 1178 1772 1236 fiscum:
1818 1181 1962 1256 ipsis

106 1264 368 1320 sufficere
415 1263 579 1336 ignes
619 1273 676 1318 et
714 1262 951 1317 rebellis
1001 1260 1264 1316 coloniae
1319 1262 1553 1332 ruinaS,
1623 1265 1838 1341 quibus
1874 1278 1963 1324 tot

104 1359 428 1404 castrorum
470 1348 693 1404 excidia
739 1357 1143 1421 pensarentur.
1252 1342 1500 1402 Cerialis
1539 1368 1571 1403 a
1609 1362 1772 1407 metu
1807 1351 1964 1409 infa-

106 1433 285 1503 miae,
337 1434 388 1488 si
422 1433 656 1488 licentia
697 1431 1052 1507 saevitiaque
1093 1429 1359 1485 imbuere
1399 1432 1646 1488 militem
1695 1431 1963 1493 credere-

107 1531 230 1586 tur,
298 1519 510 1593 pressit
546 1517 688 1573 iras:
756 1527 814 1572 et
852 1535 1125 1591 paruere,
1195 1515 1387 1590 posito
1430 1517 1647 1574 civium
1685 1520 1842 1578 bello
1885 1524 1966 1579 ad

102 1775 216 1833 Agr.
238 1774 342 1818 edd.
363 1774 481 1832 Spir.
508 1773 651 1832 Ryck.
682 1777 767 1820 lac.
784 1775 991 1821 Gronov·

103 1849 202 1888 sqq.
280 1832 337 1875 cf.
373 1833 463 1876 An.
499 1834 541 1884 2,
570 1834 639 1875 80.
703 1834 814 1878 Hist.
850 1837 892 1886 4,
920 1835 990 1880 76.

100 1890 193 1933 Liv.
220 1891 262 1940 2,
288 1890 359 1933 46.
390 1889 542 1947 ibique
567 1892 600 1933 l.
627 1891 992 1938 F1·.Gronovius.

100 1971 158 1981 —·
198 1952 264 1990 ad
294 1962 462 1990 manus
499 1947 634 1992 MSS.
668 1949 820 1992 Guelf.
864 1949 991 1994 Harl.

98 2004 229 2048 Bodl.
283 2005 369 2049 les.
425 2005 526 2049 edd.
564 2005 739 2049 Puteol.
783 2023 880 2064 sqq.
934 2010 989 2049 ad

98 2060 338 2120 Ryckium.
359 2085 415 2094 —
462 2062 510 2104 ln
536 2063 636 2105 MS.
668 2064 797 2110 Bodl.
821 2081 988 2108 secun—

99 2120 155 2163 da
173 2135 332 2163 manus
356 2119 611 2165 emendavit
630 2121 697 2164 in.

155 2190 326 2232 ruinae
347 2193 504 2233 moda.
564 2189 698 2236 MSS.
720 2192 831 2249 Agr.
849 2190 988 2236 Corb-

100 2249 267 2290 ruz'nue
293 2262 438 2289 more.

158 2318 269 2361 CAP.
306 2317 378 2360 72.
461 2325 652 2370 postero
699 2318 791 2363 die.

99 2373 249 2418 Guelf.
270 2383 464 2427 postera
489 2376 581 2418 die.

154 2434 384 2474 eruendae
425 2431 641 2475 civitatis.
729 2430 789 2475 cf.
824 2429 988 2489 Virgil.

98 2489 209 2533 Aen.
232 2488 274 2536 2,
297 2488 379 2530 611
405 2504 504 2546 sqq.
515 2489 842 2543 fundamenta
870 2504 987 2543 qua-

98 2548 176 2597 tit,
224 2553 464 2601 totamque
506 2548 565 2586 ab
599 2547 785 2588 sedibus
824 2549 988 2587 urbem

98 2605 235 2646 erait.
257 2625 317 2635 —
359 2605 463 2646 Mox
478 2602 730 2647 MS.C0rb.
756 2606 984 2645 attulerat

97 2676 180 2718 pro
204 2662 432 2704 attulerit.

152 2725 198 2760 et
234 2721 405 2762 dueum
442 2720 671 2762 caedibus.
763 2717 840 2762 Sic
880 2718 982 2761 edd.

94 2773 271 2818 Puteol.
300 2791 351 2833 sq
387 2806 398 2818 .
427 2798 486 2807 —
543 2784 589 2818 et
619 2780 790 2819 ducum
821 2777 985 2830 spoliis

97 2830 201 2874 MS.
231 2791 383 2886 Gueffl
416 2857 474 2864 —
532 2841 575 2875 el
600 2849 722 2882 *cum
766 2835 983 2875 caedibus

95 2887 195 2933 MS.
215 2889 340 2933 Flor.
363 2894 481 2945 (test.
506 2889 644 2944 Vict.)
669 2898 711 2934 et
733 2889 805 2933 ed.
828 2890 947 2949 Spir.

148 2947 438 3000 redigeretur
470 2952 654 3002 praeda
691 2949 737 2990 in
767 2947 812 3002 f.
903 2945 981 2991 Sic

94 3002 229 3047 MSS.
249 3003 371 3047 Flor.
401 3006 519 3060 (test.
545 3005 662 3048 vict.
689 3021 791 3049 cum
814 3003 980 3047 Piche-

91 3061 169 3159 ga)
206 3059 316 3118 Reg.
345 3060 482 3105 Corb.
516 3061 617 3160 {dm
644 3060 979 3160 Spir.dPichen.

94 3132 271 3218 viiie}
290 3134 439 3219 225333
462 3129 785 3220 G.0¹.?.53}2‘:.⁸..
799 3126 979 3231 8(ἷὲἓὲῗῖ

95 3231 273 3274 tradidit
293 3231 340 3275 in
362 3233 466 3276 cod.
480 3234 597 3278 Flor.
624 3234 708 3292 legi
731 3235 980 3287 redigetur,

93 3303 285 3346 eumque
315 3289 526 3334 nuntium
550 3290 785 3333 Broterius
815 3290 978 3348 aliique

122 3354 465 3403 ropagav'erunt.
564 3348 650 3391 Sed
695 3346 888 3391 Picbena
930 3353 978 3389 et

86 3360 286 3468 Kyekius
320 3404 364 3457 (e
399 3403 640 3447 collatione
676 3405 763 3448 lac.
792 3402 975 3447 Grono-

882 2318 989 2362 MS.

90 3459 182 3512 νὴ)
227 3459 378 3503 disci-ti
424 3476 529 3505 cum
576 3461 782 3505 Victorio
843 3468 974 3503 testes

87 3524 191 3561 sunt
209 3516 263 3560 de
287 3517 506 3577 scriptura
524 3520 826 3574 redigeretur.
889 3516 974 3561 Eo·

1063 1777 1164 1820 dem
1221 1777 1360 1820 modo
1410 1777 1675 1836 interpretes
1722 1781 1960 1840 aliquoties

1062 1843 1308 1891 peccarunt
1331 1836 1376 1877 in
1404 1836 1607 1879 codicem
1625 1837 1958 1884 Florentinum.

1060 1918 1119 1927 --
1148 1892 1383 1944 redigeret
1410 1898 1650 1947 praedam
1681 1897 1729 1937 in
1748 1897 1794 1951 f.
1818 1897 1956 1942 MSS.

1063 1947 1215 1991 Guelt'.
1243 1949 1364 1992 Harl.
1389 1950 1518 1992 Bodl.
1546 1951 1622 1994 les.
1648 1951 1749 1996 edd.
1774 1953 1959 1998 Put.M.

1063 2014 1103 2048 et
1117 2005 1172 2048 V.
1196 2006 1405 2051 Beroald.
1431 2023 1528 2064 sqq.
1551 2008 1606 2050 ad
1618 2008 1877 2054 Pichenam.
1897 2035 1958 2049 .·-·

1064 2066 1358 2116 redigeretur·
1397 2067 1635 2119 praedam
1677 2070 1724 2109 in
1765 2068 1809 2124 f
1854 2067 1959 2114 MS.

1059 2120 1174 2162 Bud.
1211 2144 1265 2154 —
1317 2120 1409 2164 Pro
1429 2122 1603 2177 fiscum
1637 2123 1682 2166 in
1716 2123 1954 2171 Guelferb..

1060 2177 1272 2220 scribitur
1285 2180 1527 2232 plqyscum.

1122 2246 1312 2290 Cerialis
1346 2265 1377 2290 a
1406 2258 1538 2291 melu
1564 2259 1651 2295 etc.
1706 2252 1785 2295 Sic
1814 2251 1953 2297 MSS.

1060 2303 1186 2347 Flor.
1243 2306 1381 2358 (teste
1421 2305 1624 2364 Ryckio)
1679 2309 1796 2354 Bud.
1837 2309 1952 2369 Reg.

1061 2360 1210 2404 Guelf.
1231 2362 1359 2405 Bodl.
1376 2363 1460 2417 les.
1483 2373 1525 2407 et
1543 2364 1761 2409 editiones
1783 2375 1953 2412 veteres

1058 2434 1199 2475 usque
1222 2420 1278 2461 ad
1305 2420 1502 2477 Lipsium
1536 2429 1576 2464 et
1611 2439 1756 2482 nuper
1783 2424 1953 2468 editio-

1059 2491 1138 2518 nes
1164 2475 1383 2525 Ernestii‚
1416 2478 1605 2521 Broterii
1629 2497 1727 2538 sqq.
1763 2507 1815 2515 —
1867 2481 1952 2526 Li-

1058 2531 1180 2589 psius
1219 2534 1600 2590 praepositionem
1640 2555 1670 2580 a
1713 2537 1951 2594 deleverat,

1058 2598 1099 2632 et
1126 2590 1248 2632 abest
1290 2589 1365 2633 illa
1400 2608 1422 2635 a
1443 2591 1577 2636 MSS.
1603 2594 1740 2638 Corb.
1767 2594 1945 2656 et'Agr.

1059 2671 1111 2679 -—
1143 2646 1375 2690 Ernestius
1414 2657 1455 2690 et
1488 2651 1764 2696 recentiores
1802 2669 1946 2707 mac.-

1058 2704 1228 2761 cipiunt
1260 2705 1453 2762 positum
1490 2723 1574 2764 pro
1601 2718 1810 2764 propter.
1887 2714 1948 2757 cf.

1055 2760 1146 2803 Liv.
1173 2761 1243 2811 24,
1263 2761 1334 2805 30.
1364 2762 1438 2814 26,
1458 2765 1495 2805 l.
1556 2763 1803 2821 Quaeritur
1827 2783 1950 2824 vero,
1998 2803 2009 2817 .

1057 2834 1138 2860 cur
1171 2817 1353 2862 Tacitus
1384 2819 1472 2863 hoe
1514 2823 1797 2879 potissimum
1841 2825 1947 2872 loco

1054 2876 1309 2933 adposuerit
1357 2878 1761 2935 praepositionem,
1841 2882 1945 2931 uam

1053 2931 1266 2975 sexcentis
1299 2932 1396 2978 aliis
1427 2933 1538 2978 locis
1569 2934 1675 2983 huic
1704 2938 1823 2990 simil
1845 2939 1947 2987 imis

1051 2988 1256 3045 neglexit.
1318 2990 1468 3048 Lipsio
1495 2992 1727 3039 videbatur
1753 3011 1835 3040 vox
1866 2999 1945 3044 ali·

1050 3061 1139 3103 qua
1170 3046 1384 3091 excidisse
1419 3056 1550 3106 atque
1576 3049 1615 3093 le
1647 3054 1840 3099 endum:
1897 3058 1945 3100 C.

1051 3111 1234 3157 emptus
1274 3120 1340 3147 cm
1381 3113 1510 3150 metu
1550 3109 1596 3150 in
1619 3111 1803 3167 umiae,
1851 3115 1942 3157 vel-e

1053 3161 1102 3204 (I.
1129 3165 1372 3203 clementia
1393 3178 1456 3205 an
1480 3172 1621 3210 metu.
1679 3167 1939 3227 Biponlini:

1052 3218 1102 3260 C.
1124 3227 1288 3260 autem
1309 3228 1438 3262 metu
1464 3220 1705 3279 infamiae.
1725 3249 1784 3260 —
1831 3227 1942 3271 Mox

1049 3274 1117 3373 edt.
1145 3275 1262 3373 Sipir.
1296 3275 1467 3334 pergit:
1521 3285 1750 3325 erederet.
1786 3283 1934 3328 Pres-

1046 3346 1087 3374 ει
1133 3348 1155 3374 e
1178 3349 1216 3376 c.
1448 3353 1451 3365 ⁴

1104 3402 1269 3444 civium
1308 3405 1442 3459 bello.
1527 3407 1603 3452 Sic
1640 3407 1776 3455 MSS.
1809 3411 1847 3454 F
1847 3408 1936 3456 lor.

1047 3459 1174 3513 (teste
1194 3459 1402 3518 Pichena)
1427 3463 1540 3521 Reg.
1564 3464 1678 3510 Bud.
1701 3468 1810 3524 Agr.
1833 3469 1936 3514 edd.

1046 3514 1164 3573 Spir.
1194 3515 1370 3563 Ernest-
1393 3519 1572 3566 Broter.
1595 3538 1692 3581 sqq.
1717 3545 1777 3558 --
1819 3526 1942 3570 civili
