2138 4030
179 247 233 283 A.
250 247 303 283 U.
318 247 402 282 823.
428 248 432 262 ¹

182 293 231 327 A.
252 291 300 328 C.
343 292 402 327 70.

606 249 780 309 LIB.
817 249 895 309 Π.
970 246 1168 308 CAP.
1202 248 1301 309 73.
1338 249 1439 309 74.
1773 316 1783 326 ¹
1828 249 1953 310 217

95 384 487 459 speculatores
531 399 562 435 e
602 377 774 456 Syria
812 375 1145 454 Iudaeaque
1194 379 1466 435 adactum
1504 377 1573 445 Vin
1611 380 1791 436 verba
1829 381 1956 439 eius

97 466 413 526 Orientem
435 464 804 523 nuntiavere.
891 479 1032 520 nam
1058 462 1163 520 etsi
1192 463 1354 536 vagis
1392 459 1585 519 adhuc
1623 475 1680 520 et
1715 465 1957 524 incertis

96 554 466 621 auctoribuS‚
522 559 645 606 erat
682 561 880 606 tamen
916 549 983 604 in
1021 569 1123 605 ore
1157 549 1429 624 famaque
1461 545 1855 623 Vespasianus
1887 572 1956 609 ac

94 639 445 715 plerumque
494 636 569 691 ad
614 654 837 690 nomen
879 633 1004 690 eius
1035 632 1314 690 Vitellius
1349 633 1725 693 excitabatur.
1825 647 1954 692 tum

96 724 222 798 ipse
278 722 679 795 exercitusque
729 731 797 776 ut.
850 719 1020 775 nullo
1065 719 1296 775 aemulo
1341 718 1612 789 saevitia,
1684 719 1957 792 libidine,

99 820 273 884 raptu
299 807 364 863 in
389 818 658 863 externos
682 823 876 861 mores
904 814 1315 880 proruperant.
1602 873 1609 890 ἱ
1931 807 1933 810 ⁴

266 889 542 950 LXXIV.
628 885 713 948 At
734 888 1131 964 Vespasianus
1163 889 1388 945 bellum
1413 907 1691 965 armaque
1729 900 1785 946 et
1817 910 1960 965 pro-

98 979 196 1035 cul
215 978 311 1034 vel
332 978 495 1034 iuxta
523 975 660 1032 sitas
684 975 839 1032 vires
863 975 1399 1049 circumspectabat.
1476 974 1647 1030 miles
1671 973 1785 1048 ipsi
1811 976 1958 1037 adeo

97 1074 364 1139 paratuS‚
427 1072 496 1118 ut
527 1071 909 1136 praeeuntem
944 1070 1375 1133 sacramentum
1410 1070 1466 1115 et
1496 1060 1686 1116 fausta
1718 1058 1962 1118 Vitellio

101 1149 302 1205 omina
325 1158 662 1223 precantem
686 1163 793 1221 per
815 1145 1116 1203 silentium
1138 1145 1453 1204 audierint.
1531 1142 1806 1200 Muciani
1831 1145 1964 1202 ani-

98 1254 231 1291 mus
258 1253 366 1289 nec
390 1230 752 1306 Vespasiano
777 1231 1006 1286 alienus
1031 1241 1089 1287 et
1111 1230 1176 1286 in
1202 1228 1413 1287 Titum
1439 1230 1706 1304 pronior.
1791 1251 1966 1306 prae-

26 1357 30 1363 ·
99 1320 284 1376 sectus
315 1314 571 1394 Aegypti
612 1315 709 1375 Ti.
742 1310 1082 1372 Alexander
1126 1315 1372 1371 consilia
1409 1315 1748 1374 sociaverat.
1843 1327 1964 1372 ter-

100 1404 245 1461 tiam
290 1403 613 1475 legionem,
687 1401 849 1477 quod
888 1401 960 1457 de
998 1399 1170 1478 Syria
1212 1402 1278 1456 in
1316 1398 1610 1456 Moesiam
1645 1400 1964 1472 transisset,

1071 1602 1252 1660 (Guelf.
1287 1605 1392 1659 οἵα)
1433 1608 1476 1645 et
1509 1601 1610 1645 edd.
1647 1601 1752 1645 inde
1786 1617 1811 1645 a
1841 1602 1963 1662 Spir-

1073 1678 1255 1713 omnes,
1289 1676 1422 1717 quam
1447 1661 1715 1716 scripturam
1730 1660 1966 1705 Ernestius

1072 1727 1225 1762 tuetur
1286 1720 1345 1760 ob
1414 1718 1631 1762 verbum*
1672 1727 1964 1772 preeuntem.

1071 1774 1374 1828 ,‚Precando,
1426 1773 1599 1830 inquit,
1643 1774 1762 1819 bene
1795 1773 1968 1820 omina·

1073 1850 1179 1877 mur
1226 1841 1270 1875 et
1308 1832 1462 1876 omina
1495 1831 1710 1876 facimus:
1755 1832 1833 1876 sed
1871 1848 1967 1877 non

158 1621 184 1649 e
203 1603 359 1661 Syria.
418 1601 496 1646 Sic
528 1600 632 1645 edd.
666 1609 770 1645 ante
791 1601 999 1647 Rhenan.

103 1673 145 1708 et
164 1663 302 1707 MSS.
325 1667 501 1720 praeter
516 1659 656 1712 Bud„
693 1662 820 1703 cuius
845 1668 999 1704 aucto·
1033 1694 1035 1697 .

102 1722 232 1766 ritate
254 1720 496 1762 Rhenanus
517 1716 742 1760 deleverat
772 1718 1000 1774 praeposi-

102 1780 302 1823 tionem:
333 1775 524 1819 restituit
547 1772 672 1818 Pieh.
701 1790 724 1816 e
744 1775 844 1818 MS.
871 1776 998 1819 Flor.

102 1861 161 1869 —
189 1837 298 1879 Mox
323 1833 396 1876 ed.
416 1831 535 1891 Spir.
570 1847 662 1875 non
692 1829 823 1876 habet
852 1848 1003 1880 vocu-

106 1895 194 1939 lam
223 1894 392 1936 adhuc.
1073 1906 1310 1949 precamur
1330 1890 1497 1939 omina,
1530 1898 1581 1932 ut
1602 1889 1815 1948 opinor.’'
1864 1889 1970 1933 Non

162 1954 210 1994 in
259 1963 342 1992 ore
383 1947 632 2004 famaque.

106 2008 164 2055 cf.
188 2006 324 2051 Roth.
355 2021 400 2063 p.
422 2005 465 2047 9.

163 2075 267 2110 tum
297 2066 406 2117 120'se.
467 2058 548 2104 Ed.
579 2060 700 2118 Spir.
735 2068 843 2104 tunc
885 2063 1001 2117 ipse.

106 2125 215 2168 Mox
246 2122 348 2166 MS.
383 2118 537 2162 Guelf.
576 2119 743 2162 omittit
793 2127 846 2162 ut
898 2128 1000 2164 ante

106 2183 253 2225 nullo.

161 2241 210 2282 in
244 2244 467 2280 externos
498 2247 669 2276 mores.
740 2233 798 2276 H.
834 2249 874 2277 e.
907 2233 1003 2292 ipse

106 2312 212 2341 cum
234 2294 450 2338 militibus
475 2290 623 2349 coepit
646 2306 777 2349 agere
803 2301 1003 2335 externo-

106 2370 211 2397 rum
233 2370 281 2396 re
314 2367 391 2393 um
414 2364 567 2400 more,
597 2349 672 2405 qui
699 2364 790 2391 non
817 2348 1005 2407 legibus,

109 2412 185 2455 sed
220 2419 269 2454 ut
309 2409 470 2451 ibitum
495 2413 700 2462 regnant.
778 2404 1002 2448 Gutman-

111 2485 194 2512 nus
222 2467 389 2510 frustra
418 2463 650 2508 emendat:
684 2464 735 2505 in
760 2470 1005 2506 extremos

111 2540 284 2569 mores.

160 2587 497 2639 proruperant.
569 2577 670 2621 MS.
700 2576 854 2621 Guelf.
890 2591 1008 2633 pro-

111 2645 410 2696 rumperent.
427 2660 485 2670 -—
517 2635 627 2678 Mox
650 2635 771 2678 idem
796 2635 910 2678 liber
941 2650 1008 2690 ae

113 2698 438 2754 Vespasianus
458 2710 542 2752 pro
569 2700 622 2735 at
641 2694 978 2748 Vespasianus.

171 2765 368 2813 CAP.74.
412 2766 585 2807 bellum
603 2779 851 2820 armaque.
894 2762 1009 2827 Syn.

115 2841 298 2885 onyma.
359 2821 421 2867 cf.
444 2821 580 2865 Roth.
610 2838 654 2880 p.
676 2820 720 2865 9.

170 2903 216 2938 et
245 2894 424 2950 procul.
484 2890 562 2936 Sic
594 2893 696 2939 MS.
720 2889 873 2935 Guelf.
908 2890 1010 2946 edd.

115 2951 540 3001 anteRhenanum,
574 2949 653 3007 qui
685 2957 871 2992 auctore
905 2948 1009 2992 cod.

116 3011 231 3054 Bud.
287 3007 453 3053 delevit
509 3006 747 3066 copulam:
784 3018 786 3020 ’
818 3005 1013 3048 restituit

116 3067 295 3112 Pich.-e
318 3065 439 3108 Flor.
464 3091 524 3101 ——
581 3064 691 3116 Mox
716 3063 786 3106 ed.
802 3062 1012 3106 Beroald.

118 3125 274 3168 vitiose
323 3122 398 3166 dat
437 3129 632 3177 perotus
705 3135 758 3162 ro
796 3127 1013 3174 paratus,

116 3182 183 3226 uti
206 3180 324 3225 Vict.
349 3180 543 3222 correxit
563 3194 588 3221 e
607 3177 660 3220 M
700 3209 711 3221 .
738 3177 866 3220 Flor.

171 3243 496 3294 praeeuntem.
553 3235 657 3279 MS.
677 3234 833 3279 Guelf.
860 3241 1014 3292 ,Ρειιη-

114 3302 215 3341 ·tem
244 3293 289 3338 h.
311 3309 351 3338 e.
372 3299 672 3350 pereuntem,
708 3292 879 3350 vulgari
907 3305 1014 3336 con-

119 3352 314 3397 fusione.
417 3408 427 3420 .
669 3407 680 3419 .
849 3404 859 3416 ·

112 3408 568 3524 >25351⁸<251⁸²<51²22
579 3422 785 3521 sans.
811 3398 1018 3508 §attia

122 3524 301 3593 Lipsius*
328 3522 399 3580 (in
426 3522 498 3566 ed.
527 3521 673 3575 1574.)
706 3529 753 3564 et
782 3519 1017 3565 Freinshe-

129 3596 262 3628 mius.
283 3596 341 3619 -·--
368 3579 544 3625 ¹omnia
564 3580 723 3639 vulgus
744 3571 1019 3628 MSStorum

717 1946 998 2006 Synouyma.

1067 3489 1069 3492 ·
1089 3465 1243 3519 Victs),
1269 3464 1372 3509 Alc.
1402 3478 1422 3510 s

1072 1963 1314 2007 precamur
1340 1947 1519 1995 omina,
1547 1948 1779 1990 concedo:
1810 1962 1967 1990 verum

1059 2007 1283 2064 fausta
1343 2004 1502 2064 omina
1546 2004 1738 2059 precari
1772 2020 1865 2047 non
1906 2012 1972 2048 est

1073 2062 1334 2106 absurdum.
1430 2061 1544 2104 Nam
1600 2063 1758 2104 omina
1800 2061 1849 2104 in
1892 2061 1972 2111 tali

1074 2118 1284 2164 contextu
1317 2126 1424 2163 sunt
1459 2126 1586 2170 vota,
1632 2117 1796 2178 quibus
1826 2117 1972 2170 fausta

1073 2179 1121 2221 in
1147 2177 1338 2234 aliquem
1371 2176 1644 2235 cupiuntur,
1679 2185 1973 2242 spectantque

1074 2235 1147 2278 hic
1174 2236 1226 2277 ad
1252 2234 1428 2292 imperii
1455 2233 1677 2277 Vitelliani
1706 2234 1848 2277 mitia.
1910 2233 1971 2277 cf.

1074 2299 1170 2336 not.
1194 2293 1248 2335 ad
1273 2293 1359 2335 Au.
1385 2290 1424 2342 5,
1450 2291 1494 2334 4.
1557 2291 1710 2334 ieiune
1738 2298 1885 2334 autem
1911 2292 1974 2334 di-

1076 2350 1196 2394 citur
1248 2348 1547 2407 Vespasianus
1601 2347 1744 2391 fausta
1787 2347 1974 2393 Vitellio

1077 2408 1241 2449 omnia
1265 2415 1502 2464 precatus:
1537 2421 1643 2448 nam
1668 2420 1751 2448 cur
1776 2406 1976 2449 omnia?

1076 2464 1327 2509 sufficiebat
1356 2464 1525 2520 fausta
1562 2464 1752 2506 Vitellio
1786 2463 1977 2520 precari.

1078 2522 1328 2566 sexcenties
1356 2523 1404 2564 in
1427 2529 1532 2564 vett.
1567 2520 1695 2563 libris
1727 2528 1975 2579 utrumque

1078 2577 1356 2626 vocabulum
1407 2587 1704 2636 permutatur.
1783 2577 1843 2621 ef.
1876 2586 1975 2627 not..

1077 2637 1146 2680 ad.
1170 2639 1260 2680 An.
1289 2636 1357 2685 15,
1378 2636 1422 2680 8.
1477 2635 1593 2679 Hist.
1617 2636 1661 2684 2,
1684 2636 1726 2680 1.
1765 2635 1808 2687 4,
1830 2635 1902 2680 49.
1932 2643 1978 2681 et

1061 2726 1064 2727 ν
1084 2694 1206 2737 alibi.

1140 2766 1214 2808 Τι’.
1246 2762 1540 2808 Alexander.
1631 2761 1832 2817 Ursino,
1872 2765 1977 2809 Mu-

1077 2831 1211 2872 reto,
1263 2821 1472 2865 Acidalio
1503 2820 1790 2864 suadentibus
1821 2821 1980 2866 Ober->

1083 2881 1200 2924 linus
1238 2887 1282 2922 et
1315 2877 1590 2922 recentiores
1629 2878 1834 2922 editores·
1862 2882 1979 2924 bene

1076 2945 1651 3035 receperunngaenomen
1674 2936 1753 3036 Til.³
1771 2939 1819 2980 in
1842 2937 1978 2985 MSS.

1085 3003 1661 3098 Ssssssetss'ossab1i1u⁰13¹.¹⁵⁵⁰0¹}¹.
1693 3009 1980 3099 ?„s.3⁰‘3.⁶⁶7‘}5.

1078 3119 1130 3154 vet
1160 3111 1350 3153 Sueton.
1376 3108 1557 3166 Vespas.
1588 3124 1630 3161 >c.
1655 3107 1701 3151 6.
1741 3147 1744 3150 Δ
1773 3109 1846 3153 De
1875 3111 1980 3157 viro

1084 3167 1181 3212 vid.
1204 3166 1372 3210 Rheirt.
1387 3162 1602 3208 Muscam
1621 3165 1669 3222 f.
1690 3165 1863 3211 Philol.
1891 3178 1978 3215 etc.

1083 3223 1363 3276 11.·Jahrg.‚
1397 3222 1441 3265 2.
1466 3222 1606 3280 Hefi,
1673 3255 1685 3269 .
1713 3225 1814 3268 155.

1144 3282 1351 3324 tertiam.
1410 3279 1516 3324 MS.
1538 3279 1641 3324 Gue
1662 3280 1697 3324 f.
1720 3289 1926 3326 ternam.

1068 3384 1070 3387 v
1141 3354 1199 3394 de
1220 3350 1390 3406 Syria.·
1436 3349 1513 3395 Sic
1533 3351 1673 3398 MSS.
1698 3352 1978 3401 Bud.Gue1f.

1085 3409 1190 3458 edd.
1222 3407 1472 3467 Spin'Put.
1503 3408 1713 3455 Beroald.
1740 3411 1873 3476 ⁸(cum
1905 3411 1980 3457 sil.

1424 3480 1500 3525 qq.
1538 3465 1594 3510 ad
1629 3467 1857 3525 Lipsxum,
1905 3471 1982 3528 qui

1091 3522 1230 3567 edidit
1243 3535 1276 3579 ⁴e
1291 3521 1454 3580 Syria,-
1471 3530 1669 3568 ,auctore
1687 3524 1838 3583 aliquo
1863 3525 1981 3573 libro

1093 3587 1149 3625 an
1186 3580 1605 3639 ex'iirgeniomihi
1644 3581 1867 3626 incertum
1899 3590 1982 3634 est.
