2138 4030
611 244 926 307 muns.
1002 207 1344 304 muso.
1696 251 1699 255 s
1774 238 1895 298 431
1966 275 1969 278 -

59 363 378 461 delegerat,
426 377 588 438 haud
625 375 834 452 procul
870 374 1140 432 cubiculo
1179 374 1421 434 obvium
1459 380 1611 439 forte
1649 396 1905 459 servum,

60 463 414 551 quisnamet
437 465 544 523 ubi
569 473 716 519 esset
740 458 921 517 Piso?
972 456 1424 534 interrogavere.
1507 484 1710 525 servus
1741 489 1909 551 egre-7

62 559 157 632 gio
189 552 494 612 mendacio
523 569 584 604 se
610 546 890 612 Pisonem
924 550 1045 601 esse
1079 546 1415 620 respondit,
1457 567 1524 605 ac
1560 555 1757 610 statim
1784 558 1907 614 'ob-

61 652 383 701 truncatur.
477 655 587 691 nec
624 632 812 687 multo
854 641 987 704 post
1019 629 1154 687 Piso
1191 631 1553 689 interficitur.
1651 658 1907 718 namque

61 729 263 787 aderat
289 723 393 801 qui
420 727 685 776 nosceret
708 714 930 772 Bebius
954 712 1150 771 Massa
1180 736 1209 770 e
1240 719 1715 790 procuratoribus
1740 721 1908 783 Afri-

62 833 191 881 cae,
235 811 354 866 iam
378 819 519 864 tunc
549 803 771 878 optimo
798 800 1010 876 cuique
1043 801 1319 856 exitiosus
1357 813 1413 858 et
1447 802 1510 858 in
1548 805 1745 863 causas
1779 831 1907 868 ma·-

62 900 286 965 lomm‚
339 911 488 969 quae
531 908 669 943 mox
703 886 976 954 tulimuS,
1029 885 1260 959 saepius
1299 887 1614 945 rediturus.
1700 891 1907 954 Festus

63 980 422 1045 AdrumetO,
464 973 571 1031 ubi
598 971 1072 1049 specul-abundus
1098 971 1465 1041 substiterat,
1506 974 1578 1031 ad
1616 971 1909 1049 legioneni

62 1066 253 1124 tendit
304 1061 780 1138 praefectumque
835 1066 1160 1115 castrorum
1219 1054 1566 1114 Cetronium
1624 1058 1909 1121 Pisanum

62 1149 275 1206 vinciri
310 1147 480 1204 iussit
505 1143 774 1220 proprias
802 1141 879 1198 ob
909 1140 1256 1208 simultateS,
1301 1142 1404 1197 sed
1428 1140 1661 1203 Pisonis
1690 1150 1912 1206 satelli-

63 1249 180 1295 tem
205 1234 476 1290 vocabat:
521 1228 853 1302 militesque
885 1237 943 1282 et
978 1226 1350 1281 centuriones
1380 1230 1664 1303 quosdam
1696 1235 1912 1307 puniit,

65 1322 211 1377 alios
274 1316 551 1394 praemiis
609 1312 853 1380 adfecit,
924 1320 1203 1366 neutrum
1254 1331 1322 1367 ex
1369 1314 1611 1384 merito,
1676 1319 1779 1374 sed
1843 1332 1912 1379 ut

66 1404 416 1482 oppressisse
517 1398 742 1458 bellum
840 1396 1190 1452 crederetur.
1351 1395 1496 1454 Mox
1587 1396 1913 1462 Oeensium

66 1675 118 1685 —
150 1648 257 1691 Mox
279 1645 351 1689 ed.
367 1642 482 1702 Spir.
506 1644 750 1696 delegarat
771 1656 853 1697 pro
878 1641 952 1682 cle·

65 1711 270 1760 legerat,
302 1712 344 1746 et
375 1701 536 1744 deinde
559 1717 590 1742 a
617 1700 834 1741 cubiculo.
895 1697 953 1742 cf.

1023 1637 1076 1681 ad
1103 1639 1382 1689 Ernestium,
1425 1641 1500 1699 qui
1537 1657 1560 1685 e
1592 1640 1695 1688 MS.
1725 1642 1837 1704 Reg-
1870 1653 1917 1692 et

1023 1696 1093 1740 ed.
1120 1696 1234 1754 Spir.
1263 1698 1489 1756 adoptavit
1517 1703 1764 1746 contendit.
1823 1703 1916 1747 Sed

69 1773 164 1806 not.
193 1763 245 1804 ad
275 1760 386 1802 Hist.
412 1762 453 1807 4,
476 1759 552 1802 22.

124 1822 495 1872 interrogavere.
555 1813 637 1856 Ed.
661 1813 779 1870 Spir.
803 1813 952 1852 incur-

66 1882 360 1933 roguverunt,
419 1874 529 1916 Mox
551 1877 846 1926 cognosceret
868 1883 953 1928 pro

68 1942 290 1978 nosceret.

125 1992 294 2034 Bebius
314 1988 488 2029 Massa.
555 1985 655 2029 MS.
681 1983 789 2042 Reg.
815 1993 858 2027 et
883 1983 953 2026 ed.

69 2049 188 2108 Spir.
218 2047 430 2090 omittunt
453 2043 632 2086 Massa.

123 2123 147 2149 e
175 2103 554 2159 procuratoribus
586 2101 783 2155 Africae.
851 2098 954 2140 MS.

67 2165 175 2222 Reg.
208 2170 247 2204 et
274 2161 339 2203 ed.
364 2159 396 2202 S
431 2159 483 2200 ir.
506 2165 788 2210 procurator
814 2155 954 2221 Afri-

65 2236 169 2269 cae,
197 2235 281 2262 nec
312 2176 452 2260 eredit
474 2214 706 2257 Ernestius
727 2214 773 2255 in
797 2213 951 2256 Africa

64 2281 212 2338 plures
237 2290 327 2318 uno
349 2272 484 2315 fuisse
509 2278 850 2329 procuratores,
881 2286 952 2312 eo-

66 2353 151 2393 que
171 2332 380 2379 inclinat,
410 2339 458 2372 ut
482 2328 700 2385 praeferat
724 2342 954 2379 procura-

66 2401 139 2435 tor
169 2390 239 2436 vel
272 2388 413 2431 deleat
435 2386 641 2442 Africae.
698 2384 951 2427 Lalleman-

66 2450 149 2493 dus
182 2447 407 2504 vulgatam
430 2445 696 2500 scripturam
725 2442 782 2484 ita
808 2441 951 2507 expli-

66 2515 159 2558 cat,
188 2514 237 2548 ut
260 2501 532 2559 intelligatur
554 2515 670 2541 unus
693 2516 740 2542 ex
769 2499 845 2548 iis,
877 2514 954 2556 qul

68 2568 379 2622 procuratores
392 2558 568 2601 Africae
590 2556 788 2599 fuerunt.
824 2554 954 2612 Quae

67 2638 112 2664 ex
149 2618 297 2663 licatio
326 2617 399 2660 vix
431 2616 514 2658 erit
546 2612 835 2657 admittenda.
907 2613 953 2655 Si

67 2637 242 2734 vullgata
281 2690 386 2719 vera
429 2681 555 2723 sunt,
622 2670 870 2728 cogitemus
900 2671 955 2713 de

66 2733 269 2793 pluribus
296 2729 664 2789 procuratoribus
680 2737 795 2787 jum
824 2728 956 2773 Afri-

0 2819 1 2847 ᾗ
69 2808 144 2836 cae
168 2787 445 2849 praepositis.

125 2861 300 2915 optimo
319 2858 490 2912 cuique.
512 2902 515 2906 ,
549 2856 632 2900 Ed.
649 2855 770 2914 Spir.
793 2858 955 2913 cuique

67 2922 253 2975 optimo.
320 2920 324 2925 ‘

0 3012 1 3018 =
125 2980 403 3031 Adrumeto.
466 2983 542 3028 Sic
565 2984 664 3027 edd.
680 2983 819 3030 Rhen.
848 2983 950 3026 Md.

0 3078 1 3082 ,
68 3061 166 3104 sqq.
196 3072 255 3082 --
326 3044 600 3086 Adrz'mento
648 3041 781 3084 MSS.
827 3041 860 3084 F
866 3041 951 3086 lor.

0 3104 1 3153 J
68 3108 188 3159 (test.
211 3101 351 3151 Viet.)
391 3098 544 3142 Guelf.
572 3101 610 3154 (a
637 3098 831 3142 secunda
854 3114 951 3141 ma-

67 3162 162 3215 nu).
179 3186 238 3196 --
273 3160 565 3199 Adrumento
585 3156 686 3198 edd.
712 3155 832 3212 Spir.
850 3155 953 3199 Put.

0 3245 2 3257 .
67 3215 277 3260 Beroald.
300 3215 459 3258 Alciat.
517 3214 574 3257 cf.
598 3212 762 3258 Cellar.
782 3212 879 3255 Geo
914 3229 952 3257 r.

0 3262 2 3269 ’
67 3275 176 3317 Ant.
200 3273 253 3315 T.
278 3272 330 3314 ιι.
360 3270 559 3315 Lih.1V.
588 3287 632 3314 c.
657 3271 726 3321 4.,
757 3271 833 3312 ubi
857 3229 953 3328 piu.

0 3364 1 3377 2
67 3347 138 3374 res
163 3329 364 3373 eiusdem
389 3327 587 3373 nominis
613 3329 845 3372 varietates
879 3344 951 3370 re-

0 3390 1 3416 l
68 3396 322 3431 censentur.

123 3461 186 3499 od
213 3456 447 3512 Iegio'nem
477 3458 640 3498 tendit.
712 3455 788 3498 Sic
812 3454 950 3498 MSS.

69 3513 218 3557 Guelf.
253 3515 376 3559 Harl.
411 3514 541 3557 Bodt.
573 3514 654 3557 les».
686 3513 798 3556 Bud.
841 3512 945 3555 edd.

68 3570 168 3614 put.
191 3571 396 3615 Beroald.
428 3574 549 3627 (cum
585 3569 655 3614 sil.
680 3570 822 3624 Vici.)
851 3585 946 3631 sqq.

1025 1753 1195 1796 nullam
1223 1754 1355 1798 video
1383 1758 1689 1809 necessitatem
1712 1761 1916 1814 mutandi

1026 1820 1217 1853 veterem
1277 1813 1543 1870 scripturam
1607 1815 1738 1860 bonis
1789 1816 1915 1862 libris

1025 1868 1190 1910 nixam.
1250 1867 1311 1912 cf.
1335 1871 1425 1915 An.
1453 1873 1490 1922 1,
1511 1872 1581 1915 39.
1605 1877 1781 1916 audita·
1801 1890 1916 1919 con-

1023 1927 1307 1967 sternatione
1341 1931 1406 1968 od
1441 1929 1774 1972 Germanicum
1805 1941 1916 1976 ten-

1023 1986 1197 2026 dentes.
1255 1983 1442 2029 sueton.
1467 1985 1552 2030 Iul.
1590 2002 1627 2031 c.
1650 1987 1716 2032 34.
1750 1990 1919 2032 Brun-

1025 2042 1195 2081 disium
1218 2043 1424 2084 tetendit.
1491 2043 1603 2087 lbid.
1630 2060 1672 2088 c.
1693 2046 1764 2089 85.
1783 2050 1918 2101 plebs

1026 2101 1189 2139 statim
1218 2114 1248 2139 a
1265 2098 1444 2152 sunere
1467 2104 1533 2141 ad
1553 2105 1747 2146 domum
1774 2105 1922 2148 Bruti

1026 2161 1072 2195 et
1115 2154 1269 2196 Cas-sii
1313 2172 1417 2196 cum
1459 2157 1646 2211 facibus
1698 2164 1915 2206 tetendit.

1027 2211 1131 2254 Vid.
1158 2222 1247 2259 not.
1272 2212 1325 2256 ad
1343 2213 1430 2256 An.
1457 2213 1498 2262 3,
1519 2216 1590 2260 24.
1649 2218 1707 2261 At
1727 2234 1918 2277 sequen-

1027 2270 1107 2318 tia,
1157 2278 1205 2311 ut
1253 2270 1433 2313 videtur
1475 2272 1708 2323 Ernestio,
1761 2277 1918 2334 perfe-

1027 2335 1148 2369 ctum
1186 2336 1393 2383 poscunt.
1456 2329 1601 2373 [mmo
1637 2332 1698 2377 cf.
1737 2341 1832 2377 not.
1861 2334 1916 2378 ad

1025 2383 1115 2426 An.
1140 2384 1182 2434 2,
1202 2385 1246 2428 7.
1270 2385 1350 2426 sub
1377 2400 1420 2431 v.
1440 2389 1590 2431 duxit.
1640 2407 1641 2410 ¹

1086 2443 1368 2484 Cetrom'um.
1457 2441 1539 2489 Ed.
1581 2445 1698 2503 Spir.
1744 2447 1914 2490 Cecro-

1025 2499 1180 2548 nium,
1228 2501 1518 2555 permutatis,
1560 2511 1606 2546 ut
1640 2520 1794 2561 saepe.
1837 2505 1923 2550 lit--

1025 2555 1129 2597 teris
1152 2563 1170 2596 t
1194 2564 1237 2597 et
1259 2571 1296 2598 c.
1356 2557 1459 2600 MS.
1483 2558 1589 2615 Reg.
1615 2560 1914 2606 Secronium.

1079 2626 1252 2678 puniit.
1342 2628 1417 2671 Sic
1462 2628 1598 2674 MSS.
1641 2630 1749 2689 Reg.
1795 2632 1920 2677 Eud.-

1027 2684 1130 2726 edd.
1153 2683 1268 2738 Spir.
1291 2682 1433 2728 Rhea.
1457 2685 1562 2729 Ald.
1586 2703 1687 2746 sqq.
1715 2717 1773 2725 -
1819 2706 1913 2744 pu·-

1026 2742 1095 2783 nn't
1131 2740 1262 2784 MSS.
1301 2742 1451 2785 Guelf.
1493 2743 1616 2787 Harl.
1661 2746 1793 2790 Bodl.
1833 2747 1918 2792 les.

1028 2798 1128 2841 edd.
1162 2798 1263 2841 Put.
1294 2800 1361 2842 Μ.
1389 2808 1430 2842 et
1456 2798 1510 2844 V.
1547 2802 1756 2846 Beroald.
1791 2811 1916 2860 (eum

1026 2857 1093 2899 sil,
1114 2854 1253 2910 Vict.)
1289 2857 1452 2901 Alciat.
1486 2886 1544 2894 -
1604 2859 1839 2906 Ernestius
1872 2870 1920 2906 et

1027 2913 1257 2956 Broterius
1279 2922 1496 2958 testantur
1521 2916 1566 2958 in
1590 2918 1691 2961 cod.
1711 2918 1913 2963 Florem.

1027 2987 1119 3014 esse
1147 2972 1322 3025 puniit,
1377 2988 1522 3031 neque
1553 2981 1700 3017 tamen
1732 2975 1914 3020 invenio

1026 3044 1112 3127 iqua
1159 3029 1446 3127 auctorit-ate.
1501 3029 1911 3132 ἲΝΙΞω-ιὲΡίεὶιεηει,

1049 3101 1114 3128 ac.
1202 3101 1422 3131 ronowus
1475 3104 1498 3130 e
1630 3105 1655 3133 c
1688 3104 1756 3133 lus
1806 3107 1911 3134 cum

1025 3142 1228 3185 Victorio
1262 3152 1423 3187 tacent.
1503 3145 1564 3189 At
1593 3106 1665 3190 syae
1699 3147 1846 3191 issime
1878 3149 1916 3190 ii

1022 3199 1068 3242 iu
1105 3200 1229 3242 libris
1260 3202 1484 3245 veteribus
1509 3211 1664 3248 eontra
1697 3205 1788 3247 itur
1814 3206 1858 3248 in
1881 3207 1915 3250 i.

1081 3272 1373 3322 appr-cessasse.
1430 3272 1506 3317 Sic
1530 3274 1630 3318 edd.
1653 3275 1772 3333 Spir.
1795 3274 1911 3318 Rhe-

1024 3342 1139 3368 nan..
1158 3326 1261 3369 Ald.
1286 3345 1384 3385 sqq.
1419 3354 1475 3364 —
1531 3333 1780 3383 obrepsisse
1805 3331 1909 3376 MS.

1024 3382 1173 3427 Guelf.
1211 3385 1312 3428 edd.
1340 3386 1442 3432 Put.
1467 3389 1535 3433 M.
1559 3397 1601 3432 et
1625 3388 1678 3432 V.
1701 3389 1907 3434 Beroald.
1942 3428 1944 3430 .

1026 3442 1147 3493 (cum
1168 3441 1235 3484 sil.
1256 3443 1401 3500 vict.)
1424 3446 1583 3490 Alciat.

1083 3510 1338 3557 Oeensium.
1394 3515 1432 3557 E
1463 3517 1747 3560 correctione
1774 3517 1910 3576 Lipsii

1020 3568 1123 3612 edd.
1152 3568 1294 3627 Ryclc.
1330 3571 1501 3616 Ernest.
1526 3573 1649 3617 ssrot.
1673 3590 1774 3633 sqq.
1845 3575 1906 3620 cf.
