2138 4030
1729 233 1950 271 susa.
1998 207 2006 219 “

1730 277 1782 315 A.
1801 277 1848 313 C.
1893 277 1951 315 ’7Ιῖ-

180 241 303 299 486
754 231 1461 322 fllsToRIAffUM

183 366 479 444 adloquiis
511 365 702 423 officia
734 364 1087 442 provocans:
1122 381 1200 418 ‘ac
1241 363 1588 442 plerumque
1620 367 1686 422 in
1724 370 2038 443 opere‚‘>⁴-sin·

184 454 416 530 agmine
441 451 703 534 gregario
735 451 914 509 militi
951 449 1170 505 mixtus
1205 447 1549 526 incorrupto
1583 452 1750 509 ducis
1790 449 2037 515 honore.

185 541 337 598 Tres
366 558 502 594 eum
525 538 591 592 in
614 535 830 594 Iudaea
857 535 1146 607 legioneS‚
1189 533 1397 608 quinta
1421 547 1478 592 et
1505 537 1833 595 decumaet
1862 540 2042 616 quin-

184 626 522 693 tadecuma‚
562 634 730 680 vetus
746 619 1098 694 Vespasiani
1126 617 1327 687 mileS‚
1365 639 1657 697 excepere.
1744 625 1977 682 addidit
2009 644 2042 682 e

109 724 115 730 '
188 710 357 788 Syria
395 709 825 765 duodecumam
864 716 920 761 et
954 705 1239 760 adductos
1264 698 1625 764 Alexandria
1657 709 2047 766 duoetvicesi÷

185 813 395 852 manos
445 794 869 866 tertianosque.
965 786 1419 846 Comitabantur
1461 791 1676 866 viginti
1719 794 1908 851 sociae
1947 815 2047 852 co-

186 877 417 950 hortes,
461 890 592 936 octo
630 876 896 953 equitum
932 874 1087 931 alae:
1135 873 1314 930 simul
1347 870 1611 953 Agrippa
1636 874 2045 957 Sohemusque

186 971 352 1041 reges
376 975 431 1021 et
455 963 672 1020 auxilia
708 961 861 1034 regis
885 954 1173 1016 Antiochi
1197 958 1510 1036 validaque
1550 973 1636 1034 et,
1680 964 1852 1022 solito
1893 965 2050 1022 inter

161 1052 424 1122 ‚adcolas
471 1048 636 1117 odio,
701 1047 933 1102 infensa
971 1043 1206 1101 Iudaeis
1241 1042 1511 1102 Arabum
1551 1067 1789 1105 manus:
1855 1052 2049 1121 multi,

188 1156 336 1214 quos
365 1135 514 1192 urbe
539 1144 713 1209 atque
741 1130 912 1188 Italia
939 1151 1043 1187 sua
1068 1149 1361 1207 quemque
1391 1151 1519 1207 spes
1557 1133 1844 1192 acciverat
1877 1155 2050 1193 occu-

187 1405 239 1446 in
264 1402 418 1445 seiner
437 1399 688 1444 Scho‘nheit
720 1400 820 1441 und
850 1398 1083 1451 hriegeri-

188 1462 346 1505 schem
372 1457 731 1514 Lebhostiglteit.
791 1454 1085 1499 Rieklefsius=

186 1519 335 1572 zeigte
354 1518 452 1559 sich
473 1517 561 1558 mit
578 1517 802 1558 Anstand
825 1515 921 1556 und
950 1513 1089 1555 rosch

188 1577 239 1620 in
272 1578 364 1618 den
401 1573 618 1628 Waffen.
697 1570 866 1616 Veram
900 1578 1087 1618 senten-

186 1633 296 1676 tiam
336 1648 431 1675 non
472 1633 799 1688 adsequuntur.
880 1627 1087 1685 Namque

188 1695 410 1734 decorum
452 1704 548 1732 non
581 1689 729 1731 solum
766 1686 819 1730 ad
860 1694 1087 1728 externam

188 1749 408 1816 speeiem,
464 1745 540 1789 sed
596 1745 731 1788 etiam
779 1743 836 1787 ad
878 1743 1086 1786 omnium

189 1806 417 1850 dictorum
457 1804 778 1860 factorumque
822 1799 1086 1859 dignitatem

188 1863 400 1922 pertinet.
461 1861 538 1905 Sic
564 1864 735 1903 decora
757 1861 947 1902 iuventa
972 1857 1087 1900 Hist.

192 1923 232 1972 1,
256 1920 325 1975 53.
407 1919 550 1978 Igitur
585 1922 809 1962 decorum
838 1931 888 1959 se
926 1923 1089 1958 osten--

189 1980 330 2021 debat
369 1979 412 2020 h.
452 1993 491 2021 e.
526 1978 586 2020 ita
620 1992 666 2021 se
708 1974 993 2025 ostendebat,
1041 1978 1093 2014 ut

191 2045 355 2080 cuncta
380 2034 499 2077 dicta
523 2033 729 2090 factaque
755 2049 831 2076 sua
858 2031 910 2075 ad
948 2031 1092 2074 deco·-

192 2109 296 2136 rum
316 2100 462 2136 essent
478 2091 750 2145 composita.
809 2090 1092 2143 Promptum

192 2149 441 2208 significat,
492 2148 617 2205 quod
654 2146 926 2190 Germanice
974 2146 1088 2188 dici·-

193 2224 295 2251 mus
315 2210 538 2263 gewandt
556 2209 652 2248 und
674 2203 870 2258 kriz'ftig.
932 2203 992 2244 In
1016 2217 1092 2244 ar-

154 2292 156 2297 ·
193 2265 286 2310 mis
321 2267 362 2311 h.
395 2281 434 2310 e.
483 2265 664 2320 quando
717 2261 878 2305 ducem
923 2259 1093 2318 agebat,

194 2323 323 2367 ducis
362 2321 512 2365 officia
545 2320 713 2363 obibat.
798 2318 916 2361 Nam
950 2320 1093 2359 ‘arma

194 2378 473 2425 vocabulum
500 2378 666 2422 dicitur
698 2376 888 2419 omnino
921 2391 1007 2433 pro
1042 2389 1103 2426 re,v

196 2438 396 2482 militari.
718 2476 720 2479 .

254 2508 505 2565 adloquiis.
575 2505 651 2550 Sic
685 2504 788 2548 MS.
823 2502 949 2545 Flor.
983 2508 1093 2543 teste

195 2566 421 2609 Victorio.
455 2589 515 2598 —
570 2564 787 2620 alloquiis
812 2558 1094 2613 MS.‚Gue1f.

196 2633 239 2668 et
259 2623 479 2667 editiones
502 2631 693 2668 veteres.

255 2702 353 2738 tres
385 2710 490 2736 eum
519 2696 567 2736 in
599 2692 800 2734 Iudaea.
860 2689 937 2733 Sic
959 2685 1094 2730 MSS.

195 2752 320 2804 Harl.
346 2751 481 2796 Bodl.
509 2751 592 2793 Ies.
621 2749 774 2793 Guelf.
809 2747 912 2789 edd.
946 2745 1092 2788 Rhen.

199 2809 303 2854 Ald.
335 2826 434 2867 sqq.
472 2833 530 2842 -—
583 2807 686 2850 MS.
716 2806 834 2848 Bud.
869 2820 952 2862 pro
990 2818 1095 2845 eum

195 2867 328 2911 habet
353 2883 474 2910 cum.
507 2890 564 2898 —-
616 2864 733 2907 Edd.
758 2863 866 2906 Put.
892 2861 957 2904 M.
983 2867 1025 2903 et
1039 2859 1094 2902 V.

195 2925 403 2968 Beroald.
431 2929 557 2981 (cum
579 2922 648 2966 sil.
674 2922 806 2977 vict.)
842 2919 946 2962 Alc.
980 2925 1096 2969 tum,

195 2982 315 3025 haud
351 2983 525 3038 inepte:
583 2996 689 3023 nam
731 2992 985 3035 pronomen
1020 2976 1097 3018 in-

196 3038 338 3096 telligi
375 3048 533 3096 potest.
569 3066 626 3075 —
676 3037 780 3079 MS.
807 3034 917 3092 Reg.
953 3042 995 3076 et
1027 3032 1097 3076 ed.

198 3096 318 3156 Spir.
346 3097 560 3141 voculam
589 3095 819 3138 omittunt.

256 3169 403 3210 miles.
489 3167 572 3211 Ed.
609 3166 730 3224 Spir.
768 3164 965 3206 milites:
1018 3160 1097 3204 sed

118 3257 121 3264 f
204 3233 332 3269 antea
357 3233 508 3267 vetus.
905 3244 908 3246 ·

261 3282 447 3325 addidit
484 3297 507 3324 e
545 3280 698 3336 Syria.
759 3278 835 3323 Sic
860 3278 961 3321 MS.
988 3276 1097 3331 Reg.

204 3339 308 3384 edd.
342 3339 463 3398 Spir.
482 3338 674 3385 Ernest.
705 3338 882 3379 Broter.
915 3348 1012 3392 sqq.
1043 3360 1102 3370 .--

208 3389 406 3440 tradidit
439 3412 462 3440 e
488 3396 626 3452 Syria
656 3395 787 3437 MSS.
822 3393 954 3436 Bodl.
986 3391 1102 3434 Rud.

208 3455 309 3498 edd.
341 3454 447 3498 Put.
478 3455 547 3496 M.
586 3460 626 3494 el
655 3451 709 3494 V.
737 3450 944 3493 Beroald.
980 3452 1104 3499 (cum

209 3512 277 3555 sil.
295 3512 434 3567 Vici.)
455 3511 563 3562 Alc.
583 3531 642 3542 -·
684 3509 881 3551 tradidit
904 3509 949 3549 ei
969 3506 1108 3563 Syria

212 3569 348 3615 MSS.
387 3568 538 3614 Guelf.
579 3566 701 3611 Harl.
742 3565 821 3609 les.
867 3593 919 3600 -—
1004 3574 1109 3607 tra-

1155 1398 1273 1440 didit
1307 1406 1351 1440 et
1384 1396 1526 1451 Syria
1566 1398 1669 1444 edd.
1700 1399 1907 1446 Rhenan.
1947 1402 2051 1447 Ald.

1155 1471 1256 1514 sqq.
1286 1455 1340 1498 ad
1361 1455 1636 1500 Ernestium.
1706 1457 1836 1502 Haud
1861 1460 1955 1504 scio
1995 1476 2052 1504 an

1157 1513 1357 1555 tradidit
1397 1528 1422 1555 e
1451 1514 1590 1567 Syria
1619 1515 1679 1558 ita
1715 1516 1856 1573 possit
1895 1516 2052 1562 defen-

1159 1570 1225 1618 di,
1277 1578 1327 1613 ut
1377 1567 1652 1627 intelligatur
1691 1573 1746 1616 de
1787 1573 2054 1632 legionibus,

1161 1643 1301 1694 quae·
1325 1625 1559 1695 liucusque
1619 1629 1790 1675 fuerint
1847 1633 1896 1676 in
1953 1649 2051 1676 ma-

1159 1701 1223 1728 nu
1246 1684 1338 1727 Titi
1357 1684 1416 1727 'ab
1439 1699 1583 1738 eoque
1606 1687 1733 1731 datae
1747 1696 1799 1733 -et
1822 1689 2055 1735 traductae

1160 1741 1250 1786 sint
1282 1742 1338 1785 ad
1361 1739 1534 1785 bellum
1561 1743 1814 1790 Iudaicum.
1875 1746 2053 1791 Duoet-

1157 1799 1456 1843 vicesimanos
1478 1800 1782 1860 tertiano‘sque
1796 1811 1894 1848 tum
1907 1821 1962 1849 eo
1994 1805 2056 1848 ita

1163 1855 1433 1924 Alexandria
1459 1859 1644 1902 navibus
1668 1860 1888 1906 adductos
1910 1861 1957 1907 in
2005 1879 2056 1923 y·

1162 1932 1276 1982 riam
1322 1923 1366 1959 et
1394 1914 1497 1958 inde
1537 1933 1643 1960 cum
1681 1918 1822 1977 copiis
1858 1914 2056 1980 Syriacis

1161 1988 1210 2015 in
1242 1972 1455 2016 Iudaeam
1490 1975 1736 2020 tramissos.
1837 1976 2055 2021 Veterum

1162 2030 1383 2073 librorum
1422 2032 1664 2076 auctoritas
1702 2049 1808 2077 sane
1852 2043 1935 2079 stat
1972 2051 2057 2094 pro

1165 2103 1214 2130 ea
1246 2089 1491 2154 scriptura,
1546 2098 1588 2132 et
1619 2091 1804 2134 addidit
1841 2089 2056 2137 emenda·
2134 2128 2137 2133 v

1164 2145 1279 2188 tioni
1300 2145 1489 2188 similius
1510 2155 1575 2190 est
1596 2163 1731 2204 quam
1757 2151 1969 2194 tradidit.

1221 2218 1579 2259 duodecumam.
1673 2217 1750 2262 Sic
1790 2220 1897 2264 ⁴MS.
1935 2221 2056 2266 Flor.

1163 2279 1274 2316 teste
1287 2270 1508 2315 Victorio.
1533 2302 1593 2310 -
1622 2277 1946 2320 duodecimam
1958 2276 2059 2324 MS.

1166 2328 1322 2372 Guelf.
1359 2329 1460 2372 edd.
1496 2330 1673 2375 Puteol.
1709 2349 1809 2400 sqq.
1843 2362 1901 2378 -—.-
1949 2335 2059 2382 'Ed.

1166 2386 1287 2446 Spir.
1311 2388 1610 2440 duodecima,
1648 2405 1813 2435 omissa
1836 2392 2018 2451 lineola.

1223 2459 1489 2501 adductos.·
1525 2459 1601 2503 Sic
1622 2459 1724 2505 MS.
1751 2459 1905 2507 Guelf.
1930 2465 1972 2519 (a
1997 2481 2062 2508 se·

1168 2514 1317 2558 cunda
1342 2517 1496 2571 manu)
1520 2512 1622 2560 edd.
1638 2518 1758 2575 Spir.
1782 2519 1927 2564 Rhen.
1955 2521 2063 2566 Ald.

1167 2588 1265 2630 sqq.
1286 2599 1360 2638 Τ-
1386 2574 1607 2618 abductos
1618 2575 1750 2620 MSS.
1763 2576 1895 2622 Bodl.
1912 2577 2063 2624 Guelf.

1167 2630 1211 2684 (a
1239 2645 1383 2687 prima
1410 2633 1564 2688 manu)
1597 2632 1698 2676 edd.
1721 2633 1824 2678 Put.
1845 2635 1913 2680 M.
1937 2643 1980 2680 et
2004 2636 2060 2681 V.

1167 2686 1375 2729 Beroald.
1409 2688 1530 2741 (cum
1559 2689 1628 2733 sil.
1651 2690 1790 2749 vict.)
1813 2692 1916 2738 Alc.
1933 2725 1946 2742 ,
1978 2709 2063 2739 nec

1167 2744 1296 2845 {ideo
1339 2744 1447 2802 quid
1478 2746 1595 2791 hanc
1627 2748 1896 2808 scripturam
1922 2753 2064 2811 impe·

1200 2818 1238 2844 ia
1267 2834 1275 2843 .

1224 2875 1689 2919 duoetvicesimanos.
1793 2877 1877 2922 Ed.
1941 2881 1971 2924 S
2008 2882 2064 2926 ir.

1167 2933 1287 2972 duos
1325 2939 1368 2972 et
1402 2933 1727 2978 vicesimanos.
1799 2935 1899 2981 MS.
1938 2938 1975 2980 F
1995 2955 2062 2983 or.

1167 2995 1279 3086 tetste
1291 2987 1498 3088 Σῖίιῖῐοιὰο
1524 2994 1617 3033 duo
1643 2999 1688 3035 et
1709 2993 2066 3050 vicensimanos,

1168 3061 1197 3087 u
1222 3062 1235 3086 1
1262 3061 1313 3087 so
1335 3062 1356 3088 e
1381 3078 1391 3088 .
1784 3059 1789 3067 '

1650 3132 1727 3176 Sic
1770 3135 1875 3179 MS.
1907 3136 2064 3183 Guelf.

1172 3185 1271 3228 edd.
1298 3186 1502 3232 Rhenan.
1532 3187 1643 3241 ΑΗ,
1666 3206 1762 3249 sqq.
1799 3218 1856 3227 —-
1914 3192 2068 3251 Solle-5

1170 3243 1363 3344 Eiusque
1397 3243 1502 3287 edd.
1535 3245 1655 3313 Spir.
1687 3248 1791 3316 lffut.
1825 3250 1893 3294 Μ.
1929 3260 1971 3296 et
2006 3252 2066 3299 V.

1214 3302 1380 3345 croald.
1421 3303 1544 3356 (cum
1565 3304 1633 3347 sni.
1659 3303 1798 3364 Vici.)
1833 3309 1935 3355 Alc.
2003 3311 2063 3356 cf.

1177 3358 1350 3460 {Ogffd
1385 3361 1479 3402 An.
1511 3361 1578 3410 12,
1599 3361 1673 3407 23.
1714 3364 1784 3415 13,
1807 3365 1849 3409 7.
1886 3375 1927 3411 et
1950 3367 2065 3413 Hist.

1226 3127 1561 3186 Sohaemusque.

1239 3509 1393 3559 multi,
1426 3524 1554 3565 quos.

1181 3579 1369 3619 quoque.

1637 3510 1717 3557 Ed.
1754 3512 1868 3573 Spir.
1909 3517 2067 3561 multis
