2138 4030
1780 259 1831 297 A.
1850 261 1902 302 U.
1925 261 2005 298 823-

248 253 372 330 266
819 247 1538 320 HISTORIARUM
1778 303 1902 340 M,
1950 307 2008 363 a.

245 382 441 440 fronte
464 383 605 440 valli
631 405 780 461 opus
804 398 1078 456 cesserat,
1122 397 1179 443 et
1210 387 1325 460 visi>
1355 391 1561 465 procul
1601 393 1894 455 sociorum
1933 397 2099 472 equi-

246 478 330 524 tes
355 489 568 525 vanam
591 472 971 527 formidinem
988 483 1062 535 ut
1089 467 1285 528 hostes
1310 474 1513 535 fecere.
1601 477 1914 552 rapiuntur
1936 501 2098 541 arma

246 564 306 610 et
337 565 403 611 ut
437 555 791 632 proditionis
832 557 919 612 ira
954 556 1213 613 militum
1245 557 1309 615 in
1333 557 1406 618 T.
1434 555 1718 635 Ampium
1747 552 2098 635 Flavianum

244 638 535 709 incubuit,
578 642 746 698 nullo
777 642 1041 697 criminis
1069 639 1433 715 argumente,
1468 647 1570 702 sed
1601 647 1718 702 iam
1742 648 1974 723 pridem
2003 650 2099 707 in-

245 723 404 780 visus
441 726 679 782 turbine
713 728 971 802 quodam
1009 727 1083 782 ad
1124 727 1366 784 exitium
1412 732 1784 804 poscebatur:
1850 723 2099 810 propin-

243 828 426 885 quum
452 809 709 881 Vitellii,
757 811 1121 886 proditorem
1158 808 1454 884 Othonis,
1496 815 1944 893 interceptorem
1987 821 2097 881 do,-

241 894 429 950 nativi
481 895 875 955 clamitabant.
981 917 1088 953 nec
1130 897 1454 954 defensioni
1503 900 1702 972 locus,
1760 924 2098 981 quanquam

241 980 533 1063 supplices
564 1001 773 1037 manus
809 982 1099 1051 tenderet,
1141 977 1688 1063 humiplerumque
1730 1000 1970 1058 stratum,
2008 990 2096 1047 la-

241 1084 372 1120 cera
398 1076 584 1137 veste,
619 1077 819 1140 pectus
842 1076 1019 1143 *atque
1050 1088 1151 1123 ora
1175 1068 1438 1141 singultu
1460 1072 1746 1145 quatiens.
1809 1074 1871 1130 id
1899 1074 2093 1149 ipsum

207 1151 397 1224 apud.
438 1150 698 1207 infensos
735 1151 1181 1210 incitamentum
1222 1164 1373 1222 erat,
1417 1157 1954 1231 tanquam'nimius
1989 1180 2096 1234 pa-

238 1254 347 1291 vor
386 1236 802 1292 conscientiam
840 1250 1126 1311 argueret.
1226 1238 1657 1297 obturbabatur
1695 1241 1953 1313 militum
1988 1265 2095 1300 vo-

239 1319 404 1376 cibus
429 1315 731 1395 Aponius,
776 1343 910 1378 cum
933 1323 1099 1399 loqui
1130 1335 1447 1398 coeptaret:
1491 1325 1728 1383 fremitu
1760 1339 1817 1383 et
1841 1329 2093 1384 clamore

170 1435 171 1438 ¹
237 1415 458 1461 ceteros
504 1404 917 1481 aspernantur:
976 1409 1085 1464 uni
1119 1406 1386 1465 Antonio
1425 1421 1657 1484 apertae
1698 1411 1956 1469 militum
1989 1433 2094 1470 au-

235 1509 346 1548 res,
445 1500 700 1567 namque
739 1503 794 1548 et
834 1493 1111 1549 facundia
1146 1495 1348 1551 aderat
1385 1495 1800 1572 mulcendique
1850 1498 2092 1571 vulgum

235 1586 387 1631 artes
425 1588 480 1632 et
512 1578 844 1637 auctoritas.
931 1576 1053 1638 Ubi
1081 1580 1418 1635 crudescere
1443 1581 1686 1650 seditio,
1729 1593 1787 1639 et
1819 1602 1853 1639 a
1888 1583 2094 1639 convi-

235 1660 340 1716 ciis
369 1681 435 1717 ac
461 1662 695 1736 probris
719 1663 791 1719 ad
815 1663 930 1719 tela
956 1675 1013 1719 et
1035 1683 1246 1720 manus
1271 1665 1632 1742 transibant,
1675 1666 1841 1723 iniici
1864 1679 2094 1724 catenas

234 1743 520 1803 Flaviano
546 1747 725 1807 iubet.
806 1748 986 1805 sensit
1009 1749 1337 1806 ludibrium
1362 1749 1530 1807 miles
1556 1750 1948 1830 disiectisque,
1987 1752 2092 1830 qui

477 2006 580 2051 MS.
606 2005 756 2055 Guelf.
779 2010 937 2052 vallis.

1198 2008 1464 2068 intelligitur
1501 2009 1617 2052 enim
1656 2007 1860 2067 Aponius
1895 2009 2093 2054 Saturni·

1197 2085 1297 2110 nus.
1345 2067 1401 2112 cf.
1423 2084 1462 2111 c.
1486 2068 1528 2110 9.
1586 2067 1780 2109 Piehena
1801 2066 1952 2125 posuit
1969 2071 2088 2123 Apo-

1197 2127 1390 2172 nianus,
1433 2126 1506 2182 qui
1535 2123 1670 2182 paulo
1694 2123 1808 2166 infra
1830 2124 1993 2166 iterum
2011 2141 2088 2167 no-

1198 2183 1394 2224 minatur
1434 2182 1549 2224 inter
1587 2181 1805 2224 tumultus
1846 2181 2087 2224 sedatores.

1197 2238 1395 2296 Ryckius
1420 2256 1443 2281 e
1470 2239 1605 2282 MSS.
1636 2238 1760 2281 Flor.
1790 2246 1834 2281 et
1855 2238 2088 2296 Agr-ured-

1199 2296 1310 2340 didit
1339 2297 1558 2351 Aponius.

1253 2361 1587 2408 aspernantur.
1669 2351 1899 2396 Ernestius
1940 2361 2087 2396 muta-

1197 2411 1273 2454 bat
1307 2413 1684 2466 aspernabantur
1717 2410 1774 2452 ob
1815 2409 2087 2467 praecedens

1197 2471 1550 2510 obturbabatur.
1612 2466 1752 2509 Plane
1772 2466 1837 2509 sic
1855 2466 1974 2510 idem
1995 2467 2084 2510 An.

1196 2527 1236 2574 Ξ,
1260 2527 1328 2569 23.
1355 2525 1526 2568 volebat
1547 2525 2087 2622 praecipitabantur8m

1192 2584 1560 2637 praecipitantur
1574 2582 1821 2639 eodemque
1833 2581 1949 2624 iure.
2028 2581 2087 2626 id.

1195 2642 1254 2686 ib.
1280 2649 1377 2684 not.

292 2008 419 2050 valli.

291 2071 469 2107 vanam
480 2064 807 2119 formidinem.
858 2067 959 2110 MS.
976 2065 1127 2111 Guelf.

219 2120 530 2178 formidinem
552 2137 741 2166 mmmm

287 2180 562 2232 proditionis
596 2180 670 2221 ira
701 2181 922 2223 militum.
1008 2181 1126 2224 Haec

231 2235 266 2279 I.
288 2236 363 2280 Fr.
389 2235 652 2280 Gronovius
684 2239 795 2280 bene
829 2238 1024 2282 defendit
1058 2256 1125 2282 ex-

234 2293 386 2351 emplo
433 2293 528 2353 Cic.
572 2295 625 2336 de
661 2293 717 2337 N.
750 2295 811 2339 D.
851 2296 892 2344 2,
927 2296 999 2340 63.
1044 2312 1126 2338 ca-

231 2365 348 2393 num
378 2355 588 2394 adulatio
620 2354 937 2397 dominorum.
995 2354 1126 2397 Adde
1185 2372 1188 2379 ⁴

232 2407 331 2452 Cic..
360 2408 496 2452 Tuse.
540 2411 581 2460 4,
606 2409 680 2454 40.
718 2412 902 2466 fratris
931 2415 1125 2467 repulsa

231 2469 514 2510 consulatus.
571 2468 635 2509 ld.
657 2468 711 2510 de
736 2468 819 2526 leg.
838 2485 929 2525 agr.
949 2486 986 2512 c.
1003 2469 1123 2512 Ruit.

231 2523 266 2570 1,
292 2525 330 2566 1.
362 2524 528 2579 populi
545 2524 758 2568 Romam·
776 2528 981 2569 subsidia
1003 2529 1124 2569 belle.

229 2581 413 2625 Priores
445 2579 610 2639 aliquid
636 2583 709 2626 hie
733 2584 998 2630 mutandum
1022 2600 1124 2627 cen·

229 2648 424 2683 sueram.
455 2638 605 2695 Lipsio
624 2640 856 2684 videbatur
874 2657 954 2684 vox
974 2643 1125 2685 abesse

231 2706 364 2753 atque
386 2695 648 2752 legendum:
670 2699 952 2752 proditionis
966 2707 1122 2741 aucto-

229 2767 354 2805 rem,
384 2754 452 2797 vel
478 2765 790 2808 compertum,
820 2756 886 2799 vel
911 2756 1122 2814 denique:

231 2818 275 2851 et
325 2819 376 2853 ut
424 2814 708 2866 proditione,
772 2815 849 2856 ira
901 2815 1120 2856 militum.

229 2868 451 2913 Faernus:
505 2872 757 2924 rapiuntur
806 2886 948 2913 arma
992 2878 1122 2913 metu

225 2928 528 2980 proditionis:
567 2929 644 2969 ira
675 2929 875 2971 militum
903 2937 990 2972 etc.
1050 2927 1121 2970 Pi·

230 2982 395 3027 chena=
425 2993 472 3027 et
491 2993 543 3028 ut
567 2987 890 3039 proditorem,
919 2987 995 3029 ira
1026 2986 1119 3028 mi-

227 3040 368 3083 litum
393 3051 477 3085 etc.
538 3041 626 3085 Alii
654 3043 755 3087 alia.

288 3097 342 3140 T.
355 3100 576 3153 Ampium
588 3100 896 3143 Flavianum.
946 3098 1006 3143 cf.
1023 3106 1119 3144 not.

228 3154 283 3199 ad
305 3157 346 3204 2,
364 3156 434 3199 86.
456 3156 554 3208 SA.
596 3157 679 3201 Hic
703 3157 805 3200 libri
828 3165 932 3201 vett.
956 3159 1119 3201 iterum

228 3211 283 3277 T:
306 3215 481 3268 Appius
503 3214 590 3268 (vel
613 3216 779 3272 Apias)
801 3216 1072 3259 Flavianus.

287 3284 474 3339 invisus.
535 3284 618 3328 Ed.
639 3284 758 3343 Spir.
782 3286 991 3329 invasus.

287 3359 507 3402 tenderet.
567 3355 668 3399 MS.
686 3354 840 3399 Guelf.
860 3356 1087 3399 tenderic-

287 3412 622 3456 obturbabatur
674 3430 740 3455 m.
799 3427 842 3457 v.
892 3414 1116 3467 Aponius.

228 3470 305 3515 Sic
326 3469 466 3526 MSS.
495 3478 537 3515 et
561 3476 667 3514 vett.
690 3469 790 3513 edd.
819 3478 993 3527 praeter
1016 3469 1119 3514 MS.

226 3527 371 3580 Eud„
409 3543 501 3586 quo
529 3534 711 3578 auctore
738 3525 978 3570 Rhenanus
1006 3526 1121 3571 dele-

229 3594 354 3632 verat
381 3585 606 3640 Aponius.
676 3580 886 3629 Restituit
921 3584 1120 3642 Lipsius:

1250 2713 1471 2752 namque.
1532 2697 1609 2740 Sic
1630 2694 1763 2740 MSS.
1784 2703 1827 2739 et
1848 2705 1958 2742 vett.
1982 2697 2084 2752 edd.

1191 2785 1250 2792 —
1279 2755 1453 2811 Lipsius
1491 2755 1698 2797 omiserat
1731 2769 1844 2811 que:
1894 2753 2086 2798 restituit

1192 2814 1280 2856 lac.
1312 2811 1588 2855 Gronovius.

1249 2873 1533 2913 crudescere.
1595 2868 1675 2912 Ed.
1692 2867 1897 2914 Gronov.
1922 2868 2084 2927 (1672.)

1193 2931 1489 2978 candescere,
1523 2925 1634 2969 vitio
1657 2933 1912 2985 operaruni‘.

1250 3001 1303 3027 αι)
1312 2985 1510 3038 probris.
1547 2983 1623 3027 Sic
1640 2983 1772 3027 codd.
1785 2983 1920 3027 MSS.
1933 2983 2083 3028 Guelf-

1192 3042 1379 3099 aliique,
1427 3041 1525 3085 edd.
1563 3041 1681 3099 Spir.
1715 3040 1818 3083 Put.
1855 3041 1923 3083 M.
1955 3051 1997 3085 et
2022 3041 2081 3083 V.

1193 3100 1401 3142 Beroald.
1441 3099 1570 3153 (cum
1606 3098 1672 3142 sil.
1703 3097 1849 3154 Vici.)
1882 3097 1986 3143 Ate.
2027 3122 2082 3132 -

1191 3165 1234 3200 et
1262 3157 1451 3211 probris
1486 3156 1587 3199 MS.
1610 3155 1726 3198 Bud.
1752 3155 1850 3199 edd.
1877 3155 2081 3200 Rhenan.

1190 3230 1289 3272 sqq.
1314 3242 1374 3250 -
1415 3229 1470 3257 ac
1492 3214 1672 3256 vocibus
1695 3211 1831 3257 MSS.
1853 3213 1976 3257 Harl.
1999 3213 2078 3257 les.

1190 3287 1213 3315 a
1234 3271 1430 3320 secunda
1457 3286 1614 3314 manu.
1643 3321 1649 3329 .

1251 3342 1388 3385 im'ici.
1444 3341 1529 3383 Ed.
1553 3340 1671 3399 Spir.
1695 3340 1811 3386 inici.

1249 3412 1410 3454 sensit.
1469 3410 1570 3454 MS.
1597 3411 1712 3455 Bud.
1735 3411 1892 3457 sentit.

1194 3466 1346 3510 Guelf.
1395 3469 1665 3511 obscentans
1705 3484 1788 3527 pro
1832 3469 2081 3513 obtestans.

1192 3524 1276 3569 Ed.
1300 3524 1420 3583 Spir.
1446 3534 1530 3568 aut
1555 3528 1755 3569 militum
1788 3527 2004 3569 manibus
2033 3541 2080 3570 se

1194 3581 1478 3626 moriturum
1493 3597 1507 3625 .·
1537 3591 1622 3627 aut
1645 3585 1772 3627 suis.-
1799 3585 2050 3628 obtestans.

1970 3390 2081 3455 M'ox

2108 3654 2132 3665 A
