2138 4030
1726 205 1728 207 ’
1783 228 1834 267 Α.
1852 228 1902 270 u:
1920 231 2005 268 824.

1784 273 1835 315 Δ.
1854 271 1907 313 C.
1927 267 2002 308 ·’Ῐι;

228 238 352 302 482
726 194 756 278 l
798 207 1508 301 HlsTORIAR'UM

235 376 497 432 ventum.
582 362 744 418 unde
781 360 1043 418 creditur
1078 356 1456 425 Domitianus
1489 354 1734 418 occultis
1774 363 1858 433 ad.
1879 361 2097 426 Ceri&

234 453 353 508 lem
378 447 604 506 nuntiis
628 432 806 503 fidem
835 447 961 502 eius
986 443 1330 518 tentavisse,
1371 465 1448 503 an
1472 437 1766 522 praesenti
1788 447 1904 510 sibi
1927 469 2093 514 exer-

235 537 417 594 citum
432 527 862 608 imperiumque
888 529 1212 587 traditurus
1238 529 1408 590 foret.
1471 537 1587 608 qua
1600 532 1951 606 cogitatione
1964 535 2095 593 bel-

235 623 362 678 lum
386 620 664 676 adversus
680 629 908 692 patrem
933 614 1237 687 agitaverit
1256 627 1333 670 an
1355 635 1493 690 opes
1518 616 1790 694 viresque
1812 619 2094 678 adversus

233 700 502 773 fratrem,
546 703 610 758 in
641 704 863 758 incerto
898 699 1030 756 fuit.
1113 719 1253 754 nam
1282 693 1780 759 Cerialis'salubri
1801 714 2094 779 tempera-

236 802 435 851 mento
467 788 657 856 elusit,
700 799 766 843 ut
789 805 940 855 vana
969 784 1277 859 pueriliter
1304 785 1651 860 cupientem.
1689 824 1696 827 ἡ
1720 786 2097 847 Domitianus

238 871 436 952 sperni
466 895 498 930 a
538 871 870 930 senioribus
895 870 1198 926 iuventam
1231 889 1398 926 suam
1426 890 1668 928 cernens
1689 874 1923 931 modica
1946 895 2096 953 quo—

237 982 351 1039 que
390 972 446 1018 et
481 968 762 1032 usurpata
814 966 989 1011 antea
1025 955 1231 1011 munia
1276 955 1513 1030 imperii
1551 958 1880 1016 omittebat:
1953 960 2098 1016 sim'-

236 1045 515 1123 plicitatis
552 1063 617 1098 ac
654 1041 975 1097 modestiae
1014 1041 1269 1113 imagine
1306 1040 1371 1095 in
1414 1040 1788 1099 altitudinem
1822 1045 2098 1103 conditus

238 1132 614 1204 studiumque
651 1127 984 1183 litterarum
1033 1138 1091 1183 et
1130 1145 1394 1182 amorem
1432 1127 1760 1184 carminum
1797 1128 2099 1200 simulam,

241 1239 357 1294 quo
391 1215 610 1271 velaret
636 1212 903 1270 animum
939 1222 994 1267 et
1024 1211 1222 1267 fratris
1249 1211 1633 1269 aemulationi
1659 1214 2100 1298 subduceretur,

1209 1478 1298 1523 An.
1336 1478 1374 1530 1,
1404 1479 1474 1522 55.
1508 1481 1592 1523 sub
1627 1496 1700 1524 vv.
1734 1481 1865 1524 initio
1901 1484 2020 1526 veris
2057 1490 2102 1526 et

1209 1537 1454 1591 repentino
1495 1539 1692 1580 incursu.
1795 1538 1933 1584 MSS.
1976 1540 2102 1584 Flor.

235 1499 355 1541 pars
385 1484 577 1538 obsequi
605 1484 625 1523 ῖ
654 1495 708 1523 eo
730 1494 792 1522 ne
817 1482 1152 1535 deprehende-1

241 1551 334 1585 tur.
346 1566 404 1575 --
440 1541 845 1595 deprenderentur
855 1536 956 1580 MS.
968 1536 1140 1594 Guelfi,

241 1600 366 1657 quod
392 1600 440 1643 in
465 1598 618 1641 locum
638 1596 841 1654 recipio,
883 1594 986 1652 quia
1021 1604 1085 1638 est
1118 1613 1142 1639 e

240 1657 387 1702 Taciti
422 1671 521 1698 ιιευ.
592 1654 652 1698 ef.
690 1654 781 1696 An.
813 1653 854 1705 3,
878 1653 948 1696 53.
1020 1652 1138 1695 Vul-

243 1731 300 1758 «το
344 1714 447 1758 libri
480 1712 634 1755 ferunt
665 1713 1137 1772 deprehenderenth‘.

154 1787 161 1798 ·
241 1749 358 1816 fida.
396 1772 500 1814 Put.
537 1769 604 1813 M.
636 1777 680 1812 et
704 1769 760 1811 V.
784 1771 1138 1824 depraehende-

243 1837 429 1877 rentur.
484 1828 553 1870 De
578 1826 775 1870 formula
797 1841 917 1883 pars
938 1826 1143 1883 obsequii

245 1887 303 1932 cf.
326 1887 438 1930 Hist.
459 1885 501 1934 3,
521 1885 592 1927 46.

297 1964 506 2001 ventum.
565 1954 650 2000 Ed.
667 1954 783 2012 Spir.
808 1962 998 1997 ventum
1025 1961 1111 1998 est.

300 2017 520 2070 creditur.
581 2026 682 2069 MS.
698 2025 851 2068 Guelf.
878 2028 1112 2068 credatur.

302 2116 398 2155 qua
442 2099 718 2151 cogitatione
753 2127 765 2139 .
793 2125 806 2136 .
829 2130 840 2140 .
877 2098 1140 2150 agitaverit.

246 2153 600 2202 Si0,MSS.Flor.
620 2154 747 2207 (teste
772 2152 984 2209 Piehena)
1001 2151 1142 2198 Corb.

182 2208 192 2211 ..
247 2213 347 2257 edd.
371 2211 581 2256 Beroald.
616 2214 745 2265 (cum
779 2211 951 2255 silentio
981 2209 1142 2253 Victo-

246 2271 323 2327 rii)
358 2270 548 2315 Piehen.
577 2267 759 2310 Gruter.
797 2267 1017 2325 Bel-negg.
1043 2283 1141 2326 sqq.

248 2326 779 2430 ffisguchcogfiitcfiiotlzeli
796 2357 857 2425 ,5¹
871 2326 1145 2426 οιίςίιαιίῧειέι

375 2418 387 2430 .
459 2400 566 2427 ue.
634 2399 714 2426 ar.
783 2397 872 2424 o.
932 2398 993 2426 es.
1068 2400 1142 2426 u.

250 2444 351 2488 edd.
377 2443 482 2486 Put.
506 2441 573 2484 M.
597 2449 641 2483 et
664 2439 720 2482 V.
750 2440 850 2484 Alc.
872 2438 1020 2483 Rhen.
1046 2457 1146 2510 sqq.

249 2501 307 2545 ad
326 2500 597 2557 Piehenam,
613 2497 891 2555 adprobante
911 2497 1148 2542 Salinerm.

218 2582 222 2593 =
251 2583 307 2592 —
340 2555 741 2615 qua'contagione
770 2587 780 2598 .
799 2586 810 2598 .
838 2587 850 2598 .
878 2557 1148 2609 cogitaverit

250 2616 385 2662 MSS.
419 2614 531 2681 Reg.
567 2614 678 2671 Agr.
717 2612 790 2656 ed.
824 2611 973 2670 Spir.‚
1023 2614 1146 2657 unde

251 2673 425 2734 Ryckio
463 2671 698 2718 videbatur
727 2670 945 2713 sententia
975 2671 1145 2728 optima

251 2732 411 2775 fluere.
504 2728 678 2787 Lipsius
732 2743 815 2785 pro
868 2730 1147 2781 cogitatione

253 2787 451 2833 coniecit
481 2785 772 2836 contatione,
805 2783 1027 2827 Gruterus
1061 2800 1146 2828 ro-

249 2847 499 2901 gitatione,
533 2843 764 2886 Ernestius
800 2844 1145 2887 sollicitatione.

250 2903 339 2948 Sed
371 2902 432 2949 cf.
467 2902 554 2945 An.
583 2901 650 2949 15,
676 2900 745 2942 54.
776 2915 981 2953 magnae
1021 2904 1143 2957 cogi-

251 2962 442 3003 tationis
477 2959 753 3015 manffestus
783 2964 901 3000 erat.
961 2958 1074 3007 Hist.
1103 2959 1147 3010 2,

249 3019 320 3061 74.
349 3033 449 3060 esse
470 3018 668 3073 privatis
691 3015 1050 3069 cogitationibus
1075 3031 1145 3060 re-

251 3090 476 3131 gressum.

312 3156 536 3208 vit-esque.
599 3151 700 3195 MS.
727 3150 843 3194 Bud.
871 3151 1098 3207 virosque.

310 3253 344 3279 a
370 3237 647 3280 senioribus.
735 3233 947 3278 Barthius
985 3234 1145 3279 conie-

253 3297 315 3339 cit
344 3312 374 3337 a
405 3293 679 3336 sanioribus.
752 3291 995 3335 ‘Refutatus
1027 3301 1090 3336 est
1121 3310 1145 3336 a

251 3351 441 3412 Ryckio.
491 3348 673 3392 Etenim
694 3350 903 3392 seniores
924 3348 997 3393 hic
1018 3350 1146 3409 aptis-

252 3426 362 3455 sime
386 3414 680 3467 opponuntur
707 3408 941 3450 iuventae.

265 3505 279 3511 ‘
307 3502 350 3535 et
386 3497 618 3544 usurpata
648 3496 790 3532 antea
826 3491 1009 3534 munia.
1082 3491 1145 3534 Ec

252 3552 373 3596 abest
398 3565 421 3591 a
444 3549 544 3591 MS.
571 3545 709 3590 Corb-
768 3546 856 3591 Sed
881 3548 942 3590 cf.
967 3555 1062 3592 not.
1088 3548 1141 3591 ad

1209 1597 1343 1649 (teste
1356 1593 1552 1652 Ryckio)
1578 1594 1697 1638 Bud.
1712 1595 1820 1653 Agr.
1844 1611 1930 1655 pro
1955 1606 2103 1641 antea

1209 1651 1363 1694 ferunt
1383 1659 1496 1694 ante
1516 1667 1587 1696 ea.
1640 1650 1875 1705 ,Victorius
1898 1670 2004 1700 cum
2030 1655 2102 1698 Pi·

1212 1708 1355 1751 chena
1389 1717 1433 1752 et
1467 1708 1556 1754 Iac.
1589 1707 1830 1754 Grouovio
1863 1718 2011 1756 tacent
2048 1712 2104 1757 de

1183 1783 1188 1786 ’
1212 1766 1294 1811 hac
1316 1781 1383 1810 re.

1271 1852 1598 1906 simplicitatis.
1658 1849 1795 1895 MSS.
1808 1850 1961 1899 Guelf.
1983 1852 2106 1900 Harl.

1213 1909 1347 1953 Bodl.
1384 1909 1465 1952 les.
1511 1908 1614 1951 edd.
1645 1907 1822 1954 Puteol.
1859 1924 1958 1968 sqq.
1999 1910 2106 1958 huic

1212 1966 1434 2010 vocabulo
1466 1964 1759 2026 praemittunt
1783 1968 1952 2021 simul,
2012 1972 2105 2014 uod

1215 2040 1317 2067 eum
1350 2024 1463 2067 absit
1495 2041 1518 2067 a
1543 2022 1678 2068 MSS.
1699 2024 1821 2068 Flor.
1847 2025 1965 2082 (test.
2027 2027 2105 2073 iet.

1215 2097 1321 2126 cum
1343 2081 1557 2137 Piehena)
1579 2080 1694 2124 Bud.
1721 2081 1862 2127 Corb.
1885 2083 1956 2129 ed.
1970 2084 2108 2144 Spin,

1215 2138 1410 2183 Piehena
1433 2147 1554 2182 reete
1579 2138 1757 2183 delevit.

1272 2222 1321 2261 in
1371 2221 1670 2263 altitudinem
1709 2226 1941 2269 conditus.
2030 2225 2108 2269 Sic

1216 2277 1354 2321 MSS.
1387 2277 1507 2320 Flor.
1543 2279 1678 2332 (teste
1714 2279 1918 2339 Ryckio)
1955 2281 2105 2326 Guelf-

1217 2335 1317 2378 edd.
1340 2333 1447 2379 Put.
1475 2335 1681 2379 Beroald.
1718 2339 1840 2389 (cum
1875 2339 1944 2386 sil,
1971 2337 2107 2396 vict.)

1217 2403 1318 2450 sqq.
1358 2415 1420 2425 —
1485 2393 1533 2434 in
1586 2394 1836 2437 altitudine
1895 2398 2108 2440 conditus

1218 2450 1353 2494 MSS.
1388 2449 1498 2507 Reg.
1535 2448 1675 2493 Con-b.
1714 2454 1822 2509 Agr.
1867 2453 1939 2497 ed.
1974 2454 2107 2512 Spin,

1218 2507 1391 2552 scilicet
1415 2506 1578 2551 lineola
1604 2509 1816 2569 neglecta.
1875 2510 2108 2556 Ernestius

1215 2566 1382 2624 frustra
1434 2565 1656 2609 coniecit:
1707 2568 1757 2610 in
1810 2569 2109 2613 solitudinem

1216 2625 1448 2665 conditus.
1508 2621 1712 2680 Namque
1736 2625 1786 2666 in
1809 2627 2109 2670 altitudinem

1218 2680 1484 2738 simpliciter
1506 2679 1724 2736 significat
1741 2684 1927 2734 penitus
1951 2693 2105 2746 atiget-

1217 2753 1304 2794 que
1333 2738 1426 2782 vim
1451 2738 1656 2780 vocabuli
1683 2738 1914 2791 conditus,
1945 2750 1995 2786 ut
2022 2758 2105 2787 co-

1218 2795 1325 2853 gites
1346 2795 1400 2837 de
1422 2794 1648 2852 profunda
1671 2795 2024 2843 dissimulatione
2041 2801 2107 2844 in·

1216 2854 1328 2896 timo
1353 2861 1534 2910 pectore
1555 2869 1707 2896 sensus
1731 2854 1980 2900 claudente.
2035 2858 2107 2901 Iu-

1218 2909 1334 2952 vabit
1355 2910 1411 2952 ad
1435 2909 1476 2952 h.
1494 2909 1525 2952 Ι.
1546 2911 1758 2954 conferre
1778 2910 1964 2957 Homer.
1981 2913 2108 2959 Iliad.

1217 2962 1270 3018 τ’,
1293 2968 1390 3011 125.
1411 2965 1491 3010 τὸν
1512 2964 1553 3009 ‹5’
1571 2964 1682 3024 ἄχος
1702 2967 1783 3019 ὀξὺ
1810 2967 1927 3023 κοςῐὰ
1957 2973 2108 3031 φρένα

1169 3085 1172 3089 ⁴
1218 3021 1334 3082 τύψε
1363 3028 1575 3080 βαθεῖαν.

1273 3109 1569 3165 studiumque
1639 3140 1651 3151 .
1676 3139 1689 3152 .
1723 3110 1971 3158 simulans.
2046 3115 2104 3159 cf.

1218 3166 1406 3211 Sueten.
1429 3166 1602 3210 Domit.
1634 3183 1674 3211 c.
1699 3167 1743 3211 2.

1274 3264 1617 3306 subduceretur.
1660 3261 1795 3308 MSS.
1809 3265 1960 3312 Guets.
1975 3268 2105 3312 Bodl.

1220 3321 1304 3364 les.
1339 3321 1457 3365 Bud.
1487 3320 1591 3370 edd.
1622 3319 1726 3364 Put.
1758 3323 1824 3367 M.
1850 3334 1893 3367 et
1919 3327 1968 3369 V.
1994 3329 2105 3369 sub-

1218 3380 1429 3429 duceret,
1460 3385 1503 3420 et
1537 3379 1596 3420 ita
1630 3393 1719 3433 quo
1755 3396 1809 3423 ue
1835 3381 1936 3425 MS.
1956 3382 2104 3433 Flor.,

1217 3435 1254 3478 si
1278 3435 1383 3478 fides
1412 3444 1477 3479 est
1507 3394 1824 3482 habendaiac.
1849 3437 2104 3485 Gronovio.

1217 3490 1411 3536 Pichena
1448 3501 1491 3536 et
1521 3490 1746 3536 Victorius
1776 3494 1996 3540 intactum
2027 3514 2105 3541 re-

1217 3548 1444 3606 liquerunt
1476 3551 1827 3604 subduceretur,
1876 3555 1999 3613 quod
2037 3554 2101 3600 le-

2120 3703 2138 3712 ,a

2095 3719 2121 3731 A
