2138 4030
2002 99 2106 141 ’ἶ

161 299 282 358 120

157 428 486 497 „insanisse
530 425 908 502 crediderim)
952 422 1317 480 centurionis
1354 442 1421 480 ac
1461 423 1692 480 tribuni
1718 424 2008 499 ‘sanguine‘

154 530 412 582 „manus
470 511 736 567 imbuet?

160 607 310 672 „pet
329 596 357 651 Ῥ
375 595 421 646 ’ἵε

156 778 473 848 „discursu
510 794 575 832 ac·
610 774 869 842 tenebris
907 785 963 832 et
992 794 1193 831 rerum
1227 774 1496 836 omnium
1527 775 1874 834 confusione
1906 786 2014 852 pa-

158 863 389 934 „tefieri
438 861 662 918 occasio
707 860 884 916 etiam
920 861 1198 917 adversus
1231 879 1326 915 me
1363 869 1571 935 potest.
1673 859 1742 920 Si
1765 859 2013 935 Vitellio

156 959 259 1019 „et
293 947 640 1007 satellitibus
673 945 797 1000 eius
822 945 1079 1019 eligendi
1103 944 1347 1001 facultas
1379 946 1582 1027 detur,
1624 965 1802 1023 quem
1839 948 2020 1004 nobis

158 1079 190 1104 „
205 1033 501 1100 animum,
549 1049 695 1107 quas
725 1042 951 1088 mentes
985 1031 1413 1106 imprecemur,
1454 1032 1601 1108 quid
1636 1031 1802 1089 aliud
1837 1040 2016 1110 quam

159 1118 555 1189 „seditionem
601 1126 657 1171 et
700 1116 1052 1172 discordiam
1101 1115 1420 1191 optabunt,
1485 1136 1562 1172 ne
1597 1116 1769 1174 miles
1810 1129 2016 1176 centu-

159 1202 391 1274 ‚,·rioni,
459 1221 534 1256 ne
573 1201 836 1257 centurio
870 1202 1112 1258 tribuno
1150 1201 1554 1277 obsequatur,
1600 1197 1742 1259 hinc
1787 1202 2018 1260 confusi

160 1288 430 1364 „pedites
455 1286 794 1363 equitesque
819 1286 884 1342 in
908 1287 1150 1345 exitium
1174 1286 1453 1344 ruamus?
1504 1284 1776 1359 Parendo
1801 1288 2019 1364 potius,

165 1371 676 1444 „commilitones',
748 1392 925 1449 quam
967 1371 1215 1448 imperia
1266 1372 1483 1428 ducum
1532 1372 1882 1430 sciscitando
1926 1392 2020 1430 res

160 1457 488 1529 „militares
539 1457 937 1517 continentur.
1037 1469 1094 1515 et
1131 1457 1485 1514 fortissimus
1522 1455 1587 1512 in
1631 1458 1761 1533 ipso
1809 1458 2020 1516 discri-

112 1543 113 1546 ’
159 1543 367 1613 „minc
415 1543 697 1599 exercitus
733 1554 846 1613 est,
912 1543 1017 1620 qui
1062 1555 1197 1601 ante
1243 1543 1560 1598 discrimen
1602 1542 2020 1619 quietissimus,

160 1626 398 1700 „Vobis
445 1647 606 1683 arma
643 1639 699 1684 et
730 1628 964 1685 animus
1000 1630 1099 1686 sit:
1153 1624 1306 1684 mihi
1344 1627 1660 1684 consilium
1695 1639 1752 1686 et
1783 1629 2022 1686 virtutis

161 1725 434 1784 „vestrae
493 1712 756 1786 regimen
808 1714 1146 1790 relinquite.
1267 1712 1602 1770 Paucorum
1662 1714 1836 1789 culpa
1890 1713 2022 1784 fuit,

163 1800 466 1869 „duorum
501 1818 692 1872 poena
729 1798 858 1858 erit.
946 1799 1124 1856 ceteri
1158 1798 1387 1855 abolete
1419 1798 1768 1856 memoriam
1801 1798 2023 1865 foedis-

163 1883 392 1955 „simae
427 1883 636 1951 noctis,

167 1989 478 2045 „unquam
519 1968 805 2025 exercitus
862 1970 1081 2029 audiat.
1188 1980 1362 2044 caput
1410 1969 1646 2045 imperii
1700 1979 1758 2026 et
1811 1970 2023 2027 decora

167 2054 482 2126 „omnium
507 2053 951 2128 provinciarum
984 2056 1059 2111 ad
1095 2075 1348 2130 poenam
1382 2074 1592 2120 vocare
1626 2074 1750 2112 non
1784 2050 2023 2115 hercule

162 2300 376 2356 perditus
409 2315 466 2341 ac
501 2300 787 2340 temulentus
823 2306 926 2341 sunt
957 2313 1059 2356 syn-

170 2372 354 2417 onyma.
446 2355 560 2399 Nam
609 2356 858 2408 „perditus
903 2358 1063 2399 stertit

169 2414 290 2472 apud
333 2412 527 2457 Martial.
565 2410 607 2464 3,
636 2413 706 2456 82.
751 2428 836 2471 pro
878 2413 1020 2456 ebrio.
1035 2413 1062 2430 ”

169 2470 392 2516 Heinsius.

1190 2314 1327 2355 quem
1362 2300 1513 2343 nobis.
1573 2298 1675 2343 MS.
1698 2297 1850 2344 Guelf.
1882 2310 1907 2344 a
1932 2315 2021 2345 sec.

1134 2372 1273 2399 manu
1297 2371 1435 2412 quem
1463 2358 1609 2400 uobis.

1190 2413 1295 2456 hinc
1320 2413 1513 2469 confusi.
1571 2413 1658 2458 Ed.
1681 2412 1712 2457 S
1738 2412 1804 2471 ir.
1830 2419 1899 2459 tot
1923 2428 2027 2458 con·

1122 2472 1244 2529 susi.
1336 2470 1548 2514 Ceterum
1591 2473 1650 2515 ita
1693 2470 1708 2514 l
1770 2486 1848 2514 um
1890 2471 2028 2515 inter·

831 507 1226 584 imperatoris,
1257 508 1352 565 sui=
1403 506 1725 566 tentorium
1777 510 2010 568 inrum-
2042 510 2054 526 '

323 689 659 749 LXXXIV.
738 716 779 759 ¹„
792 688 917 746 Vos
966 669 1231 765 quidem¹
1259 659 1419 747 istud
1457 708 1568 765 pro
1607 709 1735 748 me:
1786 692 1904 775 ¹sed
1942 691 2047 753 in,

723 1904 831 1941 nec
869 1883 1002 1940 illas
1040 1885 1320 1941 adversus
1351 1894 1620 1940 senatum
1656 1903 1830 1942 voces
1864 1884 2025 1942 ullus
2076 1951 2080 1957 1

226 2531 411 2572 imbuet.
455 2527 556 2572 MS.
571 2527 678 2586 Agr.
700 2529 918 2580 imbuent,
940 2529 1063 2586 quod

171 2586 355 2629 Heinsio
397 2586 616 2644 placebat.
702 2584 791 2628 Sed
830 2585 1063 2644 vulgatum

173 2652 354 2693 tuentur
377 2644 514 2687 ceteri
537 2642 656 2686 libri.
992 2665 993 2670 =

231 2703 484 2756 inrumpet.
551 2699 628 2744 Sic
654 2700 758 2744 MS.
791 2699 918 2746 Flor.
953 2709 1064 2746 teste

106 2754 110 2762 ‘
173 2759 392 2802 Victorio.
453 2759 682 2812 irrumpet
700 2758 800 2803 edd.
823 2767 932 2817 vetct.
958 2775 1063 2803 cum

175 2817 279 2860 cod.
306 2814 457 2859 Guelf.

231 2871 343 2916 CAP.
383 2873 454 2915 84.
539 2874 636 2916 Vos
680 2874 863 2929 quidem
918 2875 1064 2917 istud.

175 2930 251 2973 Sic
295 2929 427 2972 codd.
462 2930 598 2974 MSS.
639 2931 761 2973 Flor.
806 2934 944 2987 (teste
977 2931 1065 2975 Iac.

177 2985 430 3042 Gronovio)
471 2987 588 3031 Bud.
638 2987 788 3032 Guelf.
822 2987 934 3046 Agr.
973 2987 1065 3032 alii·

177 3060 288 3104 que,
331 3051 380 3085 ut
411 3043 583 3087 videtur
614 3046 866 3090 secundum
899 3045 1063 3088 Brote-

176 3102 320 3151 rium,
351 3099 452 3143 edd.
472 3099 923 3158 Spir.Put.Beroald.
946 3103 1068 3158 (cum

178 3159 246 3202 sil.
279 3157 424 3255 Victi?K
455 3158 557 3201 Alc.
588 3159 733 3202 Rhen.
770 3160 934 3217 (1533.)
960 3158 1067 3203 Ald.

179 3214 358 3274 Micyll.
426 3214 529 3272 yck.
554 3216 727 3260 Ernest.
750 3234 847 3275 sqq.
869 3246 927 3254 -—
957 3218 1070 3260 istuc

180 3273 283 3316 edd.
318 3272 438 3330 Lips.
465 3288 559 3330 sqq.
593 3274 647 3315 ad
668 3274 891 3332 Ryckium
925 3282 967 3318 et
999 3273 1070 3316 ed.

179 3329 524 3380 Iac.Gronovii‚
556 3331 631 3387 qui
651 3338 802 3374 tamen
822 3331 918 3374 vult
934 3333 1070 3375 istud.

180 3387 381 3431 Alteram
415 3386 682 3444 scripturam
714 3405 736 3431 e
762 3389 961 3433 Rhenan.
998 3387 1070 3431 ed.

184 3442 308 3489 1544.
329 3442 505 3487 fluxisse
529 3443 699 3496 dicunt,
720 3461 831 3503 quae
853 3445 965 3489 mihi
978 3461 1072 3489 non

183 3510 248 3546 est
282 3502 338 3545 ad
371 3515 547 3544 manus.
619 3501 678 3545 cf.
707 3510 803 3546 not.
838 3503 894 3545 ad
920 3504 1007 3546 An.
1032 3505 1073 3551 1,

181 3559 255 3603 42.
292 3566 334 3602 et
364 3559 406 3610 2,
430 3558 524 3608 88„
557 3557 676 3601 unde
708 3559 941 3617 cognoscis
978 3576 1071 3604 non

186 3616 430 3661 absurdum
457 3632 549 3660 esse
575 3617 704 3665 istuc.

1135 2528 1296 2588 punxi,
1326 2536 1377 2570 ut
1398 2537 1630 2572 contextus
1650 2529 1878 2588 poscebat.
1919 2529 2028 2572 Vul-

1136 2603 1192 2645 go
1223 2586 1334 2630 haec
1361 2587 1574 2644 leguntur
1601 2587 1690 2631 sic:
1731 2601 1870 2643 quem
1891 2586 2029 2630 nobis

1136 2645 1374 2695 animum,
1406 2659 1527 2699 quas
1559 2651 1740 2687 mentes
1761 2644 2028 2698 imprecetu-

1138 2709 1238 2753 tur,
1269 2702 1383 2757 quid
1402 2702 1556 2753 aliud,
1588 2716 1732 2758 quam
1753 2702 2029 2744 seditionem

1139 2766 1185 2801 et
1206 2759 1511 2811 discordiam,
1545 2761 1819 2813 optabunt?
1853 2773 1916 2801 ne
1938 2760 2028 2802 mi-

1137 2819 1205 2859 les
1223 2816 1496 2868 centurioni,
1525 2830 1587 2859 ne
1607 2818 1813 2860 centurio
1834 2818 2031 2868 tribum,

1139 2874 1438 2929 obsequatur.
1482 2874 1590 2917 hinc
1617 2873 1798 2931 confusi
1816 2905 1829 2918 .
1846 2905 1858 2918 .
1875 2905 1887 2918 .
1913 2888 2032 2918 rua-

1138 2945 1262 2974 mus.

1148 3060 1158 3071 .
1195 3016 1345 3071 quam
1360 3002 1573 3057 imperia.
1630 3000 1715 3046 Ed.
1740 2984 2031 3060 Spin-{quam

1138 3067 1439 3114 tmperttzam.

1197 3144 1279 3173 neo
1309 3131 1430 3175 illas.
1491 3130 1570 3184 Sic
1587 3124 1726 3175 MSS.
1752 3131 1879 3176 Flor.
1901 3131 2033 3187 (teste

1141 3186 1279 3244 Vict.)
1308 3187 1425 3231 Bud.
1451 3186 1589 3232 Corb.
1629 3188 1730 3233 edd.
1748 3187 1895 3233 Rhen.
1923 3187 2032 3232 Ald.

1145 3260 1242 3302 sqq.
1266 3268 1325 3277 —
1357 3260 1416 3287 ne
1437 3246 1547 3289 illos
1567 3245 1705 3290 MSS.
1729 3245 1882 3319 Guelf.
1903 3244 2028 3289 Harl.

1141 3301 1825 3419 ἱῖῖειξῗᾶξὲἓζῗῗὲῗὲῒῑέὴ·
1847 3319 1906 3338 ·“
1946 3316 2033 3346 ’²⁶⁰

1200 3431 1379 3473 audiat.
1438 3429 1576 3474 MSS.
1606 3429 1757 3474 Guelf.
1791 3430 1875 3475 Ies.
1905 3429 2031 3478 Harl.

1144 3490 1342 3530 audeat.-
1375 3486 1451 3530 hic
1471 3486 1520 3531 in
1539 3487 1741 3545 margine
1760 3488 1956 3532 audiat.
1988 3509 1996 3521 ν

1200 3572 1299 3601 non
1334 3559 1531 3601 hercule.
1613 3556 1692 3602 sic
1729 3557 1868 3604 MSS.
1908 3558 2029 3604 Flor.

1146 3615 1263 3669 (test.
1296 3614 1434 3670 Vict.)
1471 3613 1642 3681 Guelf3
1665 3615 1738 3662 ed.
1769 3614 1890 3676 Spir.
1967 3615 2031 3667 cf,

2092 209 2138 276 Ji,

735 251 1435 354 HlsTomAm'J‘M
1696 284 1937 387 &W
2096 287 2125 398 {²
