2138 4030
27 265 37 274 ·
91 237 352 331 x1¹{31‘{3‘³2⁴J(⁶,2
541 239 713 301 LIB.
749 238 853 300 IV.
931 234 1124 305 (JAP.
1167 237 1260 298 16.
1304 238 1401 299 17.
1777 237 1900 300 885

46 376 162 432 lem
188 369 514 430 transtulit:
558 368 928 444 perculsique
953 367 1171 424 milites
1209 366 1528 442 improvisa
1561 372 1897 446 proditione

46 482 79 516 a
113 458 284 515 sociis
317 452 702 529 hostibusque
733 453 1143 509 caedebantur.
1233 448 1459 509 Eadem
1508 455 1683 511 etiam
1726 459 1897 514 navi-

45 546 157 601 bus
179 539 442 618 perfidia.
527 558 664 613 pars
692 538 980 611 remigum
1013 557 1043 593 e
1071 533 1308 593 Batavis
1336 548 1616 614 tanquam
1652 541 1897 618 imperi..

45 630 134 704 tiax
175 626 367 685 officia
423 635 736 680 nautarum
793 632 1435 699 propugnatorumque
1481 623 1897 699 impediebant,

2 732 5 740 ⁶
46 733 183 771 mox
213 723 414 769 contra
441 708 680 764 tendere
709 718 763 764 et
787 727 1012 786 puppes
1037 703 1238 773 hostili
1274 707 1437 782 ripae
1466 709 1736 767 obiicere.
1821 714 1895 773 ad

44 809 406 878 postremum
432 794 848 867 gubernatores
880 791 1367 868 centurionesque
1403 793 1520 849 nisi
1552 796 1753 850 ‘eadem
1795 819 1902 854 vo..

47 882 222 939 lentis
251 879 577 947 trucidant,
619 878 807 933 donee
840 877 1114 933 universa
1143 888 1422 952 quattuor
1457 890 1514 936 et
1548 879 1760 954 viginti
1791 903 1899 939 na-

0 1017 3 1021 .
48 969 210 1025 vium
236 964 431 1022 classis
457 963 847 1035 transfugeret
871 973 972 1019 aut
997 973 1316 1036 caperetur.

217 1067 414 1134 XVII.
500 1072 673 1132 Clara
700 1094 764 1130 ea
800 1072 1043 1129 victoria
1072 1073 1137 1127 in
1164 1092 1466 1146 praesen8‚
1510 1074 1575 1131 in
1600 1087 1901 1151 posterum

49 1163 211 1222 usui:
285 1179 561 1236 armaque
616 1171 673 1215 et
716 1177 921 1226 naveS‚
992 1157 1206 1242 quibus
1262 1158 1639 1232 indigebant,
1703 1164 1902 1238 adepti

50 1267 261 1322 magna
299 1265 404 1321 per
435 1242 785 1301 Germanias
812 1240 1152 1318 Galliasque
1190 1242 1343 1299 fama
1381 1243 1668 1302 libertatis
1702 1260 1904 1324 aucto-

51 1353 143 1390 res
198 1330 661 1389 celebrabantur.
773 1325 1129 1384 Germaniae
1179 1328 1373 1385 statim
1425 1330 1634 1387 misere
1685 1333 1904 1407 legatos

51 1417 268 1476 auxilia
323 1415 650 1488 offerentes,
760 1411 1094 1469 Galliarum
1126 1412 1486 1491 ‘societatem
1528 1413 1736 1473 Civilis
1783 1429 1904 1477 arte

52 1503 339 1578 donisque
370 1488 696 1555 adfectabat
728 1509 925 1573 captos
955 1492 1288 1554 cohortium
1324 1500 1643 1573 praefectos
1679 1522 1812 1560 suas
1841 1504 1907 1560 in

52 1587 312 1644 civitates
352 1585 738 1653 remittendO,
792 1578 1134 1639 cohortibus
1170 1583 1332 1638 abire
1366 1603 1443 1639 an
1483 1605 1718 1643 manere
1756 1589 1906 1644 mal-

53 1674 176 1728 lent
212 1672 343 1727 data
385 1680 684 1745 potestate.
781 1667 1157 1723 manentibus
1189 1663 1476 1725 honorata
1519 1670 1760 1741 militia,
1813 1674 1908 1729 di·-

53 1756 454 1831 gredientibus
502 1754 687 1828 spolia
734 1751 1146 1810 Romanorum
1199 1752 1616 1815 offerebantur.
1713 1755 1907 1815 Simul

55 1841 287 1899 secretis
316 1839 686 1895 sermonibus
713 1837 1067 1894 admonebat
1091 1837 1411 1907 malorum,
1455 1860 1603 1916 quae
1626 1852 1714 1900 tot
1735 1843 1908 1901 annis

53 1925 310 2003 perpessi
341 1925 612 1980 miseram
638 1923 973 1987 servitutem
1010 1922 1156 1979 falso
1190 1942 1390 1996 pacem
1422 1938 1714 1987 vocarent.
1788 1925 1909 1984 Ba-

55 2023 219 2069 tavos
246 2029 583 2087 quanquam
613 2008 969 2064 tributorum
999 2018 1261 2081 expertes
1302 2028 1462 2064 arma
1502 2021 1702 2068 contra
1746 2033 1909 2069 com-

0 2110 1 2174 J
54 2115 263 2152 munes
301 2094 573 2150 dominos
612 2092 847 2167 cepisse.
942 2092 1133 2166 prima
1177 2092 1298 2147 acie
1334 2093 1532 2150 fusum
1569 2095 1908 2174 victumque

53 2179 421 2239 Romanum:
474 2178 651 2254 quid,
695 2178 745 2232 si
783 2175 1015 2233 Galliae
1056 2176 1259 2250 iugum
1298 2179 1552 2236 exuant?
1622 2194 1911 2257 quantum

56 2266 118 2322 in
158 2263 325 2322 Italia
367 2262 705 2338 reliquum?
769 2261 1212 2337 provinciarum
1251 2263 1536 2336 sanguine
1574 2266 1910 2340 provincias

57 2350 234 2410 vinci.
344 2347 434 2406 Ne
468 2345 739 2434 Vindicis
777 2347 961 2404 aciem
1013 2345 1349 2420 cogitarent.
1456 2345 1678 2407 Batavo
1718 2353 1910 2428 equite

106 2602 443 2644 caedebantur.
503 2598 605 2642 MS.
633 2598 785 2644 Guelf.
817 2613 945 2642 exce-
1020 2599 1122 2643 MS.
1157 2597 1308 2644 Guetf.
1345 2599 1545 2653 adeptis.
1638 2599 1804 2644 Eadem
1839 2601 1909 2645 ed.

59 2660 313 2702 dabantur.
371 2657 485 2700 Edd.
515 2655 619 2700 Put.
643 2657 707 2702 M.
730 2666 773 2700 et
789 2656 842 2698 V.
868 2657 949 2699 Be·
1019 2655 1138 2714 Spir.
1179 2670 1271 2710 per
1306 2656 1492 2700 Gallias
1537 2655 1911 2715 Germaniasque

60 2714 201 2759 roaid.
227 2714 329 2760 Ate.
359 2716 656 2765 cedebantur,
687 2714 861 2771 vulgari
885 2714 948 2759 vi·
1022 2723 1063 2756 et
1089 2729 1192 2755 mox
1215 2714 1514 2756 liberalitatis
1535 2729 1618 2771 pro
1639 2716 1880 2760 libertatis.

60 2773 141 2816 tio.
1080 2772 1449 2815 celebrabantur.
1509 2771 1611 2815 MS.
1625 2770 1751 2815 Harl.
1774 2781 1816 2816 et
1841 2773 1910 2818 ed.

114 2835 614 2887 propugnatorumque.
708 2827 791 2872 Ed.
831 2827 949 2886 Spir.
1024 2828 1142 2885 Spir.
1167 2829 1473 2871 celebrantur.
1533 2828 1635 2872 MS.
1659 2827 1810 2873 Guelf.
1836 2846 1911 2873 ce·—

60 2893 485 2941 pugnatorumque.
1023 2886 1396 2927 lebrebabantur.
1473 2885 1582 2928 Mox
1618 2886 1665 2928 in
1701 2886 1772 2930 edJ
1789 2887 1909 2955 Spir.

122 2959 327 3000 obhbere·
427 2956 507 2998 Ed·
561 2955 680 3014 595¹„
734 2958 949 2999 obl-&cere-
1025 2958 1118 2985 non
1181 2942 1340 3000 legitur
1385 2942 1674 2987 -vocabulum
1741 2944 1910 2991 Civilis-

64 3015 167 3059 MS.
197 3002 349 3057 Guelf.
385 3015 600 3056 adiicere.
1025 2998 1195 3043 Ibidem
1220 3006 1285 3041 est
1306 3001 1533 3041 honerate
1557 3015 1640 3057 pro
1662 3002 1913 3047 honorata.

126 3075 334 3127 volentis·
393 3083 472 3138 Sic
493 3082 595 3126 MS.
619 3083 733 3127 Bud.
769 3064 812 3127 et
848 3057 952 3127 vett.
1083 3069 1613 3136 ⁸P01¹⁰⁰,R⁰ma',²⁰''¹¹m·
1672 3070 1776 3115 MS·
1810 3072 1914 3139 Agr·

68 3141 314 3191 editiones,
364 3149 541 3198 excepta
587 3140 780 3184 editione
820 3138 957 3197 Spin,
1027 3135 1068 3170 ⁶²
1090 3127 1161 3196 ed?
1185 3126 1716 3195 Sp1r3spolaeqromanq.
1776 3128 1914 3172 Deffl·

67 3214 180 3256 quae
222 3197 351 3240 habet
384 3199 606 3248 volentes,
648 3197 766 3253 quod
811 3213 956 3254 nuper
1027 3185 1080 3227 de
1103 3183 1257 3226 eade-¹¹¹
1279 3185 1507 3239 Sl'mdq'oe
1536 3199 1618 3240 9¹⁸⁰
1643 3189 1802 3228 smnu-

67 3253 276 3299 nonnulli
318 3253 530 3296 maluere.
601 3253 653 3296 In
685 3253 952 3297 MS.Guetf.
1083 3253 1273 3309 cepisse.
1350 3253 1425 3298 Sic
1468 3255 1569 3298 MS.
1617 3255 1770 3301 Guetf.
1812 3257 1912 3300 edd.

67 3314 228 3357 verba:
270 3312 645 3365 centurionesque
670 3313 762 3353 nisi
788 3314 955 3354 eadem
1027 3312 1131 3355 Atd.
1159 3310 1279 3369 Lips.
1314 3327 1412 3368 sqq.
1448 3339 1506 3348 --
1566 3315 1766 3367 coepisse
1810 3315 1912 3358 edd.

69 3373 271 3435 volente}
300 3368 345 3410 in
371 3375 580 3432 contextu
615 3368 777 3411 omissa
811 3367 954 3425 adpo-
1029 3378 1129 3412 ante
1154 3367 1319 3410 Atdum
1344 3376 1386 3411 et
1415 3368 1484 3414 ed.
1508 3369 1705 3429 Micylli.
1983 3411 1986 3415 ,

70 3434 239 3469 numm·
259 3441 304 3467 ιη
334 3440 552 3481 margnne.
1088 3436 1310 3479 Vindicis.
1379 3435 1481 3481 Hoc
1510 3437 1784 3483 vocabulum
1821 3455 1913 3482 non

99 3491 238 3539 vCM».
273 3495 338 3538 17.
409 3509 652 3550 armaque.
722 3493 806 3539 Ed.
840 3494 956 3552 Spir.
1031 3493 1195 3551 legitur
1239 3492 1283 3535 in
1320 3492 1421 3539 MS.
1458 3494 1602 3545 Eud..
1655 3495 1796 3552 spatio
1841 3511 1916 3539 re-

72 3553 304 3606 armisque
328 3559 370 3594 et
387 3567 487 3594 mox
505 3553 765 3609 ads-ptipro
788 3553 958 3607 adepti.
1033 3550 1156 3592 licto.

163 3617 402 3669 TAct'rus
444 3616 538 3667 III.
1388 3610 1438 3667 Β
1456 3612 1494 3667 b
