2138 4030
1716 245 1942 283 At.15.823.

1719 289 1840 327 Ax.‹:.
1885 293 1944 328 70.

177 251 256 310 72
756 237 1459 314 HISTORIARUM

175 378 404 458 Galbae
445 377 699 435 amicitia
741 378 807 435 in
842 380 1160 456 abruptum
1197 389 1458 450 tractus.
1491 379 1716 451 audax,
1743 384 2035 454 callidus,

173 462 484 541 promptus
509 474 596 532 et,
638 476 818 540 prout
843 464 1107 521 animum
1135 464 1516 532 intendisset,
1557 485 1774 540 pravus
1803 482 1905 528 aut
1937 469 2036 527 in-

177 548 441 607 dustrius
495 549 700 606 eadem
741 549 822 609 vi.
910 548 1354 611 Testamentum
1400 539 1475 610 T.
1517 548 1685 606 Vinii
1738 555 2036 626 magnitu-

177 634 320 692 dine
357 649 552 710 -·opum
613 633 876 692 inritum.
999 631 1237 690 Pisonis
1291 653 1625 710 supremam
1669 627 2036 704 voluntatem

94 760 99 762 -
181 728 497 796 'paupertas
529 718 804 778 firmavit.

344 827 568 890 XLIX.
628 827 867 886 Galbae
914 849 1127 905 corpus
1176 829 1282 887 diu
1327 831 1659 905 neglectum
1704 844 1761 891 et
1800 832 2061 894 licentia

182 916 558 975 tenebrarum
593 914 865 990 plurimis
899 915 1176 972 ludibriis
1211 927 1484 974 vexatum
1516 917 1887 992 dispensator
1921 915 2041 978 Ar-

181 1001 311 1076 gius
376 1021 406 1057 e
460 1000 762 1075 prioribus
821 1002 1004 1057 servis
1066 997 1281 1058 humili
1339 1002 1639 1077 sepultura
1687 1004 1753 1059 in
1795 1005 2041 1080 privatis

182 1087 308 1144 eius
341 1082 531 1143 hortis
579 1085 853 1144 contexit.
968 1098 1143 1161 caput
1187 1101 1294 1161 per
1337 1084 1484 1143 lixas
1527 1088 1876 1167 calonesque
1918 1092 2043 1148 suf-

181 1172 364 1229 fixum
400 1171 836 1247 laceratumque
875 1183 1009 1228 ante
1041 1169 1311 1229 Patrobii
1345 1172 1641 1229 tumulum
1681 1170 1957 1250 (libertus
1991 1176 2054 1234 is·

181 1255 435 1325 Neronis
468 1255 714 1330 punitus
748 1276 782 1312 a
810 1253 1005 1313 Galba
1043 1256 1259 1335 suerat)
1295 1268 1527 1331 postera
1564 1259 2044 1317 demum'diesre-

181 1353 415 1417 pertum
463 1351 521 1401 et
565 1352 821 1398 cremato
870 1341 990 1398 iam
1028 1344 1264 1418 corpori
1300 1342 1627 1400 admixtum
1660 1356 1762 1402 est.
1865 1343 2044 1403 Hunc

182 1426 406 1484 exitum
428 1421 639 1484 habuit
665 1425 906 1484 Servius
935 1425 1127 1484 Galba
1153 1429 1342 1486 tribus
1376 1439 1434 1484 et
1469 1425 1834 1504 septuaginta
1870 1432 2044 1488 annis

183 1511 449 1588 quinque
492 1511 789 1587 principes
836 1533 1113 1588 prospera
1156 1515 1396 1570 fortuna
1435 1533 1706 1570 emensus
1753 1526 1810 1572 et
1852 1516 2044 1573 alieno
2102 1550 2105 1551 ν

183 1597 433 1673 imperio
468 1597 703 1663 felicior
740 1618 918 1673 quam
947 1618 1074 1658 suo,
1162 1598 1347 1655 Vetus
1382 1599 1447 1655 in
1485 1599 1710 1656 familia
1748 1601 2047 1672 nobilita5‚

183 1701 430 1756 magnae
460 1702 623 1757 opes:
670 1682 784 1757 ipsi
815 1683 1078 1740 medium
1108 1684 1446 1757 ingenium,
1487 1684 1670 1758 magis
1708 1676 1867 1743 extra
1903 1687 2048 1759 yitia

246 1928 460 1972 callidus.
539 1927 614 1971 Sic
646 1927 750 1971 MS.
787 1926 940 1971 Guelf.
975 1928 1078 1971 edd.

188 1984 308 2044 Spir.
338 1985 438 2029 Put.
471 1985 574 2028 Ber.
610 1986 733 2039 (cum
768 1985 916 2029 silent.
942 1987 1082 2042 Viet.)

187 2060 293 2111 sqq..
314 2052 356 2086 et
377 2044 442 2087 sic
463 2044 597 2100 vulgo
613 2042 749 2086 MSS.
773 2070 831 2080 --
865 2045 950 2087 lac.
966 2043 1082 2086 Gro-

190 2116 350 2145 novius
385 2101 433 2143 in
470 2101 574 2144 MS.
609 2099 736 2143 Flor.
769 2101 938 2144 invenit
968 2102 1081 2143 cali-

189 2162 277 2210 do,-
316 2156 565 2202 Oberlinus
598 2157 646 2199 in
679 2157 783 2201 MS.
820 2154 936 2201 Bud.
965 2158 1083 2201 cali-

1155 1928 1481 1986 dispensatores
1503 1936 1607 1973 sunt
1629 1945 1653 1972 e
1678 1930 1828 1976 servis.
1870 1929 1928 1975 cf.
1940 1929 2048 1976 Sue·

1155 1994 1252 2028 ton.
1276 1985 1386 2030 Oth.
1410 2004 1450 2031 e.
1475 1988 1516 2029 5.
1792 1990 1794 1994 ’

1211 2045 1372 2087 hortis.
1432 2044 1532 2088 MS.
1555 2042 1707 2110 Guelf.
1729 2045 1800 2089 ed.
1823 2045 1943 2105 Spir.
1966 2061 2050 2089 or-

1156 2100 1240 2152 tis,
1270 2102 1334 2144 uti
1355 2101 1516 2144 solent.

1215 2179 1351 2226 caput
1371 2185 1460 2225 per
1483 2171 1624 2213 latras.
1682 2169 1761 2216 Sic
1774 2172 1880 2216 MS.
1897 2172 2052 2219 Guelf.

191 2219 309 2260 dus.-
345 2216 503 2258 vitium
541 2214 659 2258 haud
694 2215 906 2264 dubium,
947 2232 1086 2274 quan·

194 2288 332 2331 quam
358 2273 391 2316 Ι.
419 2272 662 2318 Gronovio
689 2275 865 2316 calidus
886 2272 1089 2331 placebat

193 2331 252 2377 ab
288 2331 441 2374 locum
480 2330 579 2375 Liv.
616 2329 687 2379 35,
719 2330 790 2373 32.
886 2332 1091 2373 Callicles

192 2391 487 2445 audacesque
497 2387 681 2432 Tacitus
704 2386 837 2431 etiam
858 2388 1090 2433 coniunxit

197 2462 323 2506 supr.
348 2462 390 2490 c.
414 2445 488 2490 25.
970 2453 973 2457 ⁴

253 2532 422 2574 eadem
465 2533 524 2575 vi.
599 2529 961 2573 Testamentum
1002 2537 1088 2573 etc.

195 2586 273 2632 Sic
305 2588 632 2647 intel-pungunt
669 2587 771 2632 edd.
802 2586 950 2631 Rhen.
980 2587 1089 2630 Ald.

196 2661 297 2703 sqq.
330 2669 386 2679 —-
446 2647 632 2688 Eadem
671 2646 721 2688 vi
756 2651 1091 2687 testamentum

198 2711 285 2746 ete.
320 2703 423 2746 edd.
460 2701 563 2746 Put.
604 2701 673 2745 M.
706 2710 748 2745 et
784 2700 840 2744 V.
881 2701 1089 2744 Beroald.

197 2759 298 2804 Alc.
319 2788 377 2797 --
410 2765 576 2803 eadem
594 2762 639 2803 in
660 2766 996 2804 testamentum
1009 2766 1092 2802 etc.

199 2817 271 2919 ἓ.
302 2817 449 2877 Spir.‚
478 2827 651 2877 puncto
685 2817 833 2884 posito
868 2824 970 2859 ante
1005 2831 1092 2860 ea-

260 2889 327 2917 m.

257 2958 472 3001 inritum.
562 2957 639 3003 Sic
675 2957 780 3002 MS.
817 2956 961 3001 Flor.'
984 2963 1094 3001 teste

199 3014 422 3060 victorio.
457 3043 515 3052 -
583 3017 767 3058 irritum
798 3015 904 3059 MS.
942 3013 1092 3058 Guelf.

201 3072 303 3118 edd.
322 3072 428 3117 Put.
457 3073 664 3116 Beroald.
693 3073 795 3117 Alc.
820 3072 963 3117 Rhen.
992 3072 1094 3117 Ald.

201 3145 260 3169 ..-·-
282 3131 454 3175 iritum
478 3129 549 3173 ed.
573 3129 691 3188 Spir.

269 3230 383 3276 CAP.
423 3230 495 3274 49.
582 3245 606 3272 ε
645 3231 883 3286 prioribus
929 3231 1094 3274 serm's.

203 3285 387 3333 Priores
415 3296 519 3331 sunt
552 3296 724 3331 veteres
755 3289 798 3329 h.
826 3305 867 3331 e.
893 3287 970 3347 qui
995 3295 1097 3331 ante

239 3346 510 3405 rincipatum
562 3344 684 3389 servi
737 3343 907 3388 Galbae
954 3346 1096 3389 fuere.

206 3362 434 3455 linet-nus,
476 3401 673 3448 Ursinus
702 3409 745 3444 et
767 3402 961 3446 Savilius
994 3403 1096 3445 fru-

207 3469 301 3505 stra
323 3460 530 3506 volebant
557 3476 582 3504 e
613 3460 903 3515 primoribus
933 3476 980 3503 ex
1013 3468 1097 3502 vet.

210 3518 385 3563 codiee..
458 3516 704 3562 Plutarcho
734 3517 780 3560 in
804 3516 934 3560 Galb.
964 3533 1003 3561 c.
1025 3518 1097 3559 28.

205 3575 405 3636 Ἀργεῖος
429 3571 737 3635 ἀπελεύθερος
751 3581 947 3619 vocatur.
1010 3573 1096 3617 Sed

1159 2228 1201 2283 (a
1224 2244 1293 2284 pr.
1321 2230 1475 2285 manu)
1501 2228 1602 2271 edd.
1626 2228 1728 2272 Put.
1753 2229 1963 2275 Ber-eald.
1986 2233 2051 2287 ’(ο.

1160 2285 1231 2328 sil.
1256 2284 1393 2342 Vict.)
1429 2301 1533 2342 sqq.
1567 2310 1626 2318 —
1673 2295 1813 2342 caput
1846 2291 1944 2333 eius
1968 2304 2054 2344 per

1161 2343 1289 2386 lixas
1308 2351 1391 2386 etc.
1415 2343 1516 2387 MS.
1530 2342 1639 2402 Reg.
1661 2343 1736 2387 ed.
1754 2345 1784 2388 S
1818 2343 1872 2389 ir.
1895 2354 1939 2389 et
1949 2346 2052 2391 MS.

1161 2399 1314 2443 Guelf.
1349 2417 1372 2444 a
1411 2417 1500 2445 sec.
1541 2415 1695 2443 manu.
1758 2403 1762 2409 ’
1827 2418 2054 2447 ronomen

1159 2457 1321 2501 melius
1340 2458 1481 2502 abest.
1539 2457 1821 2502 parenthesis
1848 2462 2056 2515 (ubertus

1164 2547 1176 2558 .
1195 2547 1207 2558 .
1227 2546 1238 2557 .
1259 2546 1271 2559 .
1294 2516 1509 2572 suerat),
1559 2531 1675 2575 quae
1703 2524 1840 2560 exstat
1870 2517 1917 2561 in
1951 2517 2052 2563 edd.
2075 2562 2100 2573 K

1161 2573 1305 2616 Rhen.
1335 2588 1454 2631 sqq..
1497 2589 1588 2616 non
1622 2573 1881 2640 agnoscitur
1897 2576 2054 2635 priori·

1162 2631 1246 2674 bus
1286 2630 1555 2680 editoribus,
1597 2645 1675 2689 qul
1710 2631 2056 2675 dantrtumu-

1162 2691 1282 2732 lum.
1325 2689 1520 2731 libertus
1542 2719 1554 2732 .
1569 2717 1582 2730 .
1598 2720 1610 2732 .
1623 2688 1810 2744 fuerat.
1859 2689 2056 2735 Postera

1164 2754 1248 2790 etc.

1220 2814 1364 2857 tribus
1400 2819 1450 2881 ,εἰ
1485 2816 1801 2870 septuaginta.
1884 2817 2057 2876 Agebat

1163 2879 1543 2930 septuagesimum
1576 2871 1756 2920 tertium
1787 2873 1948 2918 aetatis
1974 2891 2056 2919 an-

1165 2944 1304 3031 ssuins’
1333 2929 1646 3030 “Amr‘'f‘lssffi
1704 2929 2058 3032 ests-..goffia

1195 3018 1207 3030 .
1291 3018 1302 3029 .
1407 3003 1521 3031 ue.
1582 3003 1927 3033 ¹c.e1.c..
2019 3006 2056 3032 ι-

1197 3042 1272 3086 hil.
1291 3043 1363 3093 64,
1383 3045 1427 3088 6.
1493 3003 1742 3089 zonaras?
1756 3045 1834 3102 ἔτη
1868 3043 1956 3091 δύο
1980 3048 2060 3091 καὶ

1165 3059 1486 3160 ἓβὸομήκοντα
1514 3104 1593 3146 καὶ
1623 3098 1796 3163 ἡμέρας
1828 3108 1948 3164 τρεῖς
1981 3107 2060 3148 καὶ

1166 3162 1357 3205 εἴκοσιν.
1419 3160 1509 3206 Sed
1541 3159 1601 3203 ita
1633 3176 1727 3204 non
1751 3162 1965 3214 convenit
1985 3162 2060 3206 r'a-

1166 3218 1230 3260 tio
1263 3233 1371 3264 cum
1402 3233 1523 3262 anno
1551 3216 1711 3268 natali,
1744 3235 1876 3279 quem
1909 3220 2061 3279 posuit

1169 3275 1296 3319 Suet.
1322 3274 1456 3318 Galb.
1477 3291 1519 3320 c.
1540 3274 1584 3320 4.
1644 3274 1706 3319 cf.
1733 3274 1796 3321 ibi
1810 3275 2059 3336 Baumgar-

1168 3332 1479 3377 ten-Crusius
1511 3339 1554 3375 et
1587 3331 1886 3392 Oudendorp.
1928 3342 2060 3392 atque

1168 3389 1365 3433 Reimar.
1393 3390 1448 3434 ad
1472 3390 1649 3449 xiphil.
1667 3391 1739 3440 64,
1763 3393 1802 3434 1.

1222 3461 1467 3514 principes.
1550 3459 1636 3504 Ed.
1675 3459 1795 3519 Spir.
1823 3460 2060 3517 princeps.

1171 3517 1280 3584 Mpx
1310 3516 1487 3562 eadem:
1516 3519 1670 3573 ipsiet
1695 3518 1906 3569 medium
1932 3519 2058 3576 inge·-

1171 3589 1321 3617 mum.
