2138 4030
599 23 746 73 ,Ιχ

639 253 812 315 LIB.
855 254 898 313 1.
982 250 1176 312 CAP.
1221 252 1323 312 36.
1366 254 1464 314 37.
1828 239 1834 251 '
1891 255 1973 315 57

121 390 311 456 iuxta,
352 383 582 461 praeire
619 394 1076 451 sacramentum,
1117 381 1296 437 modo
1323 380 1738 455 imperatorem
1763 385 1973 443 militi-

118 474 260 540 buS,
297 469 722 527 modomilites
744 467 1090 542 imperatori
1112 466 1542 525 commendare.
1627 467 1749 526 Nec
1774 469 1971 530 deerat

118 552 286 615 Otho
318 554 678 631 protendens
708 573 920 609 manus
946 553 1192 608 adorare
1219 551 1494 623 vulgum,
1550 550 1735 610 iacere
1771 557 1969 613 oscula

120 654 176 699 et
221 640 420 698 omnia
471 639 762 695 serviliter
799 658 908 712 pro
954 635 1376 693 dominatione.
1476 634 1797 711 Postquam
1830 641 1970 698 uni..

117 745 283 783 versa
308 725 683 782 classicorum
704 724 856 796 legio
885 733 1310 778 sacramentum
1337 719 1461 775 eius
1488 722 1709 795 accepit
1726 767 1742 792 ,
1785 725 1969 783 fidens

114 811 342 867 viribus
379 821 468 879 et,
521 828 669 885 quos
694 805 888 864 adhuc
918 808 1180 880 singulos
1210 804 1710 876 exstimulaverat,
1765 827 1968 866 accen-

115 896 342 953 dendos
377 896 442 951 in
479 914 792 951 commune
825 905 987 950 ratus
1020 912 1128 967 pro
1167 890 1324 947 vallo
1361 900 1686 948 castrorum
1721 891 1800 949 ita
1836 914 1968 952 coe-

115 981 237 1056 pit:

281 1062 595 1124 XXXVII.
651 1061 851 1136 „Quis
890 1064 964 1120 ad
1001 1081 1107 1118 vos
1144 1059 1560 1136 processerim,
1614 1065 1969 1122 commilito-

119 1170 297 1220 „neS‚
341 1151 533 1206 dicere
558 1169 683 1205 non
709 1168 946 1225 possum
966 1193 983 1217 ,
1027 1147 1165 1223 quia
1190 1167 1298 1203 nec
1323 1147 1620 1221 privatum
1644 1168 1739 1204 me
1759 1170 1967 1207 vocare

114 1237 417 1306 „sustineo
460 1235 731 1309 princeps
774 1255 806 1290 a
849 1233 1019 1289 vobis
1062 1232 1433 1301 nominatus,
1497 1234 1968 1309 necvprincipem

114 1321 277 1390 „alio
329 1321 670 1393 imperante.
771 1329 1027 1375 vestrum
1079 1338 1314 1393 quoque
1359 1337 1584 1373 nomen
1629 1317 1694 1373 in
1743 1319 1966 1377 incerto

113 1450 150 1474 „
165 1404 303 1473 erit,
355 1405 541 1459 donec
574 1403 972 1473 dubitabitur,
1027 1403 1440 1477 imperatorem
1467 1403 1675 1476 populi
1698 1401 1975 1481 Romani}

112 1490 222 1558 „in
258 1489 458 1546 castris
493 1509 568 1544 an
605 1485 830 1545 hostem
869 1485 1151 1547 habeatis,
1255 1482 1603 1555 Auditisne,
1665 1499 1732 1544 ut
1771 1510 1963 1565 poena

113 1594 289 1644 „mea
330 1584 387 1630 et
424 1574 779 1648 supplicium
812 1585 1073 1630 vestrum
1106 1573 1284 1631 simul
1319 1572 1732 1646 postulentur?
1817 1577 1962 1632 adeo

115 1658 532 1729 „manifestum
559 1671 643 1716 est
667 1679 859 1735 neque
883 1659 1075 1734 perire
1100 1677 1210 1714 nos
1235 1677 1428 1732 neque
1468 1658 1658 1712 salvos
1694 1677 1814 1715 esse
1837 1661 1966 1716 nisi

115 1764 281 1816 „una
315 1763 501 1818 posse.
589 1754 646 1800 et
681 1745 846 1800 cuius
879 1743 1136 1800 lenitatis
1171 1754 1257 1798 est
1288 1739 1512 1811 Galba,
1567 1742 1686 1797 iam
1724 1742 1967 1802 fortasse

112 1829 461 1904 ,‚promisit,
510 1839 577 1890 ut
612 1829 717 1904 qui
749 1830 917 1885 nullo
953 1838 1295 1902 exposcente
1334 1837 1422 1883 tot
1455 1826 1644 1883 millia
1679 1827 1968 1887 innocen-—

117 1914 527 1984 „tissimorum
592 1913 852 1971 militum
902 1912 1299 1971 trucidaverit.
1411 1909 1645 1968 Horror
1699 1915 1964 1973 animum

207 253 259 290 Α.
274 251 329 286 U.
343 250 446 284 823..

208 296 260 331 A.
281 293 329 330 C.
366 293 427 331 70.

107 2147 368 2190 Ascanium
379 2145 507 2202 fusis
529 2147 700 2190 circum
721 2149 1001 2202 complecte-

109 2205 200 2246 bar
223 2206 386 2250 armis.

169 2262 340 2304 milites
392 2263 678 2316 imperatori.
770 2263 846 2306 Sic
897 2263 998 2306 MS.

108 2317 234 2362 Flor.
255 2320 370 2373 (test.
386 2320 525 2375 Viet.)
551 2320 621 2363 ed.
635 2320 751 2378 Spir.
773 2349 831 2357 -
852 2321 1001 2373 impe-

111 2377 265 2418 ratori
284 2377 461 2418 milites
483 2376 582 2420 MS.
601 2376 752 2421 Guelf.
782 2378 880 2421 edd.
894 2379 997 2420 Put.

108 2432 209 2475 Ber.
233 2432 332 2476 Ale.
354 2433 496 2476 Rhen.
519 2451 618 2493 sqq.
645 2435 700 2477 ad
724 2435 844 2478 hune
868 2435 1012 2480 diem.-

107 2488 313 2533 Restituo
338 2490 573 2535 meliorem
596 2493 836 2536 verborum
872 2494 998 2536 ordi-

106 2562 230 2590 nem.

164 2606 312 2647 iacere
364 2608 541 2649 oscula.
632 2602 871 2666 φιλήματα
923 2606 1001 2651 διὰ

104 2662 201 2709 τῶν
248 2660 487 2707 δακτύλων
537 2666 752 2723 πέμπειν.
835 2666 1001 2724 Xiphil.

107 2719 178 2770 64,
201 2720 242 2762 8.

167 2776 467 2820 classicorum
518 2780 653 2832 legio.
741 2779 819 2823 Sic
868 2781 997 2824 codd.

107 2833 244 2878 MSS.
273 2833 396 2878 Flor.
434 2836 551 2888 (test.
583 2836 699 2879 Vict.
734 2854 772 2880 e.
802 2838 924 2882 Pich.
959 2848 1001 2882 et

109 2892 198 2935 lae.
232 2890 394 2947 Gron.)
432 2893 541 2950 Reg.
579 2892 715 2936 Corb.
750 2895 868 2938 Bnd.
909 2895 1000 2947 (hie

109 2951 401 3005 classiorum)
444 2949 555 3008 Agr.
604 2951 704 2993 edd.
747 2953 866 3010 Spir.
912 2953 997 2995 Iac.

112 3006 256 3048 Gron.
329 3021 428 3064 sqq.
504 3032 561 3039 —
629 3011 1000 3052 ·class1'ariorum

106 3063 244 3108 MSS.
276 3063 396 3107 Harl.
426 3065 557 3108 Bodl.
595 3066 673 3108 les.
707 3065 862 3109 Guelf.
897 3067 998 3111 edd.

43 3143 45 3145 ·
109 3119 216 3163 Put.
238 3136 334 3178 sqq.

109 3194 237 3236 supr.
260 3194 299 3221 c.
321 3178 391 3222 31.
414 3179 523 3223 infr.
543 3180 585 3228 2,
609 3182 676 3223 11.
699 3180 770 3231 67.

171 3235 283 3278 CAP.
304 3234 375 3281 37.
401 3237 721 3290 processerim.
782 3237 910 3281 Ed.S
945 3238 999 3282 ir.

107 3294 395 3356 processerit.
464 3294 529 3336 lta
567 3303 610 3337 et
646 3295 749 3339 MS.
783 3294 900 3340 Guel
926 3328 937 3339 .
976 3313 1000 3339 a

106 3350 303 3394 secunda
328 3366 479 3394 manu.

169 3422 351 3458 vocare.
422 3407 498 3452 Sic
534 3408 666 3453 codd.
705 3410 838 3454 MSS.
874 3410 998 3454 Flor.

113 3464 234 3562 gest.
275 3463 421 3515 Pich.)
465 3465 617 3510 Guelf.
667 3466 742 3510 alii
778 3483 833 3511 ue
885 3468 1002 3522 (test.

1073 2150 1232 2191 vocari
1259 2148 1362 2191 MS.
1390 2147 1505 2191 Bud.
1541 2147 1645 2192 edd.
1672 2147 1790 2206 Spir.
1821 2149 1965 2202 Rhen.

1072 2221 1166 2263 sqq.
1196 2205 1251 2248 ad
1274 2205 1401 2248 Pich.

1130 2267 1407 2317 imperante.
1476 2261 1576 2313 MS,
1620 2262 1735 2306 Bud.
1777 2264 1964 2319 imperi—

1075 2328 1222 2363 tante.

1127 2380 1302 2432 perire.
1361 2376 1464 2420 MS.
1484 2376 1636 2420 Guelf.
1658 2379 1854 2432 perisse.
1883 2398 1892 2405 ·

1131 2443 1175 2478 et
1219 2436 1349 2477 cuius
1400 2436 1626 2478 lenitatis.
1715 2435 1792 2479 Sic
1833 2435 1967 2481 MSS'.

1073 2492 1197 2535 Flor.
1233 2493 1348 2546 (test.
1379 2493 1499 2535 Viet.
1539 2508 1642 2535 cum
1680 2491 1767 2535 lac.
1801 2491 1966 2549 Gron.)

1073 2549 1194 2592 Harl.
1231 2549 1362 2591 Bodl.
1397 2549 1480 2591 les.
1517 2549 1631 2606 Agr.
1661 2548 1814 2596 Guelf.
1849 2549 1965 2594 Bud.

1075 2607 1174 2650 edd.
1199 2604 1343 2663 Ryck.
1369 2606 1457 2648 lac.
1485 2605 1630 2649 Gron.
1665 2621 1763 2664 sqq.
1802 2630 1862 2639 —
1922 2616 1967 2651 et

1073 2667 1194 2707 cuius
1236 2663 1444 2707 leuitatis
1482 2663 1583 2706 edd.
1618 2662 1722 2707 Put.
1765 2680 1863 2722 sqq.
1909 2665 1966 2708 ad

1073 2720 1216 2780 Ryek.
1270 2744 1327 2754 —
1397 2729 1446 2762 ut
1479 2722 1607 2762 cuius
1643 2721 1855 2764 leuitatis
1897 2722 1966 2766 ed.

1073 2779 1104 2821 S
1142 2780 1196 2824 ir.
1246 2801 1294 2810 —
1353 2779 1556 2820 levitatis
1587 2785 1724 2824 exstat
1759 2779 1890 2827 etiam
1921 2779 1965 2821 in

1072 2836 1102 2878 B
1130 2836 1174 2879 S.
1195 2836 1306 2892 Reg.

1125 2894 1353 2948 promisit.
1439 2890 1526 2933 Ed.
1570 2890 1688 2949 Spir.
1735 2894 1964 2946 permisit.

1072 2949 1283 2999 Rickless.
1307 2947 1406 2995 vult
1421 2951 1652 3004 prompsit
1674 2949 1967 3008 adfirmatque

1070 3007 1303 3063 vulgatum
1348 3006 1444 3048 sine
1484 3006 1650 3049 idoneo
1686 3020 1818 3050 sensu
1856 3023 1963 3050 esse.

1071 3064 1277 3108 Fallitur.
1349 3061 1408 3112 cf.
1441 3063 1599 3106 Senec.
1635 3062 1860 3109 controv.
1895 3065 1966 3109 29.

363 3122 417 3165 ad
444 3122 531 3166 Iac.
556 3121 766 3167 Gronov.
825 3124 914 3167 Sed
939 3125 1004 3168 cf.
1066 3137 1154 3178 per
1193 3135 1309 3188 quae
1346 3134 1398 3163 se
1441 3121 1739 3176 parricidam
1789 3124 1966 3165 scelera

1067 3177 1356 3237 promiserit.

1130 3236 1346 3279 militum.
1413 3234 1491 3278 Sic
1527 3234 1660 3278 MSS.
1692 3234 1817 3285 Flor.
1848 3236 1962 3291 (test.

1072 3294 1193 3336 vict.
1218 3309 1320 3336 cum
1347 3291 1494 3348 Pich.)
1529 3293 1640 3350 Agr.
1674 3293 1790 3337 Bud.
1827 3294 1965 3337 Corb.

1073 3351 1171 3395 edd.
1187 3348 1305 3408 Spir.
1319 3349 1443 3393 Pich.
1457 3365 1552 3407 sqq.
1567 3373 1619 3383 —
1643 3351 1811 3392 civium
1830 3350 1964 3393 MSS.

1071 3408 1195 3458 Harl.
1235 3406 1369 3450 Bodl.
1408 3406 1493 3450 les.
1531 3405 1682 3455 Guelf.
1723 3406 1826 3454 edd.
1859 3407 1965 3450 Put.
2045 3438 2049 3444 .

1073 3480 1172 3523 sqq.
1201 3465 1255 3508 ad
1277 3464 1400 3515 Pich,
1458 3462 1548 3506 Sed
1574 3463 1669 3509 vid.
1697 3479 1820 3521 supr.
1854 3478 1896 3507 c.
1921 3463 1964 3507 6.

154 3523 282 3577 rot),
307 3522 407 3565 edd.
422 3523 525 3566 Pur.
542 3525 608 3565 M.
630 3523 740 3566 etV.
791 3540 855 3568 er.
879 3526 1005 3581 (cum
1077 3522 1319 3566 trucidatis
1360 3529 1426 3565 tot
1471 3522 1674 3565 millibus
1714 3522 1964 3564 inermium

114 3576 259 3622 silent.
284 3578 423 3637 vict.)
457 3580 556 3625 Alc.
587 3579 773 3625 Pichen.
810 3598 907 3640 sqq.
951 3605 1007 3623 --
1077 3581 1301 3628 militum.
