2138 4030
649 235 972 325 LIB.11.‘
1011 254 1212 318 cAP.
1246 255 1347 317 68.
1799 259 1930 320 2211.

75 401 435 481 tempestivis
479 392 766 455 conviviis
809 389 1094 465 gaudent:
1161 384 1408 461 perinde
1453 384 1623 440 miles
1667 387 1928 460 intentus

74 505 178 551 aut
198 491 445 547 licenter
468 481 604 557 agit.
689 477 848 553 apud
869 472 1182 531 Vitellium
1207 468 1406 526 omnia
1428 468 1801 544 indisposita,
1841 485 1930 532 te..

74 577 367 643 mulenta‚
405 563 728 647 pervigiliis
764 582 832 618 ac
868 553 1337 616 Bacchanalibus
1369 573 1548 630 quam
1587 555 1932 632 disciplinae

77 674 136 720 et
171 658 374 718 castris
401 652 696 731 propiora.
780 644 969 720 Igitur
994 641 1226 700 duobus
1261 639 1585 709 militibus,
1625 639 1805 698 altero
1842 645 1931 700 le-

77 745 269 823 gionis
308 741 578 819 quintae,
635 734 819 790 altero
857 750 889 787 e
925 726 1116 794 Gallis
1149 723 1563 793 auxiliaribus,
1622 744 1728 799 per
1760 727 1933 785 lasci.

75 833 236 889 viam
269 828 343 885 ad
371 835 666 883 certamen
699 814 966 874 luctandi
998 809 1282 878 accensiS‚
1326 819 1637 885 postquam
1671 810 1934 883 legiona-

76 918 202 975 rius
233 910 596 989 prociderat,
645 902 967 959 insultante
994 895 1170 956 Gallo
1207 904 1264 951 et
1302 893 1376 950 iis
1419 893 1524 971 qui
1559 893 1635 950 ad
1667 907 1936 970 spectan-

80 1004 226 1060 dum
269 1001 667 1055 convenerant
714 988 780 1044 in
828 983 1022 1043 studia
1062 978 1318 1039 diductis
1351 998 1593 1054 erupere
1625 978 1938 1054 legionarii

80 1089 146 1143 in
197 1081 523 1161 perniciem
571 1072 928 1134 auxiliorum
974 1089 1041 1125 ac
1082 1067 1233 1124 duae
1277 1059 1547 1122 cohortes
1585 1064 1939 1128 interfectae.

80 1169 437 1232 Remedium
472 1161 761 1221 tumultus
797 1157 911 1214 fuit
946 1153 1096 1211 alius
1123 1149 1431 1224 tumultuS.
1514 1149 1710 1226 pulvis
1733 1153 1943 1226 procul

86 1269 144 1314 et
181 1274 342 1312 arma
373 1247 830 1326 aspiciebantur:
886 1237 1315 1297 conclamatum
1359 1245 1600 1309 repente
1642 1248 1942 1312 quartam-

87 1344 397 1400 decumam
455 1332 744 1407 legionem
792 1345 960 1384 verso
1007 1322 1217 1382 itinere
1267 1319 1341 1376 ad
1387 1319 1678 1394 proelium
1719 1322 1942 1384 venire.

89 1428 192 1484 sed
221 1433 388 1482 erant
411 1417 662 1494 agminis
696 1423 1008 1471 coactores,
1094 1404 1279 1481 agniti
1313 1405 1615 1479 dempsere
1655 1406 1944 1465 sollicitu-

90 1512 311 1571 dinem.
398 1503 646 1563 Interim
673 1496 945 1573 Verginii
968 1511 1171 1551 servus
1193 1491 1345 1548 sorte
1369 1489 1582 1547 obvius
1610 1500 1678 1547 ut
1705 1512 1946 1566 percus-

52 259 68 278 *
159 247 274 310 A.U.
289 267 374 305 823.

158 316 212 354 A.
230 313 278 350 c,
312 313 377 347 το.

145 1655 353 1714 perinde.
437 1647 514 1692 Sic
546 1642 648 1687 MS.
680 1641 833 1687 Guelf.
877 1640 983 1684 edd.

91 1716 195 1760 Put.
216 1727 312 1768 sqq.
337 1709 460 1763 (cum
484 1701 662 1747 silentio
676 1699 903 1754 Victorii).
927 1723 979 1732 —

92 1773 290 1829 proinde
311 1764 445 1809 MSS.
461 1760 578 1805 Bud.
602 1759 741 1804 Corb.
757 1758 888 1800 Bodl.
915 1756 985 1800 ed.

94 1830 217 1891 Spir.
274 1823 334 1868 cf.
358 1830 454 1866 not.
481 1819 534 1862 ad
560 1818 650 1861 An.
678 1815 719 1870 3,
744 1815 813 1859 17.

154 1891 238 1932 aut
287 1883 480 1924 licenter
531 1876 646 1930 agit.
736 1873 814 1916 Sic
848 1868 987 1914 MSS.

99 1947 226 1992 Flor.
248 1940 365 1996 (test.
378 1935 497 1980 Vict.
523 1948 627 1976 eum
650 1929 863 1986 Pichena)
878 1928 989 1985 Reg.

99 2003 200 2050 edd.
223 1996 342 2055 Spir.
364 1992 492 2038 Pich.
516 1990 738 2046 Bernegg.
763 2002 862 2044 sqq.
936 1985 991 2028 In

1114 1650 1138 1677 e
1161 1635 1314 1678 Gallis
1336 1633 1667 1678 auxiliaribus.
1726 1633 1812 1680 Ed.
1826 1636 1947 1696 Spir.

1056 1708 1121 1737 ex
1144 1692 1298 1736 Gallis
1316 1692 1597 1734 auxiliariis.

1113 1775 1199 1813 per
1219 1761 1459 1804 lasciviam
1477 1763 1543 1802 ad
1558 1769 1812 1807 certamen.
1871 1763 1949 1808 Sic

1057 1818 1192 1863 MSS.
1229 1825 1272 1860 et
1303 1817 1404 1860 edd.
1435 1816 1553 1875 Spir.
1583 1817 1687 1862 Put.
1714 1835 1812 1877 sqq.
1894 1821 1950 1864 In

1061 1877 1247 1921 alteram
1267 1874 1472 1918 Rhenani
1497 1874 1743 1920 editionem
1766 1877 1953 1935 inrepsit

1062 1941 1107 1976 et
1133 1948 1215 1991 pro
1247 1936 1333 1983 ad,
1376 1931 1501 1990 quod
1535 1932 1696 1977 vitium
1734 1950 1814 2000 per
1847 1934 1950 1978 edd.

1061 1989 1407 2048 Lipsii‘duravit
1437 2004 1579 2047 usque
1610 1990 1666 2033 ad
1693 1989 1954 2044 Pichenam,

100 2062 171 2108 ed.
196 2045 313 2116 Spiin
336 2050 500 2108 legitur
527 2049 659 2091 haud
693 2061 776 2103 pro
802 2051 903 2086 aut.
932 2065 992 2110 3-—

99 2126 184 2164 aut
224 2115 413 2157 licenter
452 2105 648 2161 (omisso
690 2103 825 2145 verbo
865 2102 990 2156 agit)

101 2174 238 2221 MSS.
264 2167 378 2213 Bud.
411 2163 533 2207 Harl.
566 2162 650 2204 les.
689 2156 846 2202 Guels.
939 2157 992 2200 In

98 2232 222 2280 Harl.
245 2242 332 2272 sec.
358 2237 518 2266 manus
545 2218 714 2262 addidit
739 2229 903 2270 agens.
935 2237 994 2247 —

101 2298 186 2337 aut
208 2289 394 2330 licenter·
412 2292 555 2334 agere
571 2275 705 2319 MSS.
729 2274 866 2319 Corb.
880 2272 992 2330 Agr.

101 2374 158 2384 ...
190 2350 274 2388 aut
305 2338 572 2382 licentiosus
606 2332 796 2389 (omisso
831 2331 992 2386 verbo)

100 2406 202 2453 MS.
221 2398 353 2444 Bodl.
389 2394 490 2438 edd.
521 2391 626 2434 Put.
658 2390 720 2432 Μ,
746 2397 790 2432 et
809 2390 864 2432 V.
885 2387 994 2431 Ber.

104 2465 207 2511 Alc.
238 2481 293 2491 —
342 2459 426 2496 aut
449 2450 656 2493 licentior
689 2446 803 2501 (sine
833 2446 990 2500 verbo)

104 2522 206 2569 edd.
230 2514 374 2558 Rhen.
390 2507 492 2554 Ald.
515 2521 611 2564 sqq.
638 2505 693 2548 ad
706 2502 965 2546 Piehenam.

170 2570 423 2633 pervigiliis
495 2581 551 2607 ac
618 2561 998 2606 Bacchanalibus

107 2649 249 2696 quam
289 2623 563 2678 disciplinae
598 2628 643 2662 et
675 2618 846 2660 castris
876 2630 995 2670 pro-

100 2698 250 2754 piora.
297 2683 383 2728 ‘'Ev
403 2679 481 2725 διὰ
501 2680 636 2723 δυοῖν
656 2684 850 2731 utroque
875 2674 996 2716 loco.

108 2754 167 2799 cf.
188 2744 325 2792 Roth.
351 2757 396 2800 p.
418 2739 488 2782 36.
563 2735 634 2779 De
655 2732 906 2789 pervigiliis
934 2730 996 2772 ef.

109 2801 324 2863 Bottigeri
353 2797 531 2841 Sabina
552 2794 585 2836 l.
613 2790 769 2850 p.206.
793 2798 836 2831 et
857 2786 999 2846 p.232

110 2888 128 2912 ς
244 2854 516 2910 pervigilia,
550 2863 803 2908 quanquam
830 2862 899 2889 res
925 2861 1000 2888 sa-

109 2885 188 2971 clia
221 2917 304 2973 (ef.
335 2914 421 2958 An.
459 2910 526 2957 15,
551 2909 668 2963 44),
705 2922 742 2972 ‘a
774 2902 999 3003 corruptis

113 2971 376 3041 posterioris
413 2966 562 3010 aetatis
598 2964 803 3006 monbus
835 2976 906 3002 ma
928 2975 999 3026 am

111 3042 273 3085 famam
299 3025 521 3073 habebant
544 3022 735 3077 ideoque
770 3017 1001 3076 pervigilia

113 3105 158 3141 et
176 3082 470 3137 Bacchanalia
492 3092 747 3139 synonyma
772 3091 866 3118 esse
891 3089 1003 3119 coe-

115 3155 409 3262 peffissss‘tora.
466 3194 543 3240 sie
573 3193 676 3237 MS.
708 3187 863 3234 Gueif.
899 3187 1002 3231 edd.

116 3268 217 3311 Put.
245 3255 454 3305 Beroald.
486 3254 608 3307 (cum
641 3250 710 3292 sil.
733 3247 873 3301 Viet.)
901 3259 1002 3343 sqq.

122 3313 173 3362 ..ζ
198 3314 492 3376 promptiora
510 3306 646 3352 MSS.
665 3306 779 3348 Bud.
800 3306 909 3361 Agr.
935 3317 958 3344 e
993 3332 1004 3343 .

117 3382 147 3424 S
182 3381 234 3422 ir.
258 3402 316 3413 ..-
361 3369 614 3426 propriora
635 3364 736 3407 MS.
762 3361 845 3404 les.
914 3356 1005 3402 Sed

120 3397 179 3483 cii
219 3434 323 3483 An.F
346 3433 384 3479 1,
415 3427 487 3470 24.
530 3420 851 3466 contumaciae
890 3430 1004 3469 pro-

118 3497 299 3549 piores‚·
336 3487 379 3539 6,
400 3483 471 3527 42.
498 3492 758 3535 paucorum
788 3475 1003 3537 dominp-

124 3553 188 3594 cio
207 3548 359 3602 regiae
377 3539 554 3584 libidini
567 3535 767 3591 propior
787 3539 872 3575 est.
902 3528 1007 3571 Vnd.

125 3615 219 3651 not.
243 3601 419 3647 adnisi.
430 3597 470 3648 3,
481 3596 549 3639 65.
574 3592 670 3641 5‚2.
717 3590 871 3633 Germ.
885 3603 924 3630 c.
936 3586 1007 3627 45.

1063 2047 1139 2105 qui
1163 2063 1186 2089 e
1208 2046 1307 2089 MS.
1326 2045 1450 2089 Flor.
1473 2049 1539 2088 ad
1563 2046 1774 2093 restituit.
1834 2048 1953 2094 Edd-

1061 2103 1242 2204 Nilicyll.
1271 2103 1435 2159 (1557.)
1473 2111 1516 2146 et
1550 2102 1727 2164 Gryph.
1760 2105 1956 2150 retinent

1062 2179 1093 2206 a
1131 2193 1142 2204 .

1116 2219 1404 2275 procidet-at.
1474 2218 1577 2266 MS.
1611 2218 1750 2264 Corb.
1783 2221 1953 2263 cecide-

1063 2286 1159 2320 rat.

1124 2342 1169 2376 et
1190 2334 1266 2377 iis.
1326 2333 1408 2376 Ed.
1429 2332 1548 2391 Spir.
1573 2342 1618 2377 et
1642 2334 1729 2377 his,

1118 2398 1441 2435 conuenerant.
1520 2391 1721 2451 Intellige
1759 2391 1814 2434 ad
1853 2408 1956 2450 spe-

1066 2450 1278 2494 ctandum
1299 2448 1525 2491 ludicrum
1541 2458 1773 2493 certamen
1789 2449 1957 2495 luctan-

1067 2508 1112 2550 di
1153 2506 1328 2564 aliaque
1368 2504 1565 2558 ludicra,
1656 2522 1737 2548 uae
1770 2505 1847 2548 illa
1887 2505 1959 2550 die

1069 2564 1398 2623 praebebantur
1437 2523 1704 2620 spectanda3
1756 2578 1849 2605 non
1880 2573 1956 2607 tu-

1068 2621 1287 2668 multum,
1329 2619 1392 2662 uti
1414 2619 1645 2664 Ernestius
1678 2620 1859 2665 videtur
1890 2637 1962 2666 ac·

1071 2679 1251 2736 cepisse.
1314 2677 1353 2718 Is
1383 2676 1502 2719 enim
1537 2676 1695 2720 scribit
1723 2677 1771 2719 in
1803 2693 1852 2720 re
1883 2678 1961 2722 tali

1070 2746 1113 2780 et
1138 2736 1279 2778 subita
1298 2732 1399 2776 lieri
1420 2749 1695 2777 concursum
1709 2733 1962 2788 hominum,

1070 2799 1382 2837 convenerant
1402 2791 1656 2848 languidius
1681 2808 1788 2836 esse.

1127 2863 1336 2906 diductis.
1376 2859 1450 2903 Sic
1463 2859 1559 2904 edd.
1572 2858 1689 2918 Spir.
1703 2856 1825 2917 Lips'.
1835 2858 1963 2906 Pieh.

1072 2921 1206 2965 Grut.
1232 2933 1329 2976 sqq.
1353 2942 1407 2950 -
1459 2918 1667 2961 deductis
1689 2917 1826 2962 MSS.
1847 2917 1963 2963 Bud.

1072 2977 1223 3022 Guelf.
1255 2974 1376 3019 Harl.
1418 2973 1670 3018 Bodl..Ies.
1713 2975 1815 3018 edd.
1854 2974 1960 3019 Put.

1072 3034 1280 3079 Beroald.
1321 3030 1547 3088 (cumbsil.
1584 3031 1726 3087 Vict.)
1770 3047 1820 3090 sq
1855 3065 1866 3076 .
1908 3033 1964 3076 ad

1073 3091 1212 3150 Lipsii
1249 3089 1458 3148 primam.
1528 3088 1586 3132 ef.
1618 3087 1727 3132 infr.
1761 3091 1802 3141 4,
1823 3048 1872 3133 ἓ.
1909 3105 1966 3132 ea

1076 3150 1192 3194 ultio
1216 3180 1226 3191 .
1242 3179 1251 3190 .
1268 3180 1278 3190 .
1299 3154 1523 3189 senatum
1538 3145 1586 3189 in
1599 3148 1756 3190 studia
1770 3147 1965 3190 diduxe-

1075 3215 1167 3252 rat.
1228 3203 1332 3246 Vid.
1357 3210 1452 3246 not.
1476 3203 1531 3247 ad
1554 3203 1643 3247 An.
1666 3207 1708 3253 2,
1732 3207 1800 3249 11.

1134 3279 1184 3319 in
1211 3274 1465 3329 perniciem
1498 3275 1806 3319 auxiliorum.
1882 3275 1966 3320 Ed.

1078 3337 1109 3379 S
1142 3336 1197 3377 ir.
1228 3337 1250 3375 ῖ
1273 3332 1465 3395 pernitig
1495 3333 1878 3377 auxiliariorum.
1911 3357 1968 3367 —-

1077 3352 1186 3436 Nfox
1239 3389 1393 3432 eadem
1449 3390 1827 3432 conclamantum
1881 3405 1966 3449 pro

1078 3450 1437 3493 conclamatum.
1864 3472 1874 3479 ·

1136 3515 1509 3570 sollicitudinem.
1581 3514 1657 3559 Sic
1685 3513 1789 3557 MS.
1817 3512 1968 3558 Guelf.

1081 3578 1180 3620 edd.
1219 3574 1336 3631 Spir.
1371 3571 1472 3615 Put.
1514 3587 1612 3630 sqq.
1651 3579 1693 3614 et
1727 3589 1749 3613 e
1780 3579 1968 3615 recentt.

1317 3630 1459 3688 02
