2138 4030
171 213 223 249 A.
239 208 390 251 0.,823.

143 255 224 304 uA.
241 254 299 310 C.
320 244 388 290 ³70⁴.

596 210 884 274 LIB.11.
953 207 1150 274 CAP.
1186 213 1289 274 41.
1318 216 1428 277 42.

1771 270 1790 277 r
1820 222 1933 278 181

78 345 209 401 alii:
277 340 535 401 incertus
592 342 859 418 undique
919 342 1142 398 clamor
1208 345 1606 414 currentium,
1665 350 1932 406 'vocitan-

74 429 248 486 tium:
307 440 374 486 et
416 437 484 486 ut
534 427 747 503 cuique
801 421 1046 483 audacia
1083 427 1180 483 vel
1217 428 1504 498 formid0‚
1572 431 1636 484 in
1676 433 1930 506 primam

70 525 497 595 postremamve
524 512 706 569 aciem
730 511 1199 586 prorumpebant
1225 523 1328 569 aut
1353 514 1786 576 relabebantur.

240 651 431 722 XLII.
473 647 773 710 Attonitas
798 651 994 708 subito
1023 662 1246 708 terrore
1274 662 1502 706 mentes
1536 651 1750 708 falsum
1787 664 1930 726 gaut-

70 741 234 798 dium
256 740 339 810 in
372 740 721 813 languorem
757 736 962 806 vertit,
1004 735 1250 812 repertis
1285 736 1390 812 qui
1427 736 1736 793 descivisse
1761 757 1794 794 a
1821 738 1931 794 Vi-

69 960 271 1003 lancium
299 956 590 1003 consentiunt
614 954 750 1001 MSS.
776 957 964 1000 Farnes.

69 1017 176 1075 Reg.
206 1015 348 1066 ¹Corb.
400 1038 459 1048 -
525 1016 729 1057 incertus
767 1014 967 1070 undique

66 1077 251 1117 clamor
279 1075 616 1116 accurrentium
630 1086 640 1112 z
673 1087 711 1113 *c
723 1073 779 1114 la
793 1087 840 1112 m
855 1088 885 1113 a
898 1086 929 1112 n
942 1095 966 1104 -

68 1133 364 1186 tiumque:
398 1137 444 1172 et
475 1136 527 1170 ut
557 1131 712 1183 cuique
740 1136 828 1171 ete.
863 1128 966 1170 edd.

68 1189 175 1233 Put.
191 1185 414 1244 Meg-V.
436 1186 541 1233 Alc.
602 1186 839 1228 consentit
861 1183 966 1228 MS.

69 1245 296 1289 Bodl.‘—
362 1243 446 1288 Ed.
473 1242 678 1286 Beroald.
714 1243 966 1284 clamitan-

68 1299 291 1359 numque:
348 1300 650 1346 Consentiunt
681 1299 817 1342 MSS.
840 1297 965 1342 Harl.

69 1360 154 1404 les.
200 1357 356 1411 ΘΜ.
410 1381 464 1392 -
539 1357 779 1417 Rhenanus
827 1355 968 1399 edidit

64 1417 374 1460 clamantium
402 1413 543 1458 deleta
575 1413 739 1470 copula
769 1429 884 1470 que,
922 1420 966 1457 et

68 1475 133 1518 sic
162 1466 289 1517 iuh‘et
310 1473 413 1516 MS.
439 1472 555 1514 Bud.
615 1470 818 1514 Rhenani
849 1469 964 1514 scri-

68 1540 201 1590 ptura
238 1530 416 1574 duravit
442 1544 585 1588 *usque
620 1528 673 1570 ad
706 1527 965 1577 Pichenam‚

66 1588 145 1647 qui
187 1587 314 1631 iussit
354 1587 488 1630 scribi
533 1588 836 1627 vocitantium
878 1601 963 1642 pro

66 1645 390 1688 clamantium.
450 1643 634 1686 Viderat
659 1641 780 1685 enim
812 1642 963 1696 inepte

67 1704 154 1747 diei
189 1705 368 1754 clamor
390 1702 700 1744 clamantium
723 1708 769 1742 et
790 1700 839 1743 in
857 1700 962 1742 MS.

66 1760 192 1804 Flor.
215 1771 314 1803 esse
330 1759 630 1802 uomantium
644 1789 655 1805 ‚
687 1764 736 1798 ut
758 1757 804 1800 in
818 1754 964 1799 Vatic.

66 1825 164 1861 test.
175 1816 343 1874 Lipsio.
379 1815 471 1860 sed
486 1815 539 1857 de
552 1815 653 1857 MS.
671 1813 966 1859 Flor.⁴'deinde

67 1874 156 1919 Iac.
186 1873 450 1917 Gronovius
485 1871 807 1915 accuratiorem
839 1886 963 1912 nun-

67 1934 182 1975 tium
219 1930 394 1974 attulit:
444 1928 530 1986 legi
571 1929 632 1971 ibi
672 1928 962 1971 currentium

67 1990 376 2032 clamantium
397 1993 451 2029 ut
471 1987 630 2042 cuique
651 1986 855 2029 audacia
878 1991 964 2027 etc.

65 2062 92 2092 a
115 2046 452 2112 primamanu:
505 2043 608 2085 dein
642 2058 776 2099 super
809 2050 959 2084 trans-

66 2103 160 2147 fixis
182 2102 326 2145 tribus
349 2100 580 2158 prioribus
602 2101 728 2146 verbi
750 2101 961 2141 claman-

67 2163 182 2202 tium
235 2158 394 2203 litteris
448 2166 704 2201 correctum
762 2171 837 2199 u0.
902 2182 962 2192 --

65 2215 266 2274 Ryckius
295 2232 319 2258 e
342 2214 444 2258 MS.
469 2215 578 2272 Agr.
608 2214 767 2257 edidit:
809 2215 959 2256 incer-

67 2284 146 2318 tus
166 2274 366 2330 undique
385 2275 587 2327 clamor,
617 2272 960 2314 accurrentium

0 2332 4 2335 ’
55 2332 448 2387 »νὀἷίεαηιίιιιηᾳαε
464 2345 478 2372 .·
523 2338 575 2371 ut
596 2330 760 2386 cuique
785 2337 872 2372 etc.
902 2350 954 2360 -·

67 2388 155 2433 lac.
181 2387 388 2433 Gronov.
411 2387 589 2430 Ernest.
615 2387 744 2430 Brot.
775 2403 872 2444 sqq.
904 2384 969 2428 ad·

66 2446 289 2490 Pichenae
360 2444 631 2502 scripturam
712 2443 960 2490 redierunt,

67 2518 181 2560 quae
202 2502 426 2560 hodieque
447 2501 671 2561 vulgatur..
734 2500 899 2543 Verum
925 2499 961 2542 si

65 2562 243 2618 ineptus
289 2568 358 2603 >est
408 2561 586 2601 clamor
640 2559 959 2608 clamantium,

65 2634 160 2663 non
190 2616 444 2676 {elegantior
484 2624 604 2659 certe
644 2616 823 2662 videtur
867 2630 960 2657 esse

62 2677 244 2722 clamor
283 2673 602 2717 vocitantium.
677 2672 961 2715 Boxhornius

67 2731 262 2784 coniecit
281 2732 539 2773 vitantium
554 2764 566 2782 ,
593 2729 677 2774 Iac.
698 2729 961 2774 Gronovius

56 2790 358 2845 ‚morantium
378 2820 392 2839 ,
461 2787 640 2830 nemine
701 2787 957 2846 plaudente.

65 2846 190 2893 Mihi.
221 2861 379 2888 verum
416 2845 597 2890 videtur
634 2846 958 2888 volitantium:

66 2918 276 2961 nampro
300 2919 350 2945 ea
371 2903 590 2960 scriptura
612 2917 706 2945 non
727 2890 960 2944 soluni'sa·

0 2968 4 3021 L
65 2960 192 3004 ciunt
212 2959 341 3012 libri,
365 2960 441 3015 qui
464 2957 622 3002 mediis
646 2958 804 3002 litteris
827 2959 962 3002 omis-

65 3017 128 3064 sis
147 3017 261 3061 dant.
276 3017 564 3067 volantium,
593 3017 670 3058 sed
693 3017 826 3059 etiam
843 3025 962 3058 'cor-

66 3080 252 3131 ruptum
269 3073 381 3118 illud
402 3074 698 3116 uomantium
719 3088 858 3130 aeque
893 3071 962 3116 fa-

70 3132 157 3181 cile
188 3129 381 3176 vertitur
413 3130 461 3174 in
498 3131 796 3173 volitantium
828 3138 962 3188 atque

68 3191 116 3232 in
158 3189 472 3231 vocitantium.
551 3189 603 3232 V
599 3190 764 3232 olitare
813 3196 959 3231 autem

68 3246 182 3290 haud
241 3245 487 3288 absurdum
534 3254 608 3306 pst
656 3260 960 3302 synonymum

70 3303 192 3346 verbi
225 3304 528 3345 currentium.
588 3299 664 3358 Sic
694 3302 783 3345 An.
816 3304 882 3349 15,
917 3302 958 3344 9.

71 3362 167 3403 iam
189 3360 314 3403 enim
338 3359 546 3402 subiectis
578 3362 754 3413 campis
783 3374 962 3412 mag-na

71 3417 213 3471 Specie
232 3417 514 3470 volitabant,
538 3416 592 3458 de
605 3414 793 3460 Parthis.
823 3416 960 3460 Acce·

75 3474 186 3520 dunt
209 3474 488 3517 Caractaous
513 3476 601 3516 huc
625 3473 732 3515 illuc
763 3476 963 3515 volitans

75 3530 183 3584 (An.
201 3530 381 3586 12.84);
414 3531 740 3586 Inguiomerus
762 3537 859 3574 tota
882 3543 961 3573 vo—

1037 956 1181 997 litans
1211 955 1311 997 acie
1345 954 1453 1010 (An.
1483 955 1524 1006 2,
1556 954 1656 1012 203
1694 955 1932 1000 Rridates

1039 1015 1125 1055 hac
1145 1013 1256 1055 illuc
1279 1013 1609 1068 volitansmu.
1624 1013 1692 1062 13,
1708 1012 1805 1070 37);
1831 1017 1930 1057 Ar-

1039 1071 1209 1110 minius
1225 1084 1311 1119 per
1326 1070 1574 1113 Cheruscos
1596 1073 1800 1114 volitans
1820 1073 1928 1126 (An.

1041 1129 1078 1177 1,
1093 1127 1164 1182 59)
1181 1142 1193 1178 3
1220 1125 1333 1169 Hist.
1347 1127 1387 1177 2,
1402 1126 1472 1169 88.
1497 1127 1676 1170 tribuni
1686 1129 1930 1183 praefecti-

1038 1199 1126 1240 que
1142 1215 1153 1226 .
1169 1215 1181 1226 .
1195 1184 1471 1225 volitabant.
1518 1184 1606 1228 Sed
1629 1186 1710 1228 alia
1731 1186 1930 1243 quaestio

1039 1241 1184 1283 oritur
1215 1241 1268 1283 de
1300 1240 1461 1299 copula
1482 1248 1528 1285 et
1553 1250 1654 1285 ante
1680 1251 1730 1285 ut
1754 1244 1931 1300 cuique.

1037 1297 1101 1341 Ea
1132 1296 1249 1340 enim
1287 1299 1410 1341 abest
1442 1314 1466 1340 a
1495 1298 1630 1343 MSS.
1662 1299 1785 1343 Flor.
1819 1304 1931 1369 Agr.

1038 1355 1108 1398 ed.
1133 1355 1251 1412 spir.
1276 1363 1319 1398 et
1349 1355 1538 1399 fortasse
1572 1357 1625 1400 ab
1660 1356 1758 1400 aliis
1791 1359 1938 1409 libris.

1039 1428 1294 1470 quanquam
1329 1412 1384 1455 de
1416 1411 1499 1456 hac
1527 1429 1577 1456 re
1605 1422 1754 1456 tacent
1787 1415 1932 1459 inter-

1037 1478 1202 1529 preteS.
1281 1468 1400 1513 Hinc
1440 1470 1546 1516 licet
1586 1470 1816 1521 dubitare,
1872 1489 1930 1516 an

1036 1534 1158 1570 recte
1190 1526 1422 1585 hucusque
1455 1527 1543 1571 loci
1565 1536 1709 1585 partes
1735 1529 1932 1574 coniun-

1037 1593 1222 1642 gantur:
1248 1600 1351 1626 nam
1375 1583 1562 1628 fortasse
1583 1585 1743 1628 melius
1767 1587 1850 1630 erit
1872 1588 1931 1631 le-

1036 1657 1166 1698 gere:
1229 1642 1433 1684 incertus
1480 1643 1681 1698 undique
1724 1646 1928 1689 clamor:

1035 1716 1092 1741 ac
1114 1700 1420 1749 currentium,
1449 1700 1746 1743 volitantium
1769 1712 1822 1744 ut
1842 1706 1931 1746 cui·

1038 1771 1124 1812 que
1148 1764 1234 1799 etc.
1269 1764 1317 1797 ut
1339 1756 1400 1798 ita
1424 1756 1601 1813 genitivi
1625 1762 1927 1816 currentium,

1036 1814 1339 1855 volitantium
1372 1814 1592 1871 pendeant
1623 1830 1649 1857 e
1682 1831 1797 1861 voce
1830 1820 1929 1860 cui-

1035 1886 1136 1926 que.
1197 1870 1287 1912 Sed
1313 1870 1422 1913 haee
1442 1871 1683 1914 verborum
1705 1880 1930 1919 structura

1033 1927 1247 1971 audacior
1270 1927 1505 1970 videbitur.
1980 1968 1984 1969 γ

1086 1993 1458 2037 postremamve.
1528 1983 1605 2030 Sic
1636 1986 1738 2032 MS.
1773 1988 1928 2035 Guelf.

1033 2043 1134 2085 edd.
1169 2041 1286 2098 Spir.
1325 2041 1429 2085 Put.
1467 2041 1572 2085 Ber.
1617 2048 1744 2099 (cum
1782 2048 1928 2093 silent.

1031 2099 1242 2154 Victorii)
1274 2114 1373 2167 sqq:
1422 2127 1482 2136 --
1546 2109 1932 2161 postremamque

1032 2157 1165 2198 MSS.
1195 2156 1310 2200 ssud.
1336 2157 1504 2210 (sorb-²
1535 2160 1791 2219 pervulgari
1812 2179 1929 2207 ‘con-

1032 2212 1232 2256 fusione.

1087 2278 1171 2313 aut
1216 2272 1563 2316 relabebantur.

1031 2336 1115 2370 aut
1138 2329 1320 2384 reposui
1345 2344 1368 2371 e
1390 2330 1491 2373 MS.
1505 2331 1629 2375 Flor.
1657 2333 1772 2386 (test.
1791 2335 1930 2391 Vict.)

1033 2394 1075 2429 et
1099 2386 1171 2428 ed.
1195 2386 1317 2443 Spir.
1375 2386 1527 2445 Vulgo
1545 2390 1695 2433 edunt
1720 2394 1796 2433 vel
1824 2391 1928 2436 inde

1031 2460 1055 2486 a
1076 2443 1347 2488 Puteolano.
1402 2443 1490 2487 Sed
1519 2449 1593 2488 vel
1614 2463 1709 2489 non
1741 2458 1807 2490 est
1838 2448 1927 2493 hu·-

1032 2501 1101 2543 ius
1142 2501 1252 2543 loci.
1340 2502 1694 2556 Relabebantur
1731 2505 1928 2552 Pichena

1031 2556 1236 2600 attulit<e
1266 2558 1367 2602 MS.
1395 2557 1521 2603 Flor.
1605 2562 1690 2603 Sed
1728 2561 1926 2619 Ryckins

1030 2616 1077 2658 in
1115 2613 1356 2657 collatione
1388 2617 1473 2658 lac.
1501 2616 1724 2663 Gronovii
1759 2622 1927 2667 invenit

1030 2674 1356 2714 relebebantur
1396 2681 1442 2715 et
1482 2674 1710 2718 Victorius
1752 2677 1798 2720 in
1846 2679 1926 2723 illo

1031 2729 1188 2773 codice
1211 2729 1318 2772 vidit
1341 2731 1666 2780 relabebantur,
1690 2735 1811 2793 quod
1833 2737 1926 2795 ipse

1030 2787 1152 2829 iubet
1179 2787 1340 2845 corrigi
1362 2789 1708 2834 relabebantur.
1768 2792 1922 2839 Recte.

1029 2844 1146 2886 Nam
1172 2843 1354 2886 Tacitus
1384 2843 1455 2887 hie
1489 2845 1543 2888 de
1572 2847 1805 2893 ruentibus
1838 2852 1922 2894 mi-

1032 2902 1158 2944 litum
1193 2901 1334 2958 globis
1367 2901 1570 2959 loquitur
1604 2902 1655 2949 ut
1688 2907 1743 2949 de
1778 2910 1923 2951 unda-

1031 2975 1132 3001 rum
1162 2957 1395 3009 ssuctibus,
1445 2961 1522 3018 qui
1562 2960 1778 3007 dicuntur
1804 2981 1921 3020 pro-

1032 3016 1195 3069 rumpi
1213 3023 1256 3057 et
1275 3018 1439 3059 relabi.
1458 3031 1460 3034 ’
1493 3018 1550 3061 cf.
1573 3020 1730 3071 Aust,
1750 3022 1821 3068 57.
1855 3027 1923 3068 vis

1032 3088 1266 3129 aquarum
1287 3087 1626 3131 prorumpens;
1666 3070 1759 3124 vAn.
1786 3086 1824 3129 1,
1847 3081 1921 3127 76.

1030 3131 1248 3173 relabens
1271 3129 1479 3185 Tiberzln
1534 3134 1577 3182 2,
1605 3134 1676 3178 24.
1708 3141 1921 3181 relabens

1034 3194 1209 3230 aestus.
1296 3187 1385 3231 Sed
1467 3189 1538 3233 uia
1583 3193 1753 3237 codicis
1796 3196 1919 3241 Flor.

1033 3243 1250 3302 scriptura
1302 3260 1391 3288 una
1434 3205 1587 3291 ‘littera
1637 3250 1795 3296 debilis
1846 3262 1922 3305 est,

1032 3317 1126 3344 non
1179 3301 1321 3344 defuit
1362 3304 1438 3360 qui
1485 3305 1636 3350 mallet
1685 3311 1923 3354 emendare

1033 3360 1391 3408 revellebantur,
1422 3363 1544 3418 quod
1578 3372 1712 3409 exstat
1747 3367 1791 3409 in
1826 3368 1925 3411 aliis

1034 3416 1167 3458 MSS.
1191 3425 1233 3459 et
1260 3417 1362 3460 edd.
1388 3427 1496 3464 vett.

1095 3471 1206 3516 CAP.
1244 3475 1314 3519 42.
1375 3477 1420 3518 in
1464 3480 1756 3532 languorem.
1817 3481 1925 3530 MS.

1035 3529 1189 3574 Guelf.
1215 3532 1286 3575 ed.
1310 3533 1428 3590 Spir.
1454 3535 1504 3577 in
1525 3537 1783 3591 langorem.
1843 3538 1927 3586 Ea-

1653 2274 1925 2321 Particulam
1983 2296 1988 2299 -
