2138 4030
194 244 246 277 A.
263 239 417 276 Uuss‘flm

190 287 246 320 A.
267 283 315 320 C.
354 286 414 324 71.

670 243 842 306 LIB.
883 243 1001 305 IV:
1067 242 1262 306 CAP.
1303 245 1406 308 49.
1829 244 1955 307 429

108 377 498 434 tentaveritne
519 371 800 434 Pisonem
819 374 895 429 ad
919 393 1010 430 res
1033 393 1248 444 novas,
1287 394 1367 431 an
1390 378 1642 437 tentanti
1662 376 1958 446 restiterit,

107 461 428 530 incertum,
472 458 753 536 quoniam
785 469 1004 515 secreto
1030 479 1237 516 eorum
1266 479 1440 516 nemo
1469 462 1658 522 adfuit
1684 474 1740 520 et
1763 462 1956 524 occiso

98 544 321 605 ‚Pisone
344 545 614 621 >plerique
639 544 714 599 ad
737 543 981 616 gratiam
1006 544 1397 602 interfectoris
1421 546 1799 604 inclinavere.
1842 567 1954 604 nec

100 632 426 706 ambigit-ur
450 628 815 705 provinciam
832 631 900 685 'et
922 629 1171 685 militem
1196 630 1447 687 alienato
1477 652 1610 705 erga
1635 633 1954 707 Vespasia-

101 737 253 774 num
292 716 491 773 animo
522 714 728 770 fuisse:
783 724 840 769 et
865 713 1104 790 quidam
1132 735 1162 770 e
1186 714 1522 772 Vitellianis
1549 718 1696 774 urbe
1720 716 1957 791 profugi

103 802 476 860 ostentabant
513 798 720 855 Pisoni
759 809 1034 855 nutantes
1074 797 1326 870 Gallias,
1398 814 1662 876 paratam
1703 800 1956 859 Germ-a-
2008 861 2010 870 s
2054 862 2065 874 ,

102 888 298 956 niam,
350 885 613 960 >pericula
647 884 832 958 ipsius
851 895 916 940 ,et
940 885 1005 939 in
1033 905 1173 959 pace
1203 897 1466 960 suspecto
1488 887 1683 944 tutius
1704 887 1953 946 bellum.

104 970 269 1028 Inter
291 991 440 1047 quae
459 968 745 1027 Claudius
770 968 989 1042 Sagitta
1013 970 1335 1043 praefectus
1358 973 1491 1027 alae¹
1506 969 1782 1029 Petrinae
1811 991 1955 1045 pro-

96 1076 269 1131 sper-a
292 1056 664 1128 navigatione
690 1054 994 1128 praevenit
1005 1053 1310 1129 Papirium
1331 1058 1737 1116 centurionem
1757 1076 1790 1113 a
1809 1053 1955 1117 Mu-

103 1143 274 1198 ciano
300 1142 544 1197 missum
562 1139 1048 1214 adseveravitque
1071 1142 1348 1197 mandata
1370 1134 1766 1199 >interficiendi
1785 1139 1957 1198 Piso-

99 1227 197 1282 nis
224 1225 558 1286 centurioni
579 1226 729 1281 data.

103 1313 229 1368 eius
266 1331 682 1386 generumque.

818 1224 1090 1280 cecidisse
1118 1222 1506 1283 Galeria-num
1528 1227 1957 1286 consobrinum

765 1329 948 1366 unam
986 1309 1051 1363 in
1091 1311 1332 1367 audacia
1372 1332 1533 1386 spem
1572 1314 1798 1371 salutis:
1853 1311 1957 1371 sed

98 1399 221 1455 duo
251 1397 463 1454 itinera
489 1395 775 1464 audendi,
817 1414 918 1450 seu
941 1395 1143 1451 mallet
1177 1396 1371 1452 statim
1399 1417 1593 1467 arma,
1637 1418 1740 1456 seu
1772 1381 1955 1472 petita

101 1482 355 1538 navibus
375 1479 582 1537 Gallia
612 1481 820 1535 ducem
849 1498 908 1534 se
933 1476 1269 1536 Vitellianis
1293 1483 1642 1539 exercitibus
1679 1484 1957 1541 ostende-

100 1579 206 1626 ret.

98 1796 182 1838 sed
204 1809 285 1850 pro
308 1801 358 1836 et
375 1793 527 1836 ferunt
550 1791 849 1837 MSS.:Guelf.
867 1791 989 1838 Harl.

101 1851 234 1893 ssodt.
258 1852 340 1894 les.
375 1850 477 1893 edd.
505 1850 604 1895 Put.
633 1867 729 1908 sqq.
764 1851 818 1892 ad
844 1850 986 1908 Ryek.

101 1917 143 1950 et
174 1917 324 1965 postea
347 1908 445 1950 edd.
478 1909 567 1950 iac.
592 1907 817 1950 Gronovii
843 1917 884 1950 et
914 1908 989 1950 Er-

97 1966 242 2008 nestii.
275 1990 331 2000 --
390 1966 434 2006 sl
455 1965 554 2009 MS.
583 1966 695 2010 ssud.
738 1989 795 1997 —
853 1966 989 2008 Litte-

100 2039 194 2064 ram
228 2038 251 2064 s
278 2022 320 2065 hi
360 2022 463 2064 libri
499 2031 724 2066 traxerunt
755 2040 778 2065 e
811 2039 987 2079 praece-

99 2079 219 2121 denti
243 2081 491 2124 vocabulo:
520 2096 624 2123 nam
642 2080 891 2138 ,particulae
910 2083 991 2123 sed

95 2136 168 2181 hie
189 2153 279 2181 non
307 2146 369 2180 est
393 2136 535 2182 loeus.

152 2238 480 2281 tentaveritne.
557 2235 632 2282 Sic
675 2236 811 2281 MSS.
856 2239 984 2282 Flor.

93 2294 207 2346 (test.
234 2294 377 2350 Pich.)
411 2292 564 2339 Guelf.
591 2295 689 2339 edd.
713 2296 830 2353 Spir.
860 2297 988 2350 (baec

95 2351 419 2406 tvptaveritne)
463 2352 562 2396 Put.
603 2352 811 2396 Beroald.
859 2357 984 2404 (cuin

93 2408 237 2451 silent.
272 2408 407 2464 Viet.)
445 2409 547 2453 Alc.
584 2418 626 2452 et
665 2410 826 2452 deinde
861 2410 984 2454 Pich.

94 2465 312 2522 Bernegg.
336 2481 435 2524 sqq.
479 2490 536 2500 -
596 2469 848 2510 tentaritne
883 2468 984 2511 edd.

94 2521 236 2566 Rhen.
258 2523 363 2567 Ald.
386 2523 504 2582 Lips.
530 2524 718 2568 Gruter.

136 2624 368 2666 alienato.
446 2625 522 2669 Sic
553 2625 654 2668 MS.
689 2624 838 2668 Guelf.
882 2624 984 2668 edd.

90 2678 193 2722 Put.
205 2681 410 2727 Beroald.
435 2683 558 2738 (cum
578 2683 798 2740 sihviet.)
812 2700 912 2742 sqq.
931 2706 985 2717 --

91 2739 351 2783 alienatam
402 2739 506 2784 MS.
562 2741 670 2799 Reg.
734 2743 805 2786 ed.
866 2740 984 2798 Spir.

93 2793 210 2839 Haec
233 2798 416 2856 insuper
435 2798 607 2842 exhibet
630 2800 773 2842 milite
792 2815 877 2858 pro
899 2799 984 2840 mi-

90 2855 234 2896 litem.

145 2946 191 2980 et
215 2941 422 2995 quidam.
489 2940 572 2983 Ed.
598 2939 756 2984 Oberi.
783 2941 887 2984 vitio
916 2948 981 2998 ty-

89 3010 215 3053 pogr.
245 3005 291 3038 et
322 3000 530 3053 quidem,
570 3000 693 3056 quod
726 2998 901 3042 transiit
935 3000 1002 3042 in·

88 3050 159 3096 ed.
180 3054 384 3098 Nandeti.

145 3145 382 3182 nutantes.
441 3139 542 3183 MS.
570 3138 724 3182 Guelf.
751 3141 976 3184 nutantis.

89 3194 209 3237 Idem
235 3204 335 3238 ante
355 3198 566 3250 pericula
584 3197 705 3241 addit
725 3206 784 3240 et.

143 3284 188 3321 et
218 3279 264 3319 1⁰12
290 3294 407 3332 pace
440 3289 665 3336 suspecto.
726 3282 790 3324 Ita
823 3281 976 3326 locum

86 3335 262 3392 corrige
283 3351 306 3378 e
328 3339 695 3394 praestantissima
718 3339 975 3383 coniectura

86 3390 322 3444 victorii..
344 3409 476 3449 quam
514 3397 701 3453 praeivit
724 3397 826 3439 cod.
851 3397 975 3441 Flor.

86 3447 131 3487 in
160 3463 248 3505 quo
274 3449 455 3507 legiturz
486 3461 532 3495 et
552 3456 599 3495 in
616 3469 732 3507 pace
751 3463 972 3508 suscepto.

85 3503 188 3549 MS.
217 3506 326 3565 ling.
371 3516 415 3550 et
455 3511 504 3552 in
538 3526 653 3563 pace
693 3519 972 3564 susceptum.

84 3559 165 3607 Ed.
190 3563 304 3621 Spir.
329 3572 373 3611 el
396 3568 445 3610 in
461 3582 578 3622 pace
607 3572 819 3623 suscepit.
882 3570 973 3614 Sci-

291 1562 461 1625 Nihil
491 1566 563 1623 ad
592 1585 656 1622 ea
693 1575 853 1634 moto
880 1562 1096 1620 Pisone
1132 1567 1397 1623 centurio
1431 1588 1464 1623 a
1489 1566 1773 1626 Muciano
1810 1567 1969 1646 mis-⁴

1059 1796 1165 1841 licet
1205 1796 1271 1840 illi
1309 1797 1410 1842 libri
1446 1815 1629 1856 operam
1666 1798 1775 1846 dant
1809 1800 1957 1844 corri-

1061 1855 1227 1914 gendae
1260 1855 1505 1912 scripturae
1529 1857 1838 1910 florentinae,
1876 1858 1956 1901 sed

1059 1928 1217 1972 parum
1248 1911 1453 1957 feliciter.
1513 1914 1663 1958 Aliam
1686 1915 1956 1959 emendandi

1060 1971 1177 2014 viam
1217 1970 1415 2013 inierunt
1452 1971 1587 2014 ceteri
1623 1971 1824 2024 codices,
1876 1973 1957 2031 qui

1060 2028 1235 2071 ferunt:
1267 2035 1311 2069 ec
1337 2028 1387 2068 in
1404 2043 1521 2082 pace
1545 2036 1778 2082 suspecta.
1836 2030 1953 2074 Nam

1061 2088 1121 2127 ita
1153 2085 1254 2127 MS.
1285 2083 1430 2129 Guelf.
1470 2086 1569 2128 edd.
1599 2085 1703 2134 Put.
1738 2102 1838 2145 sqq.
1893 2088 1956 2131 At

1059 2145 1172 2187 bene
1223 2141 1436 2185 viderunt
1485 2143 1706 2193 Faernus,
1766 2145 1955 2190 Grotius

1057 2199 1222 2256 aliique
1242 2199 1287 2242 in
1311 2199 1395 2242 hae
1417 2201 1636 2259 scriptura
1661 2204 1954 2261 praepositio·

1060 2274 1162 2302 neni
1196 2258 1242 2299 in
1274 2273 1366 2299 esse
1397 2257 1735 2304 inconcinnam.
1798 2260 1953 2317 Quave

1059 2315 1322 2358 deleverunt
1343 2330 1439 2356 earn
1462 2315 1719 2373 lssipontini:
1759 2317 1955 2362 restituit

1060 2371 1332 2422 Oberlinus,
1368 2380 1410 2413 et
1433 2374 1552 2415 bona
1576 2374 1692 2417 haud
1719 2376 1851 2419 dubie
1874 2383 1951 2427 est,

1057 2429 1093 2472 si
1117 2428 1269 2473 locum
1293 2428 1401 2486 legis
1429 2445 1452 2472 e
1476 2432 1690 2476 sententia
1715 2433 1919 2479 Victorii.

1114 2515 1223 2554 alae
1252 2511 1488 2557 Petrae'nae.
1562 2515 1662 2559 MS.
1694 2516 1804 2576 Reg.
1843 2523 1954 2565 aloe

1051 2577 1303 2625 paternae.
1356 2569 1439 2613 Ed.
1453 2571 1569 2630 Spir.
1590 2575 1700 2617 ulae
1711 2585 1923 2644 peterng.

1113 2670 1145 2696 a
1174 2652 1386 2696 Muciano
1414 2656 1628 2701 missum.
1700 2661 1802 2705 MS.
1832 2662 1951 2709 Bud.

1057 2714 1309 2758 omissum,
1367 2719 1553 2755 attracta
1599 2715 1754 2762 ultima
1802 2719 1952 2767 littera

1055 2768 1363 2826 praecedentis
1395 2771 1621 2816 vocabuli.
1680 2774 1806 2824 Idem
1834 2778 1952 2823 iiber

1056 2828 1238 2868 cessisse
1265 2842 1346 2883 pro
1366 2829 1573 2872 cecidisse
1587 2863 1598 2879 ,
1627 2834 1749 2878 unde
1770 2833 1949 2881 Rhena-

1056 2900 1139 2926 nus
1175 2883 1369 2926 coniecit
1401 2900 1560 2928 caesos
1590 2902 1705 2934 esse.
1761 2889 1851 2936 Sed
1881 2893 1945 2939 ef.

1055 2958 1094 2985 e.
1119 2941 1187 2983 51.
1212 2941 1425 2984 cecidisse
1451 2943 1707 2991 Vitellium.

1111 3027 1453 3070 consobrinum.
1514 3027 1596 3073 Ed.
1623 3025 1744 3089 Spir.
1775 3050 1944 3080 oonsu-

1053 3085 1259 3127 brz'num.
1318 3083 1426 3125 Mox
1450 3089 1648 3130 audacia
1677 3106 1761 3147 pro
1786 3098 1944 3146 auda-

1049 3143 1122 3183 cia
1154 3149 1195 3183 et
1227 3140 1460 3184 audiendi
1487 3159 1570 3200 pro
1603 3151 1819 3192 audendi.
1880 3151 1942 3196 cf.

1049 3205 1143 3241 not.
1177 3198 1232 3240 ad
1267 3197 1378 3241 nist.
1412 3202 1448 3251 1,
1482 3200 1526 3254 6.
1595 3202 1697 3250 MS.
1729 3207 1812 3255 les.
1846 3224 1942 3252 una

1048 3272 1129 3314 pro
1153 3270 1318 3298 unam.

1105 3342 1388 3384 ostenderet.
1447 3341 1551 3386 MS.
1582 3345 1618 3387 A
1677 3380 1689 3391 .
1724 3347 1792 3394 ed.
1815 3346 1940 3416 spir.

1045 3404 1318 3440 ostentaret.
1376 3399 1486 3442 Mox
1510 3400 1613 3445 MS.
1674 3404 1745 3446 ud.
1772 3407 1939 3451 omittit

1044 3472 1075 3497 a
1097 3462 1196 3496 ante
1217 3453 1452 3508 Muciano,
1481 3458 1746 3518 volebatque
1768 3462 1941 3506 Rhena-

1045 3524 1127 3554 nus
1159 3527 1253 3554 eam
1287 3515 1668 3571 praepositionem
1707 3520 1936 3572 amoveri:

1044 3570 1119 3613 sed
1141 3584 1302 3626 operae
1322 3570 1513 3615 feliciter
1535 3587 1627 3616 non
1649 3585 1908 3631 paruerunt.
