2138 4030
1718 248 1775 350 ἕξ
1789 265 1847 348 ¹0¹:
1855 267 1946 351 ⁸³1&

183 268 307 347 364
747 265 1446 361 HISTORIARUM

355 397 433 461 II.
474 397 708 464 Nomen
743 398 1057 477 sedemque
1093 396 1357 457 Caesaris
1382 398 1762 459 Domitianus
1795 422 2030 479 aecepe-

181 495 299 542 rat:
343 485 615 543 nondum
643 486 719 543 ad
744 504 911 543 curas
946 483 1208 564 intentus
1243 484 1345 542 sed
1386 485 1603 562 stupris
1635 497 1692 544 et
1725 486 2030 546 adulteriis

181 569 370 627 filium
394 570 678 647 principis
704 564 926 644 agebat.
1012 566 1381 626 Praefectura
1410 568 1702 628 Praetorii
1721 592 1900 648 penes
1910 567 2031 630 Ar-

182 654 342 713 rium
371 652 625 714 Varum:
682 672 910 732 summa
946 653 1242 729 potentiae
1275 654 1340 711 in
1372 652 1576 713 Primo
1609 651 1896 727 Antonio,
1980 657 2032 714 is

181 740 492 816 pecuniam
535 739 939 815 familiamque
976 758 1007 794 e
1045 738 1331 814 principis
1367 740 1544 798 domo
1584 742 1752 818 quasi
1786 739 2032 813 Cremo-

181 846 423 882 nensem
446 825 724 903 praedam
749 843 984 899 rapere:
1029 822 1205 881 ceteri
1228 824 1514 883 modestia
1539 827 1635 884 vel
1658 826 2032 900 ignobilitate

184 922 252 968 ut
273 911 338 966 in
362 911 520 968 bello
544 909 781 967 obscuri
802 909 884 965 ita
903 908 1302 984 praemiorum
1325 923 1598 986 experteS.
1683 909 1906 970 Civitas
1926 933 2033 988 pa-

130 1042 136 1049 .
181 996 322 1053 vida
350 1008 406 1054 et
430 994 668 1053 servitio
703 1005 907 1071 parata
941 994 1217 1069 occupari
1249 994 1595 1053 redeuntem
1618 993 1942 1056 Tarracina
1961 996 2032 1055 L.

181 1079 494 1139 Vitellium
541 1099 687 1140 *cum
740 1074 1082 1136 cohortibus
1139 1079 1544 1158 exstinguique
1597 1081 1825 1160 reliqua
1887 1081 2034 1141 belli

181 1166 536 1245 postulabat.
595 1164 903 1241 praemissi
916 1159 1181 1220 Ariciam
1205 1165 1453 1240 equites:
1499 1185 1710 1240 agmen
1732 1166 2034 1242 legionum

179 1253 337 1308 intra
366 1248 631 1306 Bovillas
670 1249 846 1306 stetit.
927 1246 1052 1305 Nec
1088 1261 1390 1306 cunctatus
1427 1262 1512 1309 est
1543 1249 1820 1310 Vitellius
1856 1271 2031 1329 seque

178 1348 237 1394 et
258 1333 527 1394 cohortes
555 1317 801 1394 arbitrio
827 1334 1067 1391 victoris
1095 1335 1451 1410 permittere.
1539 1346 1596 1393 et
1628 1337 1800 1395 miles
1831 1336 2035 1393 infeli-

180 1525 349 1584 species
381 1532 425 1569 et
444 1525 594 1570 forma
614 1532 767 1585 captae
790 1525 939 1577 urbis,
978 1539 1074 1568 non
1142 1527 1226 1568 sed
1246 1523 1489 1583 incipiente
1509 1523 1795 1583 intelligatur.
1835 1524 1894 1571 cf.
1913 1540 2036 1583 supr.

179 1584 380 1627 fortuna.
395 1583 423 1606 ''
488 1585 553 1628 At
578 1583 812 1640 fortunae
844 1590 949 1626 sunt
980 1597 1075 1641 spe·
1147 1584 1188 1631 1,
1211 1582 1281 1626 83.
1311 1598 1456 1638 neque
1487 1590 1538 1625 ut
1556 1583 1770 1625 animum
1794 1585 1861 1625 ad
1882 1583 2037 1625 virtu-

181 1641 273 1685 cies
319 1649 364 1684 et
396 1640 567 1685 formae
607 1641 804 1700 singulae
844 1639 1075 1684 fortunae.
1146 1648 1240 1683 tem
1281 1643 1560 1683 cohortarer
1607 1641 1708 1695 (int.
1747 1640 1898 1698 veni),
1947 1642 2036 1683 sed

180 1698 243 1743 cf.
266 1698 458 1743 Phaedr.
479 1700 523 1748 4,
547 1699 616 1751 16,
635 1701 676 1743 1.
705 1699 822 1742 Cum
843 1701 901 1740 de
912 1699 1074 1755 sortu-

178 1756 257 1799 nis
287 1757 475 1813 quidam
508 1764 779 1814 quereretur
807 1757 917 1799 suis.
978 1753 1076 1797 Cic.

178 1829 264 1872 pro
290 1814 424 1857 Rosc.
450 1815 509 1859 A.
538 1829 578 1858 c.
602 1813 676 1858 20.
710 1822 764 1856 ut
790 1821 960 1869 postea
987 1826 1072 1853 ne-

178 1873 352 1915 minem
373 1874 521 1915 alium
543 1873 638 1916 nisi
640 1871 875 1928 fortunas
895 1877 1076 1914 vestras

179 1942 405 1972 accusare
429 1930 636 1985 possitis.
694 1928 762 1971 Id.
786 1937 889 1986 post
910 1927 1004 1970 red.
1025 1926 1074 1968 in

180 1995 338 2029 senatu
354 2002 393 2030 c.
407 1989 476 2030 14.
490 1990 639 2030 bonos
654 1988 778 2029 viros
794 1988 955 2040 lugere
974 1999 1074 2026 ma·

180 2045 250 2086 lui
271 2059 403 2087 meas
420 2045 655 2100 fortunas
688 2058 829 2100 quam
865 2042 963 2086 suis
994 2043 1075 2083 de-

177 2114 384 2157 sperare.
407 2103 589 2145 Tacitus
601 2115 715 2149 voce
724 2100 957 2157 fortunae
975 2099 1074 2141 bre-

174 2161 289 2208 viter
311 2158 501 2203 absolvit
522 2159 643 2202 illius
668 2157 798 2202 faciei
817 2155 1075 2212 descriptio-

176 2234 310 2268 nem,
349 2225 400 2260 ut
431 2217 650 2259 sententia
679 2216 758 2258 sit:
800 2216 963 2269 ubique
996 2216 1072 2255 la-

178 2283 366 2327 menta,
433 2275 826 2317 conclamationes
866 2280 910 2313 et
955 2284 1073 2326 quae

175 2342 285 2378 sunt
306 2334 500 2389 formae
523 2335 756 2375 adversae
774 2329 1004 2386 fortunae
1026 2328 1074 2369 in

181 2391 451 2447 captivitate
495 2390 639 2432 urbis.
722 2387 813 2431 Pro
856 2384 1075 2429 emenda-

178 2450 305 2493 tione
345 2448 518 2504 forma
569 2445 835 2497 adferuntur
874 2439 1074 2500 exempla

180 2506 296 2551 Hist.
349 2507 392 2556 3,
442 2504 513 2547 28.
579 2505 715 2547 varia
772 2501 1074 2558 pereuntium

169 2565 341 2622 sorma
353 2582 368 2616 ;
415 2562 482 2606 lb.
510 2577 548 2607 c.
571 2560 645 2606 83.
669 2575 816 2604 saeva
838 2574 893 2601 ac
919 2556 1077 2614 defor-

183 2624 274 2666 mis
308 2622 420 2666 urbe
451 2627 551 2663 tota
567 2618 737 2676 facies.
795 2615 885 2659 Sed
909 2615 984 2658 hic
1005 2614 1078 2658 lo·-

185 2696 264 2725 cus
319 2679 399 2722 illa
448 2676 698 2720 mutatione
749 2690 843 2718 non
893 2672 1080 2728 indiget,

183 2751 440 2796 quanquam
491 2732 782 2778 notissimum
829 2738 894 2774 est
950 2745 1079 2788 saepe

184 2793 428 2853 permutari
450 2793 498 2836 in
519 2791 660 2836 MSS.
681 2788 901 2836 voeabula
909 2788 1079 2844 forma

186 2860 229 2895 et
247 2854 466 2910 fortuna.
531 2848 591 2893 cf.
614 2846 841 2892 Schaeser.
875 2845 930 2888 ad
963 2844 1080 2887 Plin.

186 2924 255 2966 ep.
270 2910 310 2961 3,
325 2910 368 2952 3.
397 2935 458 2945 --
512 2907 624 2950 Mox
641 2904 947 2949 animadverte
968 2917 1078 2959 syn-

174 2982 355 3025 onyma
379 2969 540 3009 turbas
573 2971 618 3006 et
648 2962 935 3008 discordias,
971 2973 1079 3014 pax

183 3030 228 3068 et
251 3025 394 3080 quies.
433 3023 491 3066 cf.
513 3020 648 3065 Roth.
671 3037 716 3079 p.
738 3019 780 3068 9.

247 3081 360 3127 CAP.
379 3081 422 3126 2.
460 3082 668 3122 nondum
691 3081 756 3120 ad
774 3090 909 3121 curas
927 3077 1080 3118 inten-

191 3148 284 3184 tus.
364 3136 598 3180 Ernestius
642 3134 699 3179 ad
742 3134 788 3178 h.
826 3133 857 3178 l.
901 3131 1080 3176 scribitz

191 3193 326 3254 „Qui
355 3201 519 3238 attente
545 3193 658 3237 haec
688 3191 827 3251 leget,
872 3188 1080 3234 animad-

191 3259 337 3301 vertet
359 3250 526 3309 aliquid
558 3266 675 3298 esse,
715 3249 838 3307 quod
870 3247 1078 3290 offendat.

191 3310 434 3357 Constaret
454 3307 622 3358 oratio,
647 3307 683 3351 si
703 3315 817 3350 esset
833 3318 981 3360 agens
998 3318 1081 3362 pro

193 3371 389 3425 agebat,
421 3371 497 3409 aut
518 3366 628 3412 sed,
659 3365 781 3421 quod
807 3372 871 3407 est
895 3368 996 3433 post
1016 3362 1082 3404 in·

195 3433 376 3478 tentus,
416 3428 517 3466 ante
551 3420 815 3464 nondum.'’
881 3418 1085 3462 ballitur.

192 3483 307 3528 Nam
331 3479 514 3525 Tacitus
542 3493 566 3521 e
589 3491 667 3521 sua
691 3477 869 3521 dicendi
891 3492 1083 3522 consue-

191 3539 348 3586 tudine
384 3537 432 3582 in
472 3535 639 3603 protasi
675 3535 879 3592 negativa
920 3533 1088 3577 omittit

199 3598 386 3644 verbum
421 3595 624 3647 finitum,
671 3601 722 3637 ut
760 3608 809 3635 ex
842 3589 1028 3650 apodosi
1063 3606 1087 3634 a

1145 1698 1254 1741 vem'
1274 1705 1357 1742 ete.
1414 1697 1480 1741 Ita
1512 1696 1587 1741 hic
1615 1699 1831 1745 nondum
1862 1701 1928 1740 ad
1955 1713 2035 1740 cu-

1145 1769 1227 1798 ras
1248 1755 1455 1798 intentus
1481 1755 1651 1798 dietum
1677 1762 1742 1798 est
1767 1769 1848 1812 pro
1869 1770 1964 1798 non
1986 1761 2037 1798 ut

1142 1811 1233 1855 iam
1267 1813 1321 1855 ad
1354 1827 1484 1855 curas
1510 1812 1709 1855 intentus
1739 1811 1875 1855 fuerit
1903 1820 2037 1869 atque

1143 1869 1204 1912 ita
1227 1867 1370 1912 filium
1395 1868 1612 1928 principis
1636 1869 1800 1927 egerit,
1839 1869 1918 1914 sed
1947 1877 2037 1912 stu·

1177 1926 1239 1970 ris
1272 1935 1358 1970 etc.
1418 1926 1521 1970 Vid.
1558 1935 1601 1971 et
1633 1933 1730 1970 not.
1759 1925 1815 1970 ad
1846 1941 1887 1970 c.
1907 1925 1950 1970 4.
1977 1935 2037 1963 -’-

1144 1943 1257 2027 K‘on
1297 1983 1367 2027 ed.
1403 1983 1521 2043 Spir.
1555 1983 1689 2028 habet
1717 1984 1918 2040 stt-apris
1951 1999 2036 2042 pro

1144 2044 1340 2093 stupris.

1206 2113 1407 2155 Varum.
1478 2110 1581 2155 MS.
1621 2110 1772 2156 Guelf.
1793 2112 2036 2157 Varium.

1144 2169 1230 2212 Ed.
1254 2169 1374 2227 Spir.
1401 2170 1630 2212 Varrum.
1662 2170 1720 2213 cf.
1744 2177 1842 2214 not.
1866 2169 1921 2213 ad
1944 2170 2037 2220 An.

1145 2226 1214 2275 13,
1236 2226 1278 2269 9.
1337 2226 1450 2272 Hist.
1470 2226 1514 2276 3,
1534 2226 1577 2269 6.
1614 2227 1679 2271 16.
1700 2227 1774 2270 61.

1201 2298 1447 2341 modestia.
1535 2297 1638 2343 Hoc
1689 2297 1813 2342 deest
1863 2297 1911 2342 in
1962 2298 2035 2344 ed.

1142 2355 1260 2415 Spir.
1432 2400 1450 2409 ,

1198 2433 1376 2482 parata
1406 2426 1624 2480 occupari
1653 2432 1740 2469 etc.
1797 2421 2040 2469 Rhenanus

1147 2499 1171 2527 e
1224 2483 1325 2533 cod,
1374 2482 1493 2526 Bud.
1545 2481 1742 2526 ediderat
1802 2496 2041 2538 occupare.

1147 2541 1320 2599 Lipsius
1350 2555 1455 2584 ann.
1482 2539 1605 2583 1574.
1629 2539 1821 2583 restituit
1839 2548 2040 2585 veterem

1147 2600 1358 2643 formam.
1451 2599 1568 2642 Ante
1609 2597 1875 2640 Rhenanam
1913 2596 2040 2640 fuere

1150 2656 1227 2714 qui
1249 2656 1364 2699 male
1397 2655 1724 2712 coniungerent
1750 2661 1930 2709 parata
1960 2667 2042 2696 oc-

1086 2736 1091 2746 «
1150 2713 1337 2769 captari,
1367 2716 1659 2756 redeuntem.
1716 2710 1800 2753 Ed.
1822 2710 1942 2770 Spir.
1965 2725 2039 2754 oe-

1148 2770 1325 2825 cupari.
1382 2771 1675 2814 Redeuntem
1697 2775 1783 2812 etc.

1209 2853 1489 2896 Tarracina.
1550 2852 1628 2897 Sic
1657 2851 1759 2896 edd.
1781 2850 1885 2907 Pus.
1909 2850 1975 2896 Μ.
1999 2859 2042 2895 et

1151 2913 1208 2954 V.
1234 2910 1335 2954 Ber.
1373 2918 1497 2967 (cum
1520 2910 1666 2955 silent.
1690 2909 1834 2966 Vict.)
1856 2924 1955 2967 sqq.
1983 2932 2042 2945 -·

1151 2969 1390 3012 Taracina
1419 2968 1491 3011 ed.
1514 2967 1545 3011 S
1579 2968 1631 3012 ir.
1664 2991 1721 3002 —
1781 2966 2042 3011 Terracina

1152 3024 1254 3070 MS.
1270 3024 1425 3068 Guelf.
1458 3025 1519 3071 ef.
1586 3026 1655 3070 ast.
1676 3024 1718 3076 s,
1736 3024 1777 3068 2.
1799 3024 1871 3067 60.
1884 3023 1956 3081 76.
1983 3051 2042 3061 .-

1151 3097 1265 3197 gllplir
1298 3096 1370 3140 ed.
1401 3095 1518 3154 Spir.
1557 3094 1772 3151 extingui
1801 3083 1840 3154 ᾇ
1876 3094 2045 3151 reliqui

1183 3170 1205 3197 e
1243 3171 1271 3197 ι.

1151 3227 1491 3327 baptis-tutabat.
1502 3220 1505 3221 ⁷
1547 3222 1650 3268 MS.
1682 3215 2042 3282 Agrffpostula-

1211 3300 1241 3326 n
1267 3315 1278 3326 .

1210 3357 1437 3401 Ariciam.
1507 3354 1583 3399 Sic
1614 3352 1717 3397 MS.
1748 3349 1898 3411 Guelf.
1938 3351 2041 3396 edd.

1152 3414 1258 3458 Put.
1282 3414 1352 3456 M.
1374 3420 1415 3456 et
1442 3411 1498 3456 V.
1518 3410 1725 3454 Beroald.
1747 3410 1876 3465 ³(cum
1898 3408 2044 3454 silent.

1154 3473 1293 3527 Vict.)
1319 3485 1416 3528 sqq.
1448 3494 1503 3505 —
1561 3466 1752 3514 Ανίίαηί
1769 3464 1967 3525 ed.Spir.
1983 3493 2044 3504 —

1155 3529 1352 3574 Arriani
1382 3527 1486 3572 MS.
1522 3524 1687 3569 Corb.‘
1716 3546 1773 3558 --
1839 3522 2049 3569 Aridum·

1157 3586 1259 3632 MS.
1277 3585 1393 3631 Bud.
1424 3608 1481 3621 —·-
1538 3582 1743 3628 Ariticzm
1764 3576 1869 3626 MS.
1889 3579 1978 3626 les.

2103 3566 2138 3590 l..
