2138 4030
1855 7 1857 16 1
1896 5 1949 41 ..κγ’

1937 159 1965 199 {04

1732 262 1790 300 Α.
1800 260 1951 301 ulma

1733 307 1790 344 A.
1806 305 1853 344 C.
1879 310 1948 345 π’.

181 262 306 324 428
753 242 1461 322 msromARuM

184 412 363 470 supra
385 391 680 468 repetiero·
697 391 780 448 ab
799 390 977 450 initio
996 391 1304 467 causisque
1323 393 1532 450 talium
1555 394 1886 456 facinorum
1907 404 2037 476 35⁰¹*

183 479 457 537 absurda.
550 475 734 550 Legio
781 477 848 531 in
883 472 1083 533 Africa
1125 476 1457 554 auxiliaque
1497 482 1759 539 tutandis
1779 484 2036 560 imperii,

180 561 400 621 finibus
426 562 542 619 sub>
563 562 700 619 divo
715 556 980 634 Augusto
999 559 1362 637 Tiberioque
1386 563 1754 639 principibus
1775 572 2029 644 procont-

181 650 299 707 suli
336 649 636 724 parebant.

178 737 387 792 lanum
427 733 792 789 obtinentem
818 727 1083 787 Africam
1116 743 1384 788 metuens
1411 735 1672 816 ablatam=
1687 740 2032 814 proconsuli·

177 821 474 894 legionem
515 817 695 874 misso
738 816 804 870 in
848 812 976 871 eam
1011 836 1138 871 rem
1177 817 1374 889 legato·
1404 820 1664 877 tradidit.
1749 835 2033 900 aequatus

178 907 336 964 inter
379 905 527 960 duos
577 900 997 957 beneficiorum
1042 921 1327 958 numerus
1377 913 1432 960 et
1477 905 1674 963 mixtis
1721 910 2031 986 utriusque

175 989 471 1049 mandatis
511 986 801 1044 discordia
835 986 1096 1062 quaesita
1135 997 1418 1063 auctaque
1462 1010 1644 1063 pravo
1694 995 2027 1067 certamine.

176 1078 504 1150 legatorum
529 1071 620 1126 vis
645 1071 903 1127 adolevit
928 1071 1315 1128 diuturnitate
1343 1073 1522 1129 officii
1549 1077 1643 1131 vel
1667 1079 1807 1152 quia
1829 1075 2032 1136 mino*-

177 1163 344 1219 ribus
375 1158 566 1214 maior
599 1157 938 1212 aemulandi
964 1177 1128 1213 cura:
1173 1159 1592 1232 proconsulum
1624 1163 2028 1235 splendidissi-

174 1267 307 1304 mus
351 1243 610 1323 quisque>
643 1242 941 1298 securitati
985 1242 1170 1316 magis
1205 1263 1383 1319 quam
1424 1246 1722 1319 potentiae
1757 1250 2029 1306 consule..

173 1335 336 1392 bant.

339 1412 560 1472 XLIX.
605 1411 721 1470 Sed
758 1423 885 1468 tum
922 1411 1214 1486 legionem
1254 1413 1316 1467 in
1352 1411 1556 1471 Africa·
1588 1419 1823 1490 regebat
1848 1416 2028 1475 Vale·-

122 1492 127 1500 Α
172 1502 298 1560 rius
324 1499 532 1557 Festus
570 1510 944 1572 sumptuosae
980 1499 1628 1577 adolescentiae-neque
1664 1504 1894 1560 modica
1921 1525 2024 1561 cu-

169 1588 339 1665 piens
365 1597 421 1644 et
449 1584 747 1642 adfinitate
775 1581 1003 1639 Vitellii
1027 1583 1253 1642 anxius,
1330 1584 1378 1639 is
1405 1587 1627 1642 crebris
1653 1589 2023 1646 sermonibus

721 667 858 701 mox
887 643 954 702 C.
978 643 1193 702 Caesar
1214 647 1488 705 turbidus
1513 650 1699 708 animi
1725 674 1792 710 ac
1817 652 1904 710 Μ.
1932 653 2031 712 Si..
2057 678 2061 684 ¹

166 1815 271 1854 tur,
299 1799 532 1847 emendat:
566 1818 707 1860 quam
728 1811 893 1858 potero
915 1801 1063 1843 veris-

167 1863 289 1907 sime
324 1859 575 1914 expediam
603 1861 673 1906 vel
708 1876 851 1916 quam
889 1862 1062 1901 bremis-

167 1919 308 1969 szffie,
349 1917 470 1975 quod
494 1917 838 1961 Strombeekius
869 1917 1061 1965 omnino

163 1979 384 2036 scriptore
413 1974 591 2032 dignius
625 1992 719 2019 esse
750 1983 914 2019 censet.
975 1974 1058 2017 Ne-

165 2051 252 2094 que
286 2043 435 2077 tamen
471 2034 623 2085 video,
666 2033 773 2075 (uid
805 2033 851 2075 in
879 2031 1059 2089 vulgata

164 2094 387 2150 scriptura
432 2106 527 2132 non
569 2091 626 2133 sit
669 2050 855 2147 dignum
899 2091 1055 2131 eodem

159 2152 409 2207 scriptore.⁴
448 2147 654 2206 Namque
678 2149 722 2190 in
747 2147 824 2190 tali
849 2155 1058 2189 contextu

163 2207 328 2254 veritas
375 2221 467 2247 non
514 2206 760 2263 opponitur
804 2203 1057 2252 mendacio,

164 2265 242 2309 sed
279 2264 518 2306 verissime
551 2270 617 2305 est
654 2278 734 2305 am
778 2264 1057 2314 riclztt‘gstem

162 2321 430 2368 iustissime,
459 2319 502 2363 h.
528 2335 568 2363 e.
591 2318 651 2362 ita
674 2329 722 2362 ut
744 2318 889 2361 lector
913 2319 1056 2362 iustis·

103 2426 104 2429 ,
162 2381 323 2426 simam
346 2379 400 2421 de
421 2393 470 2420 re
494 2377 649 2420 haheat
667 2377 916 2420 historiam.

218 2426 368 2493 sabra
386 2438 630 2490 repetiero.
688 2434 765 2478 Sic
787 2433 884 2476 edd.
899 2432 1058 2477 Oberl.

162 2511 262 2555 sqq.
297 2511 320 2538 e
348 2492 611 2538 coniectura
644 2491 851 2534 Rhenani
885 2499 925 2534 et
953 2491 1056 2533 Mu-

161 2557 336 2599 reti.--
364 2565 513 2606 supra
526 2551 706 2605 petiero
718 2549 856 2592 MSS.
882 2557 924 2592 et
945 2557 1054 2592 vett.

163 2612 408 2660 editiones,
448 2608 655 2665 absorpta
691 2607 857 2667 syllaba
892 2621 945 2649 re
978 2623 1055 2663 per

161 2667 428 2714 antecedens
461 2665 749 2710 vocabulum.
809 2664 923 2707 Nam
960 2664 1054 2706 ubi-

163 2743 251 2786 que
281 2725 447 2768 Noster
479 2723 535 2765 in·
557 2721 632 2765 tali
666 2729 876 2765 contextu
917 2722 1056 2765 utitur

161 2786 306 2828 verbo
327 2789 551 2836 repetere.
602 2780 661 2825 cf.
682 2780 772 2823 An.
800 2779 870 2828 15,
890 2780 959 2822 72.
991 2779 1056 2831 16,

163 2843 234 2886 18.
293 2841 403 2883 Hist.
425 2839 468 2887 2,
490 2838 562 2880 27.

220 2899 387 2941 talium
447 2896 737 2953 facinorum.
840 2894 1056 2953 Agnosco

124 2948 133 2953 χ
163 2955 393 3011 enallagen
431 2953 634 3002 numeri,
677 2961 728 2995 ut
750 2951 806 3006 sit
834 2969 920 3011 pro
947 2954 1058 2995 talis

148 3013 401 3070 facinoris.

116 3114 120 3119 ,
177 3063 179 3066 ,
218 3071 287 3115 M.
301 3069 534 3112 Silanum.
596 3066 674 3110 Sic
694 3066 797 3111 edd.
820 3065 954 3124 Lipsii
978 3083 1055 3124 po-

161 3127 396 3177 saeviores,
426 3125 551 3167 Picb.
575 3140 672 3183 sqq.
704 3152 763 3162 --
818 3125 881 3167 M.
905 3124 1056 3179 Sylla-

163 3200 278 3231 num
301 3184 405 3227 MS.
427 3181 576 3225 Guelf.
607 3182 708 3224 edd.
738 3182 841 3230 Put,
867 3198 968 3240 sqq.
1000 3181 1053 3224 ad

162 3243 362 3302 Lipsium
393 3243 516 3294 (cum
543 3239 718 3282 silentio
742 3239 966 3295 Victorii).
998 3266 1057 3275 ...-

162 3303 232 3346 M.
259 3295 506 3346 Sullanum
540 3296 606 3339 ed.
639 3296 773 3354 Lipsii
806 3297 964 3355 prima.
997 3319 1054 3329 —-

158 3357 521 3414 M'Syllam'um
567 3354 638 3396 ed.
669 3354 789 3411 Spir.
838 3379 895 3389 -
963 3353 1053 3397 Dio

162 3417 231 3469 59,
242 3417 314 3459 20.
339 3429 422 3473 pro
443 3410 600 3456 Silano
622 3413 750 3467 ponit
770 3412 817 3455 L.
838 3411 1059 3455 Pisonem·

163 3474 252 3519 Cu.
291 3471 468 3516 Pisonis
514 3474 557 3511 et
600 3467 842 3512 Plancinae
894 3470 1053 3518 filium,

163 3531 239 3588 qui
265 3526 429 3590 consul·
443 3525 530 3570 fuit
551 3541 657 3570 cum
676 3525 859 3569 Nerone
881 3527 968 3570 Au.
988 3526 1055 3578 13,

163 3590 235 3641 31.
270 3598 316 3637 et,
343 3586 468 3634 euius
501 3582 619 3628 filius
651 3592 715 3627 est
749 3582 799 3627 L.
831 3582 937 3627 Piso
974 3583 1052 3629 ille

1137 1809 1248 1844 tunc
1268 1801 1312 1844 in
1338 1803 1490 1847 Africa
1514 1805 1790 1851 interfectus.
1820 1806 1880 1852 cf.
1902 1806 2022 1852 Plin.

1136 1874 1208 1917 ep.
1227 1859 1268 1908 3,
1289 1861 1329 1902 7.

1190 1919 1487 1962 obtinentem.
1546 1919 1630 1962 Ed.
1653 1921 1772 1980 Spir.
1810 1923 2018 1978 optineri·-

1132 1982 1244 2017 tem.
1303 1975 1471 2019 Eadem
1493 1994 1593 2019 mox
1613 1980 1821 2022 oblatam
1845 1997 1926 2039 pro
1947 1985 2024 2025 ab·

1128 2035 1296 2076 latam.

1185 2091 1524 2146 beneficiorum.
1618 2093 1668 2137 ll.
1721 2110 1760 2138 e.
1812 2095 2021 2141 locorum

1128 2146 1414 2199 militarium,
1449 2159 1494 2191 ut
1520 2151 1860 2203 centurionum,
1901 2171 2023 2211 prae·

1127 2203 1351 2246 sectorum
1377 2214 1461 2248 etc.
1496 2207 1755 2252 cf.Suelon.
1772 2209 1875 2254 Tib.
1896 2228 1936 2254 c.
1955 2214 2021 2255 12.

1123 2276 1207 2316 per
1229 2266 1455 2317 quosdam
1478 2265 1683 2317 beneficii
1698 2269 1774 2310 sui
1791 2271 2020 2311 centurio·

1126 2333 1228 2362 nes.
1282 2317 1401 2419 lVid.
1441 2320 1562 2378 Lips.
1596 2321 1772 2367 Ernest.
1816 2333 1859 2368 et
1891 2325 2022 2370 Brot.

1129 2375 1183 2418 ad
1213 2376 1256 2420 h.
1303 2408 1314 2418 .

1182 2441 1413 2489 auctaque
1448 2449 1608 2488 pravo<
1635 2440 1904 2483 certamine.
1959 2444 2021 2484 le-

1125 2499 1347 2543 gatorum
1369 2500 1450 2535 etc.
1497 2492 1561 2535 Ita
1582 2494 1733 2538 locum
1756 2501 1848 2539 esse
1867 2497 2021 2541 distin·

1127 2548 1353 2604 guendum
1379 2549 1591 2594 docuerat
1610 2552 1641 2595 l.
1657 2552 1732 2595 Fr.
1746 2552 2021 2603 Gronovius.

1126 2605 1372 2663 Adoptavit
1398 2623 1493 2649 eam
1519 2609 1739 2652 rationem
1765 2611 1961 2680 Ryckius
1997 2633 2021 2658 e

1127 2662 1354 2729 cod-Agr.
1377 2673 1417 2707 et
1437 2665 1504 2707 ed.
1522 2666 1635 2724 Spir.
1670 2690 1727 2700 ——
1786 2669 1898 2713 [add.
1915 2671 2018 2716 Put.

1127 2735 1223 2777 sqq.
1240 2729 1583 2788 interpungunt:
1605 2733 1844 2782 auctaque.
1866 2726 2021 2773 Pravo

1126 2785 1382 2821 cet-camme
1405 2788 1489 2822 etc.

1183 2837 1268 2878 vis.
1325 2835 1400 2879 Sic
1423 2837 1558 2880 MSS.
1581 2837 1731 2884 Guelf.
1748 2842 1870 2887 Harl.
1887 2844 2019 2890 Bodl.

1126 2890 1211 2934 Ies.
1250 2893 1351 2938 edd.
1378 2894 1475 2951 Bip.
1502 2894 1660 2939 Oberl.
1686 2914 1785 2958 sqq.
1830 2920 1884 2934 —·-
1945 2904 2021 2947 ius

1127 2947 1229 2991 MS.
1253 2950 1368 2994 Bud.
1403 2952 1503 2995 edd.
1532 2953 1652 3010 Spir.
1678 2955 1779 3001 Put.
1805 2959 1877 3002 M:
1893 2968 1934 3002 et
1961 2962 2017 3005 V.

1125 3005 1337 3050 Beroald.
1378 3013 1504 3063 (cum
1547 3010 1696 3056 silent.
1738 3015 1874 3072 vict.)
1917 3033 2016 3076 sqq.

1127 3063 1357 3122 Disputari
1393 3075 1539 3126 potest
1571 3069 1617 3111 in
1654 3079 1888 3130 utramque
1920 3090 2017 3134 par·

1125 3129 1236 3166 tem.

1184 3180 1298 3224 CAP.
1332 3178 1404 3223 49.
1464 3184 1664 3237 regebat.
1725 3186 1826 3230 MS.
1861 3186 2016 3235 Guels.

1126 3251 1180 3280 re
1205 3238 1380 3292 (ceteris
1402 3239 1580 3298 syllabis
1601 3240 1852 3301 neglectis).

1181 3299 1380 3350 cupiens.
1442 3298 1517 3341 Sic
1539 3299 1638 3343 edd.
1653 3290 1771 3358 Spir.
1795 3301 1897 3346 Put.
1920 3319 2018 3361 sqq.

1127 3366 1230 3394 cum
1265 3353 1440 3396 silentio
1476 3354 1685 3401 Victorii.
1731 3382 1791 3394 --
1852 3363 2016 3414 cupido

1125 3409 1263 3454 MSS.
1285 3409 1435 3455 Guels.
1459 3411 1583 3456 Harl.
1607 3414 1738 3461 Bodl.
1762 3415 1840 3458 les.
1861 3416 1976 3462 Bud.

1184 3474 1230 3510 et
1273 3470 1532 3522 adfinitate.
1610 3470 1688 3515 Sic
1718 3471 1851 3516 MSS.
1888 3475 1926 3518 F
1929 3474 2014 3521 lor.

1125 3527 1244 3580 (test.
1281 3525 1420 3582 Vici.)
1461 3527 1573 3584 Reg.
1606 3527 1716 3586 Agr.
1755 3529 1858 3572 edd.
1892 3531 2011 3590 Spir-

1124 3581 1268 3642 Ryck.
1311 3583 1436 3628 Brot.
1481 3585 1575 3644 Rip.
1619 3584 1776 3632 Oberl.
1817 3603 1915 3648 nqq.
1955 3611 2013 3630 ...ι

2125 3666 2138 3676 a

2103 3679 2127 3692 A
