2138 4030
1713 256 1765 292 A.
1783 254 1837 291 13.
1857 256 1947 296 823.

1712 299 1766 334 A.
1787 296 1835 335 C.
1867 301 1945 335 70.

176 254 296 314 198
721 214 1448 317 'HISTORIARUM

176 381 518 459 compescit.
578 383 717 442 dein
741 383 1072 440 mobilitate
1098 383 1322 456 ingenii
1335 419 1365 454 ,κ
1395 384 1556 460 quod
1584 387 1781 461 palam
1806 390 2034 450 abnue-

176 480 296 537 rat,
336 467 492 523 inter
517 474 733 526 secreta
758 468 1021 525 convivii
1041 467 1318 540 largitur,
1361 464 1797 548 honoravitque
1809 473 2033 534 Asiati-

176 573 311 610 cum
343 551 578 610 annulis
594 598 612 623 ,
662 554 902 611 foedum
929 552 1290 627 mancipium
1315 565 1371 611 et
1392 554 1565 611 malis
1591 556 1816 615 artibus
1842 562 2034 635 ambi-

176 641 414 698 tiosum.
1713 645 1717 649 ’
1968 643 1970 645 ’

344 720 568 783 LVIII.
613 721 830 780 Iisdem
867 722 1076 779 diebus
1102 724 1403 780 accessisse
1429 725 1698 799 partibus
1722 739 2033 806 utramque
2080 741 2092 745 χ

175 804 614 865 Mauretaniam
654 808 970 889 interfecto*
999 819 1380 883 procuratore
1418 807 1659 873 Albino
1688 813 1886 871 nuntii
1929 836 2035 872 ve-

174 906 334 951 nere.
428 890 683 961 Luceius
721 889 997 959 Albinus
1024 913 1057 950 a
1103 890 1339 950 Nerone
1380 892 1788 955 Mauretaniae
1821 896 2035 957 Caesa-

175 977 359 1034 riensi
382 978 749 1053 praepositus
777 978 978 1035 addita
1002 997 1108 1054 per
1135 976 1390 1034 Galbam
1408 978 1762 1054 Tingitanae
1786 984 2035 1058 provin-

174 1063 296 1120 ciae
347 1063 858 1120 administratione
912 1058 1075 1120 haud
1127 1063 1476 1138 spernendis
1524 1065 1757 1124 viribus
1808 1071 2034 1142 agebat.

175 1147 554 1221 undeviginti
587 1142 891 1218 cohorteS‚
947 1148 1212 1225 quinque
1242 1149 1404 1218 alae,
1447 1149 1655 1222 ingens
1677 1150 2034 1213 Maurorum

121 1265 134 1280 ·
174 1252 459 1289 numerus
485 1233 717 1302 aderat,
766 1253 872 1308 per
893 1233 1203 1290 latrocinia
1230 1245 1287 1290 et
1309 1245 1510 1308 raptus
1544 1247 1678 1310 apta
1710 1236 1869 1294 bello
1906 1259 2036 1297 ma-

170 1338 305 1377 nus.
391 1337 553 1373 caeso
584 1315 776 1374 Galba
814 1318 878 1374 in
902 1314 1209 1374 Othonem
1246 1338 1474 1394 pronus
1496 1340 1622 1376 ,nee
1643 1319 1847 1379 Africa
1889 1344 2036 1381 con-

112 1413 117 1423 ‘
173 1414 371 1460 tentus
421 1399 745 1478 Hispaniae
793 1415 1038 1476 angusto
1089 1404 1238 1459 freto
1292 1404 1616 1480 diremptae
1645 1405 2038 1471 {immineban

173 1488 315 1544 inde
342 1483 557 1544 Cluvio
583 1486 748 1546 Rufo
776 1500 966 1545 metus
982 1534 1000 1558 ‚
1052 1500 1109 1545 et
1133 1490 1439 1545 decumam
1465 1490 1758 1563 legionem
1783 1495 2035 1570 propin-

173 1591 356 1650 quare
387 1572 551 1629 litori
580 1583 648 1630 ut
676 1574 1126 1631 transmissurus
1149 1574 1343 1630 iussit:
1395 1575 1701 1648 praemissi
1735 1579 2037 1638 centurio—

174 1678 309 1727 neS‚
365 1657 469 1733 qui
506 1655 859 1715 Maurorum
897 1659 1128 1715 animos
1158 1657 1400 1715 Vitellio
1442 1660 1844 1723 conciliarent.
1928 1683 2035 1720 ne-

173 1764 287 1822 que
309 1745 562 1801 arduum
582 1743 696 1800 fuit
715 1762 926 1817 magna
953 1764 1060 1820 per
1082 1744 1420 1821 provincias
1445 1742 1792 1804 Germanici
1813 1750 2032 1811 exerci-

229 1946 485 1998 compescz't.
573 1944 650 1989 Sic
690 1945 825 1989 MSS.
878 1952 922 1989 et
963 1945 1065 1989 edd.

171 2014 274 2049 ante
310 2004 604 2055 Rhenanum‚
645 2005 719 2061 qui
758 2021 779 2046 e
812 2004 910 2048 MS.
947 2004 1066 2048 Eud.

171 2061 400 2105 invexerat
455 2062 745 2113 compescuit.
833 2061 1066 2104 Ernestius

171 2127 364 2172 veterem
415 2116 610 2161 formam
663 2119 869 2161 restituit
960 2118 1064 2162 MS.

171 2176 285 2233 Agr.
311 2183 411 2218 aute
448 2178 692 2230 compescit
727 2175 849 2219 addit
879 2176 910 2218 i.
945 2179 1066 2229 peti-

171 2234 369 2282 tionem,
421 2233 546 2291 quod
584 2243 649 2276 est
689 2234 908 2290 glossema
950 2233 1068 2277 vocis

169 2292 510 2346 adulationem.

1197 1948 1384 1991 Albino.
1462 1948 1565 1992 MS.
1605 1948 1730 1992 Flor.
1779 1957 1880 1994 test.
1913 1950 2033 1995 Vict.

1136 2005 1326 2048 Alaina.
1399 2004 1524 2048 Idem
1571 2005 1683 2048 liber
1723 2014 1831 2049 teste
1873 2009 2036 2052 eodem

1140 2063 1437 2115 Tangitanae
1464 2079 1545 2120 pro
1570 2063 1872 2117 Tc'ngltanae.
1932 2066 2035 2110 MS}

1141 2119 1291 2163 Guelf.
1326 2119 1624 2173 ngisnane,
1671 2129 1714 2163 et
1744 2138 1785 2164 c.
1813 2122 1882 2166 59.
1917 2123 2037 2166 Tin-

1140 2179 1349 2232 gintana.
2021 2196 2023 2199 ·

1199 2233 1488 2288 undeviginti
1505 2236 1732 2280 cohortes.
1761 2234 1898 2285 MSS.
1911 2237 2034 2282 FIor.

1141 2292 1255 2344 (test.
1270 2290 1397 2334 Pich.
1420 2299 1462 2333 et
1483 2291 1744 2349 lac.Gron.)
1767 2291 1878 2353 Reg.
1895 2294 2034 2340 corb.

229 2362 339 2404 dein
370 2361 645 2405 mobilitate.
717 2362 800 2406 Ed.
831 2362 952 2420 Spir.
993 2361 1070 2405 De

173 2419 448 2520 Ξιξῗίιόἑίἰιέξιιε.
515 2419 619 2466 MS.
653 2418 807 2463 Guelf.
840 2422 946 2463 dein
974 2434 1069 2463 no-

231 2550 583 2606 honoravitque.
651 2543 755 2593 MS.
784 2549 911 2593 Flor.
958 2556 1069 2592 teste

176 2604 215 2643 V
218 2605 379 2649 ietorio
401 2608 715 2663 oneravitque,
738 2607 857 2664 quod
883 2622 978 2650 non
1004 2613 1068 2648 est

174 2663 496 2719 spernendum.
581 2663 666 2706 Vix
712 2663 915 2712 abstineo
955 2663 1067 2722 quin

171 2719 218 2763 in
245 2719 395 2763 locum
420 2721 650 2780 recipiam.
710 2721 772 2770 cf.
797 2737 924 2779 supr.
946 2723 984 2771 1,
995 2720 1065 2763 25.

170 2781 321 2831 pretio
361 2786 405 2821 et
434 2779 680 2831 promissis
713 2786 896 2824 onerat.
965 2777 1067 2822 MS.

175 2832 327 2879 Guelf.
358 2840 648 2893 ornavitque.

233 2909 437 2950 annulis.
496 2906 573 2952 Sic
593 2907 689 2954 MS.
703 2905 856 2951 Guelf.
880 2922 904 2950 a
924 2905 1069 2964 prima

176 2979 312 3009 mauu
347 2971 389 3006 et
418 2963 488 3007 ed.
513 2965 634 3023 Spir.
666 2993 726 3003 --
782 2965 939 3007 anulis
962 2962 1066 3006 MS·

174 3020 325 3066 Guelf.
353 3038 375 3062 a
396 3024 590 3064 secunda
617 3038 756 3066 manu
777 3030 819 3066 et
842 3021 941 3065 edd.
963 3020 1069 3064 Put.

172 3096 273 3138 sqq.
304 3078 359 3121 cf.
386 3087 476 3122 not.
500 3078 554 3122 ad
581 3079 673 3126 An.
697 3074 742 3131 2,
766 3079 812 3125 2.

234 3148 343 3192 CAP.
392 3147 459 3190 68.
530 3149 726 3193 Iisdem.
811 3148 896 3193 Ed.
947 3146 1069 3205 Spir-

173 3206 384 3252 Hisdem.

233 3277 498 3321 accessisse.
559 3275 660 3338 BIS.
695 3271 847 3321 Guel'f.
887 3279 1068 3323 absces-

176 3351 308 3380 szsse.

234 3405 608 3449 Mauretaniam.
690 3404 765 3448 Sic
806 3404 905 3448 MS.
945 3404 1069 3453 Flor.

178 3466 292 3518 (test.
309 3463 445 3515 Vict.)
469 3462 568 3505 edd.
586 3462 703 3519 Lips.
727 3478 823 3561 sqg.
845 3487 902 3496 --
935 3461 1070 3503 Mou-

175 3522 407 3564 ritaniam
430 3518 694 3563 MS.Guelf.
719 3520 772 3566 ed
809 3553 817 3561 .
839 3527 938 3561 ante
952 3518 1071 3577 Lips.

177 3579 235 3626 cs.
262 3586 353 3622 not.
376 3577 429 3620 ad
455 3580 493 3626 l,
518 3579 586 3624 ll.

1145 2349 1256 2391 und.
1281 2348 1320 2392 A
1356 2363 1390 2391 r.
1415 2345 1482 2390 e'd.
1509 2348 1628 2405 Spir.
1658 2352 1820 2393 decem
1851 2367 2034 2397 novem.

1142 2404 1278 2450 MSS.
1353 2405 1443 2448 erl.
1484 2405 1620 2450 Bodl.
1660 2406 1743 2450 les.
1789 2409 1887 2454 edd.
1930 2409 2036 2455 Pur.

1140 2475 1399 2535 praeferunt
1413 2464 1601 2521 J‘i—V'Hl‘l.
1638 2476 1687 2520 In
1704 2477 1805 2521 cod.
1820 2469 2038 2527 GuelfJV.

1141 2533 1314 2581 excidit.
1373 2533 1623 2578 Beroaldus
1646 2539 1888 2592 operarum
1913 2538 2039 2589 vitio,

1139 2612 1189 2651 ut
1211 2602 1408 2652 videtur,
1432 2604 1742 2654 deditxwtt,
1770 2607 1846 2664 qui
1871 2623 2039 2652 nume-

1140 2677 1218 2704 rus
1260 2667 1530 2724 propagatus
1573 2670 1636 2706 est
1674 2661 1722 2708 in
1762 2665 2038 2723 posteriores

1141 2718 1378 2764 editiones,
1430 2717 1647 2784 ‘Ryckius
1681 2736 1838 2766 verum
1881 2739 2037 2769 nume·

1140 2792 1240 2820 rum
1263 2785 1477 2832 reposuit.
1691 2795 1697 2801 ·
1982 2825 1987 2831 .

1198 2835 1246 2876 in
1274 2831 1513 2882 Othonem
1540 2848 1731 2887 pronus.
1787 2835 1852 2880 Ex
1885 2853 2039 2887 emen-

1141 2889 1322 2939 datione
1337 2888 1564 2944 Rhenani,
1595 2907 1730 2949 quam
1754 2892 1857 2939 dein
1878 2910 2038 2944 omues

1140 2948 1336 2990 editores
1394 2948 1719 3006 probaverunt.
1805 2950 1943 3003 MSS,-
1993 2962 2042 2999 et

1141 3003 1244 3050 edd.
1294 3013 1395 3053 ante
1437 3004 1706 3053 Rhenanum'
1754 3008 1803 3052 in
1855 3008 2038 3060 Othone

1135 3075 1339 3118 pronus,
1392 3062 1477 3105 nisi
1518 3063 1641 3121 quod
1683 3063 1730 3107 in
1775 3065 1875 3115 cod.
1906 3066 2035 3112 Harl.

1142 3118 1336 3163 secunda
1378 3135 1545 3163 manus·
1580 3121 1767 3166 mutavit
1803 3125 1855 3168 iae
1894 3123 2037 3170 Olbov

1142 3191 1269 3218 nem.
1519 3216 1522 3221 ,
1696 3214 1698 3218 ,
1959 3195 1974 3217 ·,

1205 3234 1380 3276 Cluvio.
1461 3234 1540 3280 Sic
1584 3235 1687 3280 MS.
1729 3234 1886 3282 Guelf.
1935 3237 2040 3284 edd·

1144 3290 1286 3333 Rhen.
1330 3306 1429 3349 sqq.
1471 3314 1532 3335 -.-
1600 3295 1742 3338 Cttmb
1783 3295 1885 3340 edds
1903 3295 2037 3355 „Spir-

1143 3348 1245 3394 Put.
1271 3347 1341 3390 M.
1358 3356 1417 3401 „et
1440 3348 1495 3393 V.
1519 3349 1622 3394 Ber.
1656 3356 1779 3406 (eum
1805 3351 1877 3400 sil,
1898 3350 2037 3410 Vic‘t.)

1143 3404 1247 3451 Ale.
1309 3405 1394 3448 sed
1420 3405 1480 3449 cf.
1506 3409 1543 3458 l,
1565 3407 1607 3451 8.
1646 3408 1865 3467 Ed.Spir.‚
1883 3409 2038 3467 Ruffo,

1144 3462 1206 3505 uti
1229 3461 1358 3505 solet.
1401 3463 1507 3507 Mox
1531 3465 1683 3508 eadem
1706 3464 1870 3523 pergite
1893 3482 2036 3523 quar-

1146 3527 1246 3560 tam
1269 3527 1314 3561 et
1334 3522 1566 3564 decimam
1589 3523 1814 3576 legionem
1838 3523 1922 3582 pro
1945 3541 2038 3573 me*

1146 3585 1242 3620 tus:
1276 3585 1320 3619 ee
1342 3581 1590 3622 decumam
1609 3582 1851 3635 legionem.
