2138 4030
239 232 320 288 82
812 189 1521 292 mmmmm
1790 227 2014 313 225³&ss

237 361 440 433 giones
475 348 811 435 pararetur,
863 381 1002 418 mox
1037 362 1242 417 eadem
1275 361 1468 428 acrius
1504 361 1786 435 volvam,
1815 365 2101 430 'facilioaee

223 445 395 500 >*inter
430 446 617 501 malos
651 465 944 503 consensu
982 446 1059 501 ad
1093 445 1322 502 bellum
1357 455 1539 522 quam
1570 447 1636 503 in
1672 468 1816 524 pace
1850 448 1926 508 ad
1954 470 2102 508 con-

241 529 524 588 cordiam.

404 623 534 685 LV.
587 623 1128 681 Inferioris·tamen
1155 614 1512 684 Germaniae
1546 626 1826 700 legiones·
1846 627 2100 687 solemni

238 691 496 785 Kalend.
547 708 955 766 Ianuariarum
1014 723 1378 768 sacramento
1436 733 1545 788 pro
1604 711 1800 770 Galba
1857 715 2099 773 adactae

235 797 421 852 multa
454 795 827 852 cunctatione
860 805 921 850 et
957 794 1105 850 raris
1139 796 1469 870 primorum
1507 798 1792 855 ordinum
1836 799 2100 876 vocibUS,

236 882 411 938 ceteri
450 880 683 936 silentio
721 879 977 954 proximi
1013 879 1294 957 cuiusque
1331 883 1638 940 audaciam
1688 895 2099 958 exspectantes,

235 967 411 1022 insita
453 965 803 1021 mortalibus
849 975 1059 1021 natura
1103 986 1351 1042 propere
1401 968 1567 1045 sequi
1609 988 1756 1046 quae
1796 959 1955 1044 piget
2001 969 2099 1027 in-

234 1048 467 1128 choare.
568 1050 667 1105 sed
716 1050 858 1124 ipsis
909 1050 1241 1123 legionibus
1285 1052 1475 1111 inerat
1522 1053 1827 1110 diversitas
1866 1053 2099 1111 animo-

234 1158 390 1196 rum.
490 1135 750 1210 primani
797 1135 1185 1211 quintanique
1230 1138 1458 1194 turbidi
1506 1139 1681 1208 ade0‚
1741 1150 1810 1195 ut
1854 1139 2097 1216 quidam

236 1241 371 1281 saxa
447 1220 513 1275 in
589 1217 817 1276 Galbae
899 1220 1182 1293 imagines
1258 1223 1533 1280 iecerint:
1643 1223 2097 1300 quintadecuma

235 1328 302 1363 ac
356 1305 780 1362 ‘sextadecuma
855 1304 1112 1379 legiones
1194 1304 1349 1364 nihil
1397 1309 1583 1365 -ultra
1657 1308 1959 1365 fremitum
2038 1320 2095 1367 et

207 1391 427 1458 „minas
464 1410 638 1447 ausae
681 1390 923 1459 initium
960 1393 1311 1467 erumpendi
1351 1393 1927 1470 circumspectabant.
2012 1387 2098 1451 At

233 1477 297 1532 in
339 1476 628 1552 superiori
671 1476 927 1533 exercitu
964 1489 1172 1553 quarta
1208 1499 1274 1537 ac
1318 1479 1790 1537 duodevicesima
1834 1477 2096 1553 legiones

289 1720 446 1763 acrius
484 1720 696 1762 volvens.
788 1721 862 1764 Sic
905 1721 1040 1768 MSS.
1086 1731 1129 1767 et

234 1778 337 1822 edd.
364 1786 466 1823 ante
490 1776 780 1830 Rhenanum,
816 1779 865 1821 in
889 1782 1015 1823 cuius
1039 1781 1126 1823 edi·

234 1837 406 1877 tionem
471 1835 581 1877 vitio
641 1851 881 1894 operarum
939 1838 1128 1896 inrepsit

233 1893 390 1935 acrius
424 1895 599 1943 volens,
629 1894 767 1951 idque
801 1894 903 1936 dein
930 1895 1126 1938 inlibris

232 1959 529 2008 propagatum
567 1959 632 1992 est
660 1967 800 2008 usque
822 1952 875 1994 ad
900 1952 986 1996 Iac.
1008 1951 1126 1995 Gro-

230 2009 444 2058 novumn,
489 2008 564 2064 qui
590 2008 802 2051 suadente
825 2008 1001 2066 Ryckio
1027 2014 1127 2051 vol-

232 2078 347 2107 vens
376 2064 582 2107 restituit.
669 2065 739 2108 De
789 2065 1019 2109 locutione
1067 2069 1127 2111 cf.

232 2131 327 2166 not.
351 2122 405 2164 ad
425 2123 516 2165 An.
544 2123 580 2173 1,
603 2122 674 2166 64.

1199 1723 1403 1769 Restituo
1432 1732 1625 1768 veterem
1654 1723 1948 1783 scripturam,
1977 1737 2092 1782 quae

1198 1783 1245 1826 in
1277 1800 1323 1826 se
1356 1782 1421 1825 nil
1456 1782 1612 1834 habet,
1663 1797 1755 1839 quo
1795 1781 2090 1828 offendamur,

1200 1850 1241 1884 et
1259 1840 1500 1883 meliorum
1524 1839 1742 1894 librorum
1764 1838 1921 1882 nititur
1938 1845 2090 1881 aucto-

1198 1899 1343 1942 ritate.
1424 1898 1615 1940 Videtur
1652 1896 1785 1940 etiam
1816 1894 2090 1941 vocabulum

1201 1956 1490 1999 Germaniae
1528 1955 1705 2011 longius
1740 1954 1916 2002 abesse,
1953 1967 2089 2010 quam

1199 2022 1250 2055 ut
1301 2012 1540 2055 commode
1589 2012 1663 2055 hic
1701 2010 1891 2070 intelligi
1937 2011 2089 2068 possit.

1198 2070 1426 2124 Superior
1452 2072 1683 2111 exercitus
1717 2083 1804 2127 pro
1836 2067 2090 2119 superioris

1200 2128 1493 2172 Germaniae
1518 2127 1752 2170 exercitus
1782 2126 1976 2184 probum
2006 2133 2088 2167 est.

216 2220 226 2227 ‚
290 2191 401 2235 CAP.
429 2192 498 2235 55.
549 2191 800 2248 Inferioris
822 2202 995 2239 tamen.
1050 2195 1126 2238 Sic

230 2249 368 2293 MSS.
391 2248 543 2293 Guelf.
567 2250 673 2308 Reg.
706 2250 848 2295 Corb.
877 2252 993 2294 Bud.
1023 2252 1123 2294 edd.

231 2307 350 2366 Spir.
375 2306 518 2350 Rhen.
542 2306 648 2351 Ald.
670 2325 769 2367 sqq.
798 2332 854 2340 —·
886 2308 1124 2364 inferioris

228 2366 338 2407 inde
369 2364 472 2408 edd.
495 2363 598 2407 Put.
624 2366 686 2408 M.
707 2375 750 2409 et
772 2364 831 2409 V.
864 2366 965 2409 Ber.
1000 2367 1122 2421 (cum

227 2422 294 2465 sil.
319 2423 458 2475 vict.)
485 2422 610 2471 Ale..
640 2438 775 2480 quam
809 2423 1067 2467 varietatem
1100 2441 1124 2467 e

227 2478 958 2580 οοιιιρὲηάἱοῐρωῆρΐάιιιξῖε,οτῑ3ιῐι
988 2480 1122 2525 facile

228 2550 333 2580 cum
394 2553 496 2579 rues
518 2551 562 2578 ιο
586 2553 661 2580 cre
697 2554 709 2579 1
745 2554 848 2582 eris.

278 2607 502 2661 primani.
563 2606 646 2649 Ed.
674 2607 794 2665 Spir.
815 2609 1073 2664 perimam'.

285 2679 488 2721 iecerint.
573 2676 650 2720 Sic
687 2677 785 2722 MS.
821 2678 973 2722 Guelf.
1019 2681 1120 2723 edd.

227 2744 333 2778 vett.
362 2736 482 2788 (cum
516 2733 583 2777 sil.
611 2735 743 2792 vict.)
779 2745 821 2779 et
848 2745 1034 2781 recentt.
1063 2761 1122 2771 -—·

225 2793 380 2834 iecerit
403 2791 537 2834 MSS.
566 2791 685 2835 Harl.
709 2793 842 2837 Bodl.

284 2862 644 2918 quintadecmna
683 2878 739 2905 ac
765 2867 1118 2908 sextadecuma.

225 2918 303 2961 Sic
325 2917 425 2961 MS.
455 2919 574 2961 Flor.
599 2927 697 2962 test.
722 2920 845 2964 Viet.
867 2948 925 2957 --
956 2924 1119 2976 quinta

224 2978 404 3018 decima
422 2990 477 3016 ac
499 2984 641 3017 sexta
661 2978 843 3020 decima
855 2978 955 3022 MS.
969 2977 1119 3022 Guelf.

226 3033 328 3076 edd.
353 3039 459 3075 vett.
494 3040 537 3074 et
573 3044 760 3077 recentt.
836 3035 895 3080 cf.
933 3046 1026 3080 not.
1062 3037 1117 3080 ad

225 3091 313 3134 An.
338 3095 376 3138 1,
405 3089 472 3132 17.

282 3155 334 3188 ac
377 3147 425 3188 in
463 3148 702 3200 superiori
735 3152 960 3193 exercitu.
1042 3152 1118 3195 Sic

224 3204 358 3247 MSS.
382 3202 511 3246 Bodl.
538 3203 648 3261 Reg.
665 3206 802 3249 Corb.
825 3209 935 3251 Bud.
962 3206 1116 3251 Guelf.

225 3263 291 3317 (in
326 3260 568 3317 margine),
603 3261 703 3304 edd.
726 3264 846 3319 Spir.
881 3266 985 3309 Put.
1011 3266 1116 3309 Ber.

228 3323 348 3373 (cum
372 3317 520 3360 silent.
547 3316 681 3386 Vici.)
715 3319 819 3386 Alc.
844 3321 985 3366 Rhen.
1010 3323 1113 3366 Ald-

223 3375 610 3487 fflgsougfflffififflga
639 3375 1116 3490 Kbslrizegtssrpn,u)qfflde

224 3490 305 3533 tes.
341 3489 459 3533 dedit
493 3498 545 3531 at
574 3492 621 3532 in
653 3493 904 3544 superiori,
946 3498 1114 3538 omisso

216 3550 429 3589 -mcercitu
472 3555 514 3588 et
560 3547 784 3589 intellecto
831 3550 1111 3596 Germania.

1159 3550 1162 3553 ‚
1185 3497 1290 3542 dam
1311 3501 1515 3551 tradidit,

1196 2185 1254 2229 cf.
1277 2185 1364 2227 An.
1393 2186 1430 2235 1,
1452 2182 1523 2228 31.
1544 2183 1615 2228 86.
1636 2183 1706 2227 37.
1731 2183 1810 2227 40⁶«
1863 2182 1979 2227 Cum
2004 2180 2091 2230 Ta-

1197 2242 1312 2285 citus
1335 2241 1438 2284 alibi
1461 2240 1707 2289 ablativum
1733 2247 1993 2285 constanter
2020 2255 2088 2282 ex·

1193 2299 1342 2342 hibeat
1369 2302 1613 2355 superiore
1647 2298 1727 2353 (cf.
1756 2298 1862 2341 infr.
1885 2315 1926 2342 c.
1947 2297 2017 2339 61.
2044 2305 2088 2340 et

1193 2356 1236 2405 4,
1256 2355 1376 2410 87.)‚
1408 2356 1606 2400 coniicio
1629 2356 1827 2399 formam
1852 2355 2092 2409 superiori

1195 2422 1353 2458 contra
1377 2413 1519 2457 Taciti
1547 2429 1679 2457 usum
1700 2412 1798 2457 inre
1830 2415 1955 2456 sisse.

1250 2472 1639 2515 duodevicesisna.
1697 2469 1775 2516 Sic
1802 2429 1940 2514 3188.
1969 2468 2086 2518 Bud.

1196 2527 1350 2572 Guelf.
1385 2528 1520 2571 Bodl.
1555 2529 1594 2584 (a
1623 2545 1692 2587 pr.
1725 2529 1879 2584 manu)
1903 2527 2014 2583 Agr.
2042 2527 2085 2580 (a

1194 2603 1284 2629 sec.
1309 2603 1369 2629 m.
1390 2611 1447 2619 —
1478 2603 1501 2629 a
1527 2586 1670 2644 prima
1694 2601 1831 2628 manu
1850 2592 2023 2641 quanta
2039 2590 2087 2626 et

1194 2645 1487 2699 duodecima)
1523 2643 1623 2687 edd.
1654 2642 1755 2685 Put.
1776 2640 1985 2685 Beroald.
2016 2645 2081 2697 (c.

1195 2702 1338 2743 silent.
1362 2699 1503 2753 Viet.)
1538 2701 1637 2743 Alc.
1671 2699 1873 2745 Rhenan.
1902 2698 2008 2744 ΑΜ.
2041 2705 2085 2743 et

1193 2757 1328 2816 Lipsii
1354 2759 1552 2814 priores3
1581 2757 1740 2800 deinde
1753 2756 1879 2801 Pich.
1902 2772 2084 2815 sqq.—

1192 2819 1284 2856 duo
1318 2823 1362 2856 et
1397 2817 1612 2858 vicesima
1644 2814 1782 2858 MSS.
1806 2813 1929 2858 Flor.
1962 2820 2081 2867 (test.

1191 2871 1338 2928 Pich.)
1370 2871 1617 2915 Covarruv.
1653 2870 1792 2916 Corb.
1825 2871 1928 2915 edd.
1958 2871 2080 2929 Spir.

1190 2928 1316 2984 (haec
1334 2933 1426 2994 dag
1449 2931 1710 2984 vicesimae)
1729 2937 1772 2972 et
1786 2927 1919 2986 Lipsii
1938 2939 2081 2988 poste·

1191 2986 1347 3031 riores.
1417 2987 1505 3030 Sed
1536 2986 1730 3030 Pichena
1763 2986 1818 3030 ad
1851 2985 1975 3030 hunc
2009 2986 2081 3030 lo-

1190 3060 1295 3087 cum
1344 3045 1525 3087 scribit:
1582 3043 1729 3092 „Duo
1775 3043 1990 3087 exercitus
2031 3047 2080 3089 in

1189 3101 1432 3144 Germania
1460 3102 1658 3144 fuerunt.
1717 3100 1938 3158 Superior
1957 3100 2077 3145 Hor-

1189 3158 1355 3200 deonio
1407 3158 1597 3210 Flacco,
1656 3157 1846 3202 inferior
1893 3156 2078 3204 Vitellio
2108 3162 2118 3173 ¹

1221 3218 1385 3259 arebat.
1466 3215 1669 3259 Vitellius
1719 3215 1774 3258 ad
1820 3214 1988 3258 bellum
2030 3217 2077 3260 in

1213 3272 1358 3314 taliam
1397 3272 1684 3331 proficiscens
1716 3289 1849 3315 suum
1880 3271 2076 3317 militem

1190 3336 1264 3370 aut
1289 3344 1391 3372 cum
1417 3329 1600 3374 Valente
1627 3329 1852 3388 praemisit
1881 3339 1958 3372 aut
1981 3330 2077 3389 ipse

1188 3384 1330 3429 duxit:
1379 3395 1420 3430 et
1452 3402 1500 3429 ex
1533 3386 1777 3446 superioris
1808 3384 2077 3432 Germaniae

1185 3442 1436 3500 legionibus
1469 3452 1639 3503 partem
1661 3443 1879 3487 Caecinae
1908 3444 2075 3489 ducen-

1584 3510 1726 3544 artem
1755 3500 1810 3544 ad
1843 3501 2074 3549 tutandam

1183 3552 1327 3600 Rheni
1349 3558 1493 3615 ripam
1515 3558 1550 3602 F
1569 3573 1678 3601 acco
1707 3557 1910 3615 reliquit,
1940 3567 1982 3601 et
2006 3559 2073 3603 in·
