<?xml version="1.0" encoding="UTF-8"?>
<!DOCTYPE html PUBLIC "-//W3C//DTD XHTML 1.0 Transitional//EN"
    "http://www.w3.org/TR/xhtml1/DTD/xhtml1-transitional.dtd">
<html xmlns="http://www.w3.org/1999/xhtml" xml:lang="en" lang="en">
 <head>
  <title>
</title>
<meta http-equiv="Content-Type" content="text/html;charset=utf-8" />
  <meta name='ocr-system' content='tesseract 3.04.00' />
  <meta name='ocr-capabilities' content='ocr_page ocr_carea ocr_par ocr_line ocrx_word'/>
</head>
<body>
  <div class='ocr_page' id='page_1' title='image "./operarecensuitet03taciuoft/operarecensuitet03taciuoft_0495.png"; bbox 0 0 2138 4030; ppageno 0'>
   <div class='ocr_carea' id='block_1_1' title="bbox 226 186 453 267">
    <p class='ocr_par' dir='ltr' id='par_1_1' title="bbox 226 186 453 267">
     <span class='ocr_line' id='line_1_1' title="bbox 226 186 453 224; baseline 0.009 -7"><span class='ocrx_word' id='word_1_1' title='bbox 226 190 263 224; x_wconf 72' lang='grc' dir='ltr'><strong>Α</strong></span> <span class='ocrx_word' id='word_1_2' title='bbox 300 187 350 222; x_wconf 84' lang='lat' dir='ltr'><strong>U.</strong></span> <span class='ocrx_word' id='word_1_3' title='bbox 369 186 453 219; x_wconf 73' lang='lat'><strong>824.</strong></span> 
     </span>
     <span class='ocr_line' id='line_1_2' title="bbox 226 230 453 267; baseline 0 0"><span class='ocrx_word' id='word_1_4' title='bbox 226 230 453 267; x_wconf 73' lang='lat' dir='ltr'><strong>A.c.·n.</strong></span> 
     </span>
    </p>
   </div>
   <div class='ocr_carea' id='block_1_2' title="bbox 734 189 1024 252">
    <p class='ocr_par' dir='ltr' id='par_1_2' title="bbox 734 189 1024 252">
     <span class='ocr_line' id='line_1_3' title="bbox 734 189 1024 252; baseline 0.014 -4"><span class='ocrx_word' id='word_1_5' title='bbox 734 189 907 250; x_wconf 85' lang='lat' dir='ltr'><strong>LIB.</strong></span> <span class='ocrx_word' id='word_1_6' title='bbox 954 190 1024 252; x_wconf 82' lang='lat' dir='ltr'><strong>V.</strong></span> 
     </span>
    </p>
   </div>
   <div class='ocr_carea' id='block_1_3' title="bbox 1090 151 1398 253">
    <p class='ocr_par' dir='ltr' id='par_1_3' title="bbox 1090 151 1398 253">
     <span class='ocr_line' id='line_1_4' title="bbox 1090 151 1398 253; baseline 0.016 -5"><span class='ocrx_word' id='word_1_7' title='bbox 1090 151 1298 251; x_wconf 79' lang='lat' dir='ltr'><strong>cAP.</strong></span> <span class='ocrx_word' id='word_1_8' title='bbox 1346 194 1398 253; x_wconf 84' lang='lat'><strong>1.</strong></span> 
     </span>
    </p>
   </div>
   <div class='ocr_carea' id='block_1_4' title="bbox 1816 195 1994 262">
    <p class='ocr_par' dir='ltr' id='par_1_4' title="bbox 1816 195 1994 262">
     <span class='ocr_line' id='line_1_5' title="bbox 1816 195 1994 262; baseline -0.011 -2"><span class='ocrx_word' id='word_1_9' title='bbox 1816 196 1825 257; x_wconf 75' lang='grc' dir='ltr'>Ῐ</span> <span class='ocrx_word' id='word_1_10' title='bbox 1869 195 1994 262; x_wconf 72' lang='lat'><strong>485</strong></span> 
     </span>
    </p>
   </div>
   <div class='ocr_carea' id='block_1_5' title="bbox 136 317 1994 653">
    <p class='ocr_par' dir='ltr' id='par_1_5' title="bbox 136 317 1994 653">
     <span class='ocr_line' id='line_1_6' title="bbox 139 317 1994 401; baseline 0.002 -20"><span class='ocrx_word' id='word_1_11' title='bbox 139 344 254 401; x_wconf 88' lang='lat' dir='ltr'><strong>que</strong></span> <span class='ocrx_word' id='word_1_12' title='bbox 298 322 476 378; x_wconf 84' lang='lat' dir='ltr'><strong>rebus</strong></span> <span class='ocrx_word' id='word_1_13' title='bbox 519 317 732 375; x_wconf 78' lang='lat' dir='ltr'><strong>militia</strong></span> <span class='ocrx_word' id='word_1_14' title='bbox 754 319 966 376; x_wconf 65' lang='lat' dir='ltr'><strong>&#39;clarus</strong></span> <span class='ocrx_word' id='word_1_15' title='bbox 1013 318 1241 377; x_wconf 74' lang='lat' dir='ltr'><strong>maiore·</strong></span> <span class='ocrx_word' id='word_1_16' title='bbox 1269 328 1396 376; x_wconf 89' lang='lat' dir='ltr'><strong>tum</strong></span> <span class='ocrx_word' id='word_1_17' title='bbox 1435 321 1498 377; x_wconf 86' lang='lat' dir='ltr'><strong>vi</strong></span> <span class='ocrx_word' id='word_1_18' title='bbox 1519 330 1521 333; x_wconf 86' lang='grc'><strong>’</strong></span> <span class='ocrx_word' id='word_1_19' title='bbox 1543 324 1815 400; x_wconf 79' lang='lat' dir='ltr'><strong>famaque</strong></span> <span class='ocrx_word' id='word_1_20' title='bbox 1859 332 1994 399; x_wconf 68' lang='lat' dir='ltr'><strong>age-</strong></span> 
     </span>
     <span class='ocr_line' id='line_1_7' title="bbox 137 402 1991 478; baseline 0.002 -13"><span class='ocrx_word' id='word_1_21' title='bbox 137 409 239 466; x_wconf 88' lang='lat' dir='ltr'><strong>bat</strong></span> <span class='ocrx_word' id='word_1_22' title='bbox 305 405 664 464; x_wconf 82' lang='lat' dir='ltr'><strong>certantibus</strong></span> <span class='ocrx_word' id='word_1_23' title='bbox 727 402 1172 478; x_wconf 82' lang='lat' dir='ltr'><strong>provinciarum</strong></span> <span class='ocrx_word' id='word_1_24' title='bbox 1227 413 1284 461; x_wconf 89' lang='lat' dir='ltr'><strong>et</strong></span> <span class='ocrx_word' id='word_1_25' title='bbox 1346 406 1706 464; x_wconf 82' lang='lat' dir='ltr'><strong>exercituum</strong></span> <span class='ocrx_word' id='word_1_26' title='bbox 1763 412 1991 474; x_wconf 80' lang='lat' dir='ltr'><strong>studiis,</strong></span> 
     </span>
     <span class='ocr_line' id='line_1_8' title="bbox 137 490 1991 570; baseline 0.003 -22"><span class='ocrx_word' id='word_1_27' title='bbox 137 506 311 570; x_wconf 85' lang='lat' dir='ltr'><strong>atque</strong></span> <span class='ocrx_word' id='word_1_28' title='bbox 365 491 517 566; x_wconf 86' lang='lat' dir='ltr'><strong>ipse,</strong></span> <span class='ocrx_word' id='word_1_29' title='bbox 590 499 658 545; x_wconf 89' lang='lat' dir='ltr'><strong>ut</strong></span> <span class='ocrx_word' id='word_1_30' title='bbox 701 508 875 563; x_wconf 86' lang='lat' dir='ltr'><strong>super</strong></span> <span class='ocrx_word' id='word_1_31' title='bbox 897 490 1220 551; x_wconf 41' lang='lat' dir='ltr'><strong>*fortunam</strong></span> <span class='ocrx_word' id='word_1_32' title='bbox 1244 491 1632 561; x_wconf 79' lang='lat' dir='ltr'><strong>crederetur,</strong></span> <span class='ocrx_word' id='word_1_33' title='bbox 1700 495 1991 553; x_wconf 72' lang='lat' dir='ltr'><strong>‚decorum</strong></span> 
     </span>
     <span class='ocr_line' id='line_1_9' title="bbox 136 574 1990 653; baseline 0.005 -24"><span class='ocrx_word' id='word_1_34' title='bbox 136 597 202 635; x_wconf 75' lang='lat' dir='ltr'><strong>se⁴</strong></span> <span class='ocrx_word' id='word_1_35' title='bbox 260 588 719 653; x_wconf 80' lang='lat' dir='ltr'><strong>promptumque</strong></span> <span class='ocrx_word' id='word_1_36' title='bbox 789 574 854 629; x_wconf 90' lang='lat' dir='ltr'><strong>in</strong></span> <span class='ocrx_word' id='word_1_37' title='bbox 921 574 1100 630; x_wconf 82' lang='lat' dir='ltr'><strong>armis</strong></span> <span class='ocrx_word' id='word_1_38' title='bbox 1172 575 1515 632; x_wconf 79' lang='lat' dir='ltr'><strong>ostendebat</strong></span> <span class='ocrx_word' id='word_1_39' title='bbox 1592 579 1864 636; x_wconf 79' lang='lat' dir='ltr'><strong>comitate</strong></span> <span class='ocrx_word' id='word_1_40' title='bbox 1935 593 1990 641; x_wconf 87' lang='lat' dir='ltr'><strong>et</strong></span> 
     </span>
    </p>
   </div>
   <div class='ocr_carea' id='block_1_6' title="bbox 133 811 1054 927">
    <p class='ocr_par' dir='ltr' id='par_1_6' title="bbox 133 811 1054 927">
     <span class='ocr_line' id='line_1_10' title="bbox 133 811 1053 892; baseline -0.004 -17"><span class='ocrx_word' id='word_1_41' title='bbox 133 811 378 875; x_wconf 51' lang='lat' dir='ltr'><strong>annuebat.¹</strong></span> <span class='ocrx_word' id='word_1_42' title='bbox 417 826 536 871; x_wconf 72' lang='lat' dir='ltr'><strong>Nihil</strong></span> <span class='ocrx_word' id='word_1_43' title='bbox 565 834 728 892; x_wconf 41' lang='lat' dir='ltr'><strong>tamen·</strong></span> <span class='ocrx_word' id='word_1_44' title='bbox 748 825 947 884; x_wconf 73' lang='lat' dir='ltr'><strong>ignobile</strong></span> <span class='ocrx_word' id='word_1_45' title='bbox 977 826 1053 871; x_wconf 65' lang='lat' dir='ltr'><strong>in*</strong></span> 
     </span>
     <span class='ocr_line' id='line_1_11' title="bbox 920 900 1054 927; baseline -0.007 0"><span class='ocrx_word' id='word_1_46' title='bbox 920 900 1019 927; x_wconf 78' lang='lat' dir='ltr'><strong>I&#39;ae-</strong></span> <span class='ocrx_word' id='word_1_47' title='bbox 1052 904 1054 906; x_wconf 81' lang='grc'>’</span> 
     </span>
    </p>
   </div>
   <div class='ocr_carea' id='block_1_7' title="bbox 130 885 1024 1001">
    <p class='ocr_par' dir='ltr' id='par_1_7' title="bbox 130 885 1024 1001">
     <span class='ocr_line' id='line_1_12' title="bbox 130 885 858 933; baseline -0.008 -3"><span class='ocrx_word' id='word_1_48' title='bbox 130 887 208 930; x_wconf 86' lang='lat' dir='ltr'><strong>illo</strong></span> <span class='ocrx_word' id='word_1_49' title='bbox 236 886 376 931; x_wconf 85' lang='lat' dir='ltr'><strong>verbo</strong></span> <span class='ocrx_word' id='word_1_50' title='bbox 413 901 507 928; x_wconf 88' lang='lat' dir='ltr'><strong>esse</strong></span> <span class='ocrx_word' id='word_1_51' title='bbox 533 885 687 933; x_wconf 78' lang='lat' dir='ltr'><strong>video,</strong></span> <span class='ocrx_word' id='word_1_52' title='bbox 718 900 858 925; x_wconf 73' lang='lat' dir='ltr'><strong>immo</strong></span> 
     </span>
     <span class='ocr_line' id='line_1_13' title="bbox 131 941 1024 1001; baseline -0.004 -13"><span class='ocrx_word' id='word_1_53' title='bbox 131 943 315 1001; x_wconf 85' lang='lat' dir='ltr'><strong>cipuum</strong></span> <span class='ocrx_word' id='word_1_54' title='bbox 350 942 502 992; x_wconf 69' lang='lat' dir='ltr'><strong>decus,</strong></span> <span class='ocrx_word' id='word_1_55' title='bbox 579 943 637 984; x_wconf 88' lang='lat' dir='ltr'><strong>cf.</strong></span> <span class='ocrx_word' id='word_1_56' title='bbox 670 941 760 983; x_wconf 88' lang='lat' dir='ltr'><strong>An.</strong></span> <span class='ocrx_word' id='word_1_57' title='bbox 789 944 826 992; x_wconf 92' lang='lat'><strong>1,</strong></span> <span class='ocrx_word' id='word_1_58' title='bbox 853 941 878 984; x_wconf 86' lang='lat'>5</span> <span class='ocrx_word' id='word_1_59' title='bbox 911 972 922 984; x_wconf 92' lang='lat'><strong>.</strong></span> <span class='ocrx_word' id='word_1_60' title='bbox 945 944 1024 984; x_wconf 81' lang='lat' dir='ltr'><strong>ille</strong></span> 
     </span>
    </p>
   </div>
   <div class='ocr_carea' id='block_1_8' title="bbox 128 999 953 1045">
    <p class='ocr_par' dir='ltr' id='par_1_8' title="bbox 128 999 953 1045">
     <span class='ocr_line' id='line_1_14' title="bbox 128 999 953 1045; baseline -0.004 0"><span class='ocrx_word' id='word_1_61' title='bbox 128 1003 332 1045; x_wconf 80' lang='lat' dir='ltr'><strong>delectus</strong></span> <span class='ocrx_word' id='word_1_62' title='bbox 355 1001 581 1044; x_wconf 84' lang='lat' dir='ltr'><strong>Tiberius.</strong></span> <span class='ocrx_word' id='word_1_63' title='bbox 644 999 746 1042; x_wconf 85' lang='lat' dir='ltr'><strong>Vid.</strong></span> <span class='ocrx_word' id='word_1_64' title='bbox 772 999 833 1042; x_wconf 85' lang='lat' dir='ltr'><strong>ibi</strong></span> <span class='ocrx_word' id='word_1_65' title='bbox 857 1007 953 1043; x_wconf 87' lang='lat' dir='ltr'><strong>not.</strong></span> 
     </span>
    </p>
   </div>
   <div class='ocr_carea' id='block_1_9' title="bbox 186 1084 1018 1140">
    <p class='ocr_par' dir='ltr' id='par_1_9' title="bbox 186 1084 1018 1140">
     <span class='ocr_line' id='line_1_15' title="bbox 186 1084 1018 1140; baseline -0.005 -12"><span class='ocrx_word' id='word_1_66' title='bbox 186 1095 231 1128; x_wconf 82' lang='lat' dir='ltr'><strong>et</strong></span> <span class='ocrx_word' id='word_1_67' title='bbox 247 1085 486 1140; x_wconf 78' lang='lat' dir='ltr'><strong>praelatis</strong></span> <span class='ocrx_word' id='word_1_68' title='bbox 509 1085 749 1138; x_wconf 82' lang='lat' dir='ltr'><strong>utriusque</strong></span> <span class='ocrx_word' id='word_1_69' title='bbox 772 1085 913 1125; x_wconf 81' lang='lat' dir='ltr'><strong>rebus</strong></span> <span class='ocrx_word' id='word_1_70' title='bbox 933 1084 1018 1125; x_wconf 85' lang='lat' dir='ltr'><strong>mi-</strong></span> 
     </span>
    </p>
   </div>
   <div class='ocr_carea' id='block_1_10' title="bbox 108 1150 1023 3554">
    <p class='ocr_par' dir='ltr' id='par_1_10' title="bbox 108 1150 1023 3554">
     <span class='ocr_line' id='line_1_16' title="bbox 127 1150 1023 1206; baseline -0.006 -7"><span class='ocrx_word' id='word_1_71' title='bbox 127 1157 234 1200; x_wconf 74' lang='lat' dir='ltr'><strong>litia</strong></span> <span class='ocrx_word' id='word_1_72' title='bbox 263 1158 433 1198; x_wconf 81' lang='lat' dir='ltr'><strong>clarus.</strong></span> <span class='ocrx_word' id='word_1_73' title='bbox 496 1154 597 1197; x_wconf 89' lang='lat' dir='ltr'><strong>MS.</strong></span> <span class='ocrx_word' id='word_1_74' title='bbox 631 1154 665 1196; x_wconf 82' lang='lat' dir='ltr'>F</span> <span class='ocrx_word' id='word_1_75' title='bbox 671 1153 756 1195; x_wconf 90' lang='lat' dir='ltr'><strong>lor.</strong></span> <span class='ocrx_word' id='word_1_76' title='bbox 799 1161 844 1194; x_wconf 81' lang='lat' dir='ltr'><strong>et</strong></span> <span class='ocrx_word' id='word_1_77' title='bbox 874 1150 1023 1206; x_wconf 63' lang='lat' dir='ltr'><strong>filatis</strong></span> 
     </span>
     <span class='ocr_line' id='line_1_17' title="bbox 127 1211 1021 1270; baseline -0.007 -14"><span class='ocrx_word' id='word_1_78' title='bbox 127 1215 255 1270; x_wconf 87' lang='lat' dir='ltr'><strong>(teste</strong></span> <span class='ocrx_word' id='word_1_79' title='bbox 277 1212 500 1268; x_wconf 89' lang='lat' dir='ltr'><strong>Victorio)</strong></span> <span class='ocrx_word' id='word_1_80' title='bbox 516 1242 528 1260; x_wconf 90' lang='lat'><strong>‚</strong></span> <span class='ocrx_word' id='word_1_81' title='bbox 559 1211 682 1268; x_wconf 89' lang='lat' dir='ltr'><strong>quod</strong></span> <span class='ocrx_word' id='word_1_82' title='bbox 708 1219 773 1253; x_wconf 89' lang='lat' dir='ltr'><strong>est</strong></span> <span class='ocrx_word' id='word_1_83' title='bbox 797 1225 1021 1268; x_wconf 87' lang='lat' dir='ltr'><strong>compen-</strong></span> 
     </span>
     <span class='ocr_line' id='line_1_18' title="bbox 126 1267 1018 1327; baseline -0.007 -13"><span class='ocrx_word' id='word_1_84' title='bbox 126 1271 251 1314; x_wconf 85' lang='lat' dir='ltr'><strong>dium</strong></span> <span class='ocrx_word' id='word_1_85' title='bbox 278 1285 360 1327; x_wconf 88' lang='lat' dir='ltr'><strong>pro</strong></span> <span class='ocrx_word' id='word_1_86' title='bbox 390 1271 621 1323; x_wconf 76' lang='lat' dir='ltr'><strong>praelatis</strong></span> <span class='ocrx_word' id='word_1_87' title='bbox 645 1269 691 1309; x_wconf 90' lang='lat' dir='ltr'><strong>in</strong></span> <span class='ocrx_word' id='word_1_88' title='bbox 713 1267 938 1312; x_wconf 88' lang='lat' dir='ltr'><strong>veteribus</strong></span> <span class='ocrx_word' id='word_1_89' title='bbox 960 1267 1018 1309; x_wconf 88' lang='lat' dir='ltr'><strong>li-</strong></span> 
     </span>
     <span class='ocr_line' id='line_1_19' title="bbox 124 1324 1018 1385; baseline -0.008 -13"><span class='ocrx_word' id='word_1_90' title='bbox 124 1329 218 1372; x_wconf 87' lang='lat' dir='ltr'><strong>bris</strong></span> <span class='ocrx_word' id='word_1_91' title='bbox 250 1327 478 1385; x_wconf 83' lang='lat' dir='ltr'><strong>frequens.</strong></span> <span class='ocrx_word' id='word_1_92' title='bbox 540 1324 738 1385; x_wconf 82' lang='lat' dir='ltr'><strong>Ryckius</strong></span> <span class='ocrx_word' id='word_1_93' title='bbox 771 1324 876 1366; x_wconf 88' lang='lat' dir='ltr'><strong>inde</strong></span> <span class='ocrx_word' id='word_1_94' title='bbox 902 1332 1018 1366; x_wconf 84' lang='lat' dir='ltr'><strong>attu-</strong></span> 
     </span>
     <span class='ocr_line' id='line_1_20' title="bbox 124 1379 1014 1442; baseline -0.004 -13"><span class='ocrx_word' id='word_1_95' title='bbox 124 1385 175 1429; x_wconf 86' lang='lat' dir='ltr'><strong>lit</strong></span> <span class='ocrx_word' id='word_1_96' title='bbox 193 1387 357 1441; x_wconf 69' lang='lat' dir='ltr'><strong>filatis‘,</strong></span> <span class='ocrx_word' id='word_1_97' title='bbox 389 1383 509 1442; x_wconf 88' lang='lat' dir='ltr'><strong>quod</strong></span> <span class='ocrx_word' id='word_1_98' title='bbox 532 1383 650 1426; x_wconf 88' lang='lat' dir='ltr'><strong>idem</strong></span> <span class='ocrx_word' id='word_1_99' title='bbox 676 1390 756 1424; x_wconf 90' lang='lat' dir='ltr'><strong>est.</strong></span> <span class='ocrx_word' id='word_1_100' title='bbox 783 1404 839 1414; x_wconf 82' lang='lat'>-</span> <span class='ocrx_word' id='word_1_101' title='bbox 877 1379 1014 1425; x_wconf 86' lang='lat' dir='ltr'><strong>MSS.</strong></span> 
     </span>
     <span class='ocr_line' id='line_1_21' title="bbox 123 1438 1015 1498; baseline -0.004 -13"><span class='ocrx_word' id='word_1_102' title='bbox 123 1443 269 1487; x_wconf 73' lang='lat' dir='ltr'><strong>Vatic-</strong></span> <span class='ocrx_word' id='word_1_103' title='bbox 295 1445 416 1496; x_wconf 82' lang='lat' dir='ltr'><strong>(test.</strong></span> <span class='ocrx_word' id='word_1_104' title='bbox 441 1440 580 1498; x_wconf 88' lang='lat' dir='ltr'><strong>Lips.)</strong></span> <span class='ocrx_word' id='word_1_105' title='bbox 602 1439 711 1497; x_wconf 82' lang='lat' dir='ltr'><strong>Agr.</strong></span> <span class='ocrx_word' id='word_1_106' title='bbox 736 1438 876 1481; x_wconf 88' lang='lat' dir='ltr'><strong>Corb.</strong></span> <span class='ocrx_word' id='word_1_107' title='bbox 903 1454 1015 1492; x_wconf 86' lang='lat' dir='ltr'><strong>pre·-</strong></span> 
     </span>
     <span class='ocr_line' id='line_1_22' title="bbox 123 1497 1013 1560; baseline -0.007 -17"><span class='ocrx_word' id='word_1_108' title='bbox 123 1503 250 1544; x_wconf 73' lang='lat' dir='ltr'><strong>latis.</strong></span> <span class='ocrx_word' id='word_1_109' title='bbox 347 1497 432 1541; x_wconf 89' lang='lat' dir='ltr'><strong>Ed.</strong></span> <span class='ocrx_word' id='word_1_110' title='bbox 467 1499 588 1556; x_wconf 86' lang='lat' dir='ltr'><strong>Spir.</strong></span> <span class='ocrx_word' id='word_1_111' title='bbox 617 1498 832 1560; x_wconf 65' lang='lat' dir='ltr'><strong>prflatus</strong></span> <span class='ocrx_word' id='word_1_112' title='bbox 867 1497 1013 1538; x_wconf 85' lang='lat' dir='ltr'><strong>utris-</strong></span> 
     </span>
     <span class='ocr_line' id='line_1_23' title="bbox 121 1554 1011 1615; baseline -0.006 -14"><span class='ocrx_word' id='word_1_113' title='bbox 121 1573 210 1615; x_wconf 84' lang='lat' dir='ltr'><strong>que</strong></span> <span class='ocrx_word' id='word_1_114' title='bbox 233 1558 393 1606; x_wconf 81' lang='lat' dir='ltr'><strong>rebus,</strong></span> <span class='ocrx_word' id='word_1_115' title='bbox 424 1571 518 1598; x_wconf 89' lang='lat' dir='ltr'><strong>non</strong></span> <span class='ocrx_word' id='word_1_116' title='bbox 549 1554 802 1604; x_wconf 70' lang='lat' dir='ltr'><strong>praetatis,</strong></span> <span class='ocrx_word' id='word_1_117' title='bbox 836 1554 898 1594; x_wconf 85' lang='lat' dir='ltr'><strong>uti</strong></span> <span class='ocrx_word' id='word_1_118' title='bbox 921 1562 1011 1596; x_wconf 86' lang='lat' dir='ltr'><strong>tra-</strong></span> 
     </span>
     <span class='ocr_line' id='line_1_24' title="bbox 122 1611 1013 1658; baseline -0.007 0"><span class='ocrx_word' id='word_1_119' title='bbox 122 1615 335 1658; x_wconf 87' lang='lat' dir='ltr'><strong>diderunt</strong></span> <span class='ocrx_word' id='word_1_120' title='bbox 354 1611 585 1656; x_wconf 89' lang='lat' dir='ltr'><strong>Ernestius</strong></span> <span class='ocrx_word' id='word_1_121' title='bbox 616 1621 657 1654; x_wconf 87' lang='lat' dir='ltr'><strong>et</strong></span> <span class='ocrx_word' id='word_1_122' title='bbox 681 1611 929 1654; x_wconf 86' lang='lat' dir='ltr'><strong>Broterius.</strong></span> <span class='ocrx_word' id='word_1_123' title='bbox 956 1635 1013 1644; x_wconf 95' lang='lat'><strong>—</strong></span> 
     </span>
     <span class='ocr_line' id='line_1_25' title="bbox 120 1666 1012 1723; baseline -0.004 -7"><span class='ocrx_word' id='word_1_124' title='bbox 120 1672 223 1716; x_wconf 89' lang='lat' dir='ltr'><strong>MS.</strong></span> <span class='ocrx_word' id='word_1_125' title='bbox 239 1671 356 1713; x_wconf 91' lang='lat' dir='ltr'><strong>Bud.</strong></span> <span class='ocrx_word' id='word_1_126' title='bbox 375 1670 607 1723; x_wconf 73' lang='lat' dir='ltr'><strong>preliotis.</strong></span> <span class='ocrx_word' id='word_1_127' title='bbox 621 1697 679 1705; x_wconf 90' lang='lat'>-</span> <span class='ocrx_word' id='word_1_128' title='bbox 710 1667 843 1710; x_wconf 87' lang='lat' dir='ltr'><strong>MSS.</strong></span> <span class='ocrx_word' id='word_1_129' title='bbox 860 1666 1012 1712; x_wconf 85' lang='lat' dir='ltr'><strong>Guelf.</strong></span> 
     </span>
     <span class='ocr_line' id='line_1_26' title="bbox 119 1725 1011 1774; baseline -0.006 -2"><span class='ocrx_word' id='word_1_130' title='bbox 119 1727 244 1774; x_wconf 83' lang='lat' dir='ltr'><strong>Harl.</strong></span> <span class='ocrx_word' id='word_1_131' title='bbox 267 1727 396 1771; x_wconf 91' lang='lat' dir='ltr'><strong>Bodl.</strong></span> <span class='ocrx_word' id='word_1_132' title='bbox 424 1727 506 1770; x_wconf 83' lang='lat' dir='ltr'><strong>les.</strong></span> <span class='ocrx_word' id='word_1_133' title='bbox 535 1726 641 1771; x_wconf 86' lang='lat' dir='ltr'><strong>edd.</strong></span> <span class='ocrx_word' id='word_1_134' title='bbox 668 1726 773 1770; x_wconf 86' lang='lat' dir='ltr'><strong>Put.</strong></span> <span class='ocrx_word' id='word_1_135' title='bbox 799 1725 866 1768; x_wconf 88' lang='lat' dir='ltr'><strong>M.</strong></span> <span class='ocrx_word' id='word_1_136' title='bbox 891 1733 934 1768; x_wconf 86' lang='lat' dir='ltr'><strong>et</strong></span> <span class='ocrx_word' id='word_1_137' title='bbox 959 1726 1011 1772; x_wconf 81' lang='lat' dir='ltr'><strong>V.</strong></span> 
     </span>
     <span class='ocr_line' id='line_1_27' title="bbox 120 1783 1007 1839; baseline -0.003 -10"><span class='ocrx_word' id='word_1_138' title='bbox 120 1785 330 1830; x_wconf 88' lang='lat' dir='ltr'><strong>Beroald.</strong></span> <span class='ocrx_word' id='word_1_139' title='bbox 356 1783 461 1828; x_wconf 89' lang='lat' dir='ltr'><strong>Alc.</strong></span> <span class='ocrx_word' id='word_1_140' title='bbox 482 1785 761 1839; x_wconf 74' lang='lat' dir='ltr'><strong>proeliantis</strong></span> <span class='ocrx_word' id='word_1_141' title='bbox 783 1783 847 1825; x_wconf 89' lang='lat' dir='ltr'><strong>vel</strong></span> <span class='ocrx_word' id='word_1_142' title='bbox 870 1798 1007 1837; x_wconf 84' lang='lat' dir='ltr'><strong>prae-</strong></span> 
     </span>
     <span class='ocr_line' id='line_1_28' title="bbox 119 1834 1010 1899; baseline -0.003 -13"><span class='ocrx_word' id='word_1_143' title='bbox 119 1838 280 1887; x_wconf 57' lang='lat' dir='ltr'><strong>liantis</strong></span> <span class='ocrx_word' id='word_1_144' title='bbox 301 1841 375 1886; x_wconf 88' lang='lat' dir='ltr'><strong>vel</strong></span> <span class='ocrx_word' id='word_1_145' title='bbox 406 1834 596 1899; x_wconf 58' lang='grc' dir='ltr'><strong><em>βίἰαηίίε</em></strong></span> <span class='ocrx_word' id='word_1_146' title='bbox 628 1840 710 1896; x_wconf 87' lang='lat' dir='ltr'><strong>(uti</strong></span> <span class='ocrx_word' id='word_1_147' title='bbox 738 1839 921 1896; x_wconf 70' lang='lat' dir='ltr'><strong>Guelfi).</strong></span> <span class='ocrx_word' id='word_1_148' title='bbox 952 1864 1010 1873; x_wconf 91' lang='lat'>—</span> 
     </span>
     <span class='ocr_line' id='line_1_29' title="bbox 122 1895 1011 1957; baseline -0.003 -13"><span class='ocrx_word' id='word_1_149' title='bbox 122 1900 251 1957; x_wconf 86' lang='lat' dir='ltr'><strong>Quae</strong></span> <span class='ocrx_word' id='word_1_150' title='bbox 286 1903 389 1943; x_wconf 74' lang='lat' dir='ltr'><strong>cum</strong></span> <span class='ocrx_word' id='word_1_151' title='bbox 425 1915 537 1943; x_wconf 82' lang='lat' dir='ltr'><strong>vana</strong></span> <span class='ocrx_word' id='word_1_152' title='bbox 565 1907 736 1949; x_wconf 78' lang='lat' dir='ltr'><strong>essent,</strong></span> <span class='ocrx_word' id='word_1_153' title='bbox 766 1895 1011 1941; x_wconf 84' lang='lat' dir='ltr'><strong>Rhenanus</strong></span> 
     </span>
     <span class='ocr_line' id='line_1_30' title="bbox 118 1955 1011 2009; baseline -0.006 -6"><span class='ocrx_word' id='word_1_154' title='bbox 118 1957 310 2004; x_wconf 86' lang='lat' dir='ltr'><strong>correxit</strong></span> <span class='ocrx_word' id='word_1_155' title='bbox 333 1958 530 2009; x_wconf 78' lang='lat' dir='ltr'><strong>priuatis</strong></span> <span class='ocrx_word' id='word_1_156' title='bbox 565 1956 814 1999; x_wconf 87' lang='lat' dir='ltr'><strong>secundum</strong></span> <span class='ocrx_word' id='word_1_157' title='bbox 838 1955 946 1999; x_wconf 85' lang='lat' dir='ltr'><strong>Hist.</strong></span> <span class='ocrx_word' id='word_1_158' title='bbox 969 1955 1011 2008; x_wconf 76' lang='grc'><strong>3,</strong></span> 
     </span>
     <span class='ocr_line' id='line_1_31' title="bbox 116 2012 1006 2071; baseline -0.004 -11"><span class='ocrx_word' id='word_1_159' title='bbox 116 2015 190 2060; x_wconf 83' lang='grc'><strong>65.</strong></span> <span class='ocrx_word' id='word_1_160' title='bbox 209 2016 405 2071; x_wconf 79' lang='lat' dir='ltr'><strong>privatis</strong></span> <span class='ocrx_word' id='word_1_161' title='bbox 429 2015 666 2070; x_wconf 80' lang='lat' dir='ltr'><strong>utriusque</strong></span> <span class='ocrx_word' id='word_1_162' title='bbox 694 2015 847 2056; x_wconf 81' lang='lat' dir='ltr'><strong>rebus.</strong></span> <span class='ocrx_word' id='word_1_163' title='bbox 887 2012 1006 2056; x_wconf 84' lang='lat' dir='ltr'><strong>Rhe-</strong></span> 
     </span>
     <span class='ocr_line' id='line_1_32' title="bbox 116 2071 1006 2121; baseline -0.003 -4"><span class='ocrx_word' id='word_1_164' title='bbox 116 2074 223 2117; x_wconf 88' lang='lat' dir='ltr'><strong>nani</strong></span> <span class='ocrx_word' id='word_1_165' title='bbox 255 2071 616 2115; x_wconf 81' lang='lat' dir='ltr'><strong>emendationem</strong></span> <span class='ocrx_word' id='word_1_166' title='bbox 651 2071 876 2121; x_wconf 71' lang='lat' dir='ltr'><strong>retinuere</strong></span> <span class='ocrx_word' id='word_1_167' title='bbox 904 2071 1006 2114; x_wconf 87' lang='lat' dir='ltr'><strong>Ald.</strong></span> 
     </span>
     <span class='ocr_line' id='line_1_33' title="bbox 116 2126 1007 2190; baseline -0.008 -15"><span class='ocrx_word' id='word_1_168' title='bbox 116 2129 295 2190; x_wconf 81' lang='lat' dir='ltr'><strong>Micyll.</strong></span> <span class='ocrx_word' id='word_1_169' title='bbox 329 2129 447 2186; x_wconf 87' lang='lat' dir='ltr'><strong>Lips.</strong></span> <span class='ocrx_word' id='word_1_170' title='bbox 476 2139 576 2184; x_wconf 86' lang='lat' dir='ltr'><strong>sqq.</strong></span> <span class='ocrx_word' id='word_1_171' title='bbox 626 2129 679 2169; x_wconf 88' lang='lat' dir='ltr'><strong>ad</strong></span> <span class='ocrx_word' id='word_1_172' title='bbox 721 2126 1007 2184; x_wconf 87' lang='lat' dir='ltr'><strong>Bipontinos,</strong></span> 
     </span>
     <span class='ocr_line' id='line_1_34' title="bbox 115 2183 1005 2248; baseline -0.007 -16"><span class='ocrx_word' id='word_1_173' title='bbox 115 2189 216 2248; x_wconf 89' lang='lat' dir='ltr'><strong>quia</strong></span> <span class='ocrx_word' id='word_1_174' title='bbox 241 2186 401 2228; x_wconf 86' lang='lat' dir='ltr'><strong>melius</strong></span> <span class='ocrx_word' id='word_1_175' title='bbox 427 2184 537 2244; x_wconf 84' lang='lat' dir='ltr'><strong>quid</strong></span> <span class='ocrx_word' id='word_1_176' title='bbox 566 2199 658 2227; x_wconf 90' lang='lat' dir='ltr'><strong>non</strong></span> <span class='ocrx_word' id='word_1_177' title='bbox 683 2191 857 2242; x_wconf 89' lang='lat' dir='ltr'><strong>poterat</strong></span> <span class='ocrx_word' id='word_1_178' title='bbox 878 2183 1005 2226; x_wconf 87' lang='lat' dir='ltr'><strong>inve-</strong></span> 
     </span>
     <span class='ocr_line' id='line_1_35' title="bbox 113 2241 1005 2288; baseline -0.004 0"><span class='ocrx_word' id='word_1_179' title='bbox 113 2245 220 2288; x_wconf 86' lang='lat' dir='ltr'><strong>niri.</strong></span> <span class='ocrx_word' id='word_1_180' title='bbox 270 2242 360 2286; x_wconf 87' lang='lat' dir='ltr'><strong>Sed</strong></span> <span class='ocrx_word' id='word_1_181' title='bbox 415 2244 490 2285; x_wconf 87' lang='lat' dir='ltr'><strong>uid</strong></span> <span class='ocrx_word' id='word_1_182' title='bbox 516 2250 612 2285; x_wconf 88' lang='lat' dir='ltr'><strong>tum</strong></span> <span class='ocrx_word' id='word_1_183' title='bbox 631 2242 710 2284; x_wconf 92' lang='lat' dir='ltr'><strong>sibi</strong></span> <span class='ocrx_word' id='word_1_184' title='bbox 726 2241 819 2283; x_wconf 82' lang='lat' dir='ltr'><strong>vult</strong></span> <span class='ocrx_word' id='word_1_185' title='bbox 836 2242 1005 2284; x_wconf 83' lang='lat' dir='ltr'><strong>utrius-</strong></span> 
     </span>
     <span class='ocr_line' id='line_1_36' title="bbox 114 2298 1006 2359; baseline -0.002 -15"><span class='ocrx_word' id='word_1_186' title='bbox 114 2304 238 2359; x_wconf 78' lang='lat' dir='ltr'><strong>que?</strong></span> <span class='ocrx_word' id='word_1_187' title='bbox 294 2300 555 2344; x_wconf 75' lang='lat' dir='ltr'><strong>Suftciebat</strong></span> <span class='ocrx_word' id='word_1_188' title='bbox 588 2298 700 2341; x_wconf 85' lang='lat' dir='ltr'><strong>dici:</strong></span> <span class='ocrx_word' id='word_1_189' title='bbox 737 2305 780 2339; x_wconf 80' lang='lat' dir='ltr'><strong>et</strong></span> <span class='ocrx_word' id='word_1_190' title='bbox 803 2300 1006 2351; x_wconf 79' lang='lat' dir='ltr'><strong>privatis</strong></span> 
     </span>
     <span class='ocr_line' id='line_1_37' title="bbox 115 2355 1002 2402; baseline -0.005 0"><span class='ocrx_word' id='word_1_191' title='bbox 115 2361 269 2402; x_wconf 79' lang='lat' dir='ltr'><strong>rebus.</strong></span> <span class='ocrx_word' id='word_1_192' title='bbox 329 2358 480 2399; x_wconf 84' lang='lat' dir='ltr'>Miror</span> <span class='ocrx_word' id='word_1_193' title='bbox 505 2356 756 2398; x_wconf 80' lang='lat' dir='ltr'><strong>Bekke1·um</strong></span> <span class='ocrx_word' id='word_1_194' title='bbox 788 2364 830 2398; x_wconf 90' lang='lat' dir='ltr'><strong>et</strong></span> <span class='ocrx_word' id='word_1_195' title='bbox 852 2355 1002 2398; x_wconf 83' lang='lat' dir='ltr'><strong>Li&#39;me-</strong></span> 
     </span>
     <span class='ocr_line' id='line_1_38' title="bbox 114 2412 1003 2460; baseline -0.007 0"><span class='ocrx_word' id='word_1_196' title='bbox 114 2431 331 2460; x_wconf 83' lang='lat' dir='ltr'><strong>mannum</strong></span> <span class='ocrx_word' id='word_1_197' title='bbox 354 2412 551 2457; x_wconf 85' lang='lat' dir='ltr'><strong>Rhenani</strong></span> <span class='ocrx_word' id='word_1_198' title='bbox 580 2412 912 2456; x_wconf 79' lang='lat' dir='ltr'><strong>correctionem</strong></span> <span class='ocrx_word' id='word_1_199' title='bbox 935 2429 1003 2454; x_wconf 84' lang='lat' dir='ltr'><strong>re·</strong></span> 
     </span>
     <span class='ocr_line' id='line_1_39' title="bbox 113 2469 1001 2528; baseline -0.009 -9"><span class='ocrx_word' id='word_1_200' title='bbox 113 2487 319 2523; x_wconf 77' lang='lat' dir='ltr'><strong>vocasse,</strong></span> <span class='ocrx_word' id='word_1_201' title='bbox 353 2472 604 2528; x_wconf 83' lang='lat' dir='ltr'><strong>eodemque</strong></span> <span class='ocrx_word' id='word_1_202' title='bbox 631 2469 816 2512; x_wconf 83' lang='lat' dir='ltr'><strong>rediisse</strong></span> <span class='ocrx_word' id='word_1_203' title='bbox 830 2469 1001 2511; x_wconf 86' lang='lat' dir='ltr'><strong>Strom·</strong></span> 
     </span>
     <span class='ocr_line' id='line_1_40' title="bbox 112 2526 1004 2579; baseline -0.007 -4"><span class='ocrx_word' id='word_1_204' title='bbox 112 2530 348 2579; x_wconf 82' lang='lat' dir='ltr'><strong>beekium,</strong></span> <span class='ocrx_word' id='word_1_205' title='bbox 410 2528 722 2574; x_wconf 78' lang='lat' dir='ltr'><strong>Gutinannum</strong></span> <span class='ocrx_word' id='word_1_206' title='bbox 777 2535 820 2569; x_wconf 85' lang='lat' dir='ltr'><strong>et</strong></span> <span class='ocrx_word' id='word_1_207' title='bbox 861 2526 1004 2569; x_wconf 85' lang='lat' dir='ltr'><strong>Rick-</strong></span> 
     </span>
     <span class='ocr_line' id='line_1_41' title="bbox 111 2583 1003 2642; baseline -0.008 -10"><span class='ocrx_word' id='word_1_208' title='bbox 111 2587 303 2632; x_wconf 82' lang='lat' dir='ltr'><strong>lefsium.</strong></span> <span class='ocrx_word' id='word_1_209' title='bbox 363 2586 529 2632; x_wconf 89' lang='lat' dir='ltr'><strong>Melius</strong></span> <span class='ocrx_word' id='word_1_210' title='bbox 543 2583 772 2642; x_wconf 86' lang='lat' dir='ltr'><strong>Bipontini</strong></span> <span class='ocrx_word' id='word_1_211' title='bbox 797 2591 837 2626; x_wconf 84' lang='lat' dir='ltr'><strong>et</strong></span> <span class='ocrx_word' id='word_1_212' title='bbox 858 2583 1003 2626; x_wconf 85' lang='lat' dir='ltr'><strong>Ober-</strong></span> 
     </span>
     <span class='ocr_line' id='line_1_42' title="bbox 110 2643 1004 2702; baseline -0.008 -13"><span class='ocrx_word' id='word_1_213' title='bbox 110 2645 253 2696; x_wconf 89' lang='lat' dir='ltr'><strong>linus‚</strong></span> <span class='ocrx_word' id='word_1_214' title='bbox 305 2645 381 2702; x_wconf 86' lang='lat' dir='ltr'><strong>qui</strong></span> <span class='ocrx_word' id='word_1_215' title='bbox 419 2650 718 2701; x_wconf 83' lang='lat' dir='ltr'><strong>reposuerunt</strong></span> <span class='ocrx_word' id='word_1_216' title='bbox 755 2643 1004 2694; x_wconf 76' lang='lat' dir='ltr'><strong>praelatis,</strong></span> 
     </span>
     <span class='ocr_line' id='line_1_43' title="bbox 110 2698 1001 2762; baseline -0.006 -17"><span class='ocrx_word' id='word_1_217' title='bbox 110 2717 365 2762; x_wconf 85' lang='lat' dir='ltr'><strong>quanquam</strong></span> <span class='ocrx_word' id='word_1_218' title='bbox 391 2710 598 2745; x_wconf 77' lang='lat' dir='ltr'><strong>contorte</strong></span> <span class='ocrx_word' id='word_1_219' title='bbox 621 2700 855 2757; x_wconf 80' lang='lat' dir='ltr'><strong>explicant.</strong></span> <span class='ocrx_word' id='word_1_220' title='bbox 904 2698 1001 2740; x_wconf 42' lang='lat' dir='ltr'><strong>Voss</strong></span> 
     </span>
     <span class='ocr_line' id='line_1_44' title="bbox 112 2760 1001 2813; baseline -0.004 -11"><span class='ocrx_word' id='word_1_221' title='bbox 112 2761 208 2803; x_wconf 88' lang='lat' dir='ltr'><strong>lunt</strong></span> <span class='ocrx_word' id='word_1_222' title='bbox 236 2762 478 2813; x_wconf 80' lang='lat' dir='ltr'><strong>praelatas</strong></span> <span class='ocrx_word' id='word_1_223' title='bbox 514 2760 751 2812; x_wconf 82' lang='lat' dir='ltr'><strong>utriusque</strong></span> <span class='ocrx_word' id='word_1_224' title='bbox 793 2771 870 2799; x_wconf 82' lang='lat' dir='ltr'><strong>res</strong></span> <span class='ocrx_word' id='word_1_225' title='bbox 908 2771 1001 2798; x_wconf 88' lang='lat' dir='ltr'><strong>esse</strong></span> 
     </span>
     <span class='ocr_line' id='line_1_45' title="bbox 110 2813 1001 2873; baseline -0.007 -13"><span class='ocrx_word' id='word_1_226' title='bbox 110 2817 305 2860; x_wconf 79' lang='lat' dir='ltr'><strong>honores</strong></span> <span class='ocrx_word' id='word_1_227' title='bbox 357 2815 535 2873; x_wconf 89' lang='lat' dir='ltr'><strong>utrique</strong></span> <span class='ocrx_word' id='word_1_228' title='bbox 581 2815 767 2857; x_wconf 83' lang='lat' dir='ltr'><strong>delatos.</strong></span> <span class='ocrx_word' id='word_1_229' title='bbox 873 2813 1001 2870; x_wconf 88' lang='lat' dir='ltr'><strong>Quae</strong></span> 
     </span>
     <span class='ocr_line' id='line_1_46' title="bbox 111 2870 1000 2930; baseline -0.003 -14"><span class='ocrx_word' id='word_1_230' title='bbox 111 2874 326 2918; x_wconf 85' lang='lat' dir='ltr'><strong>sententia</strong></span> <span class='ocrx_word' id='word_1_231' title='bbox 377 2871 612 2930; x_wconf 85' lang='lat' dir='ltr'><strong>quomodo</strong></span> <span class='ocrx_word' id='word_1_232' title='bbox 667 2871 812 2914; x_wconf 86' lang='lat' dir='ltr'><strong>inesse</strong></span> <span class='ocrx_word' id='word_1_233' title='bbox 862 2870 1000 2929; x_wconf 79' lang='lat' dir='ltr'><strong>possit</strong></span> 
     </span>
     <span class='ocr_line' id='line_1_47' title="bbox 110 2927 998 2988; baseline -0.006 -13"><span class='ocrx_word' id='word_1_234' title='bbox 110 2938 184 2975; x_wconf 85' lang='lat' dir='ltr'><strong>aut</strong></span> <span class='ocrx_word' id='word_1_235' title='bbox 215 2929 321 2988; x_wconf 89' lang='lat' dir='ltr'><strong>quid</strong></span> <span class='ocrx_word' id='word_1_236' title='bbox 354 2930 522 2974; x_wconf 84' lang='lat' dir='ltr'><strong>faciant</strong></span> <span class='ocrx_word' id='word_1_237' title='bbox 551 2928 606 2971; x_wconf 88' lang='lat' dir='ltr'><strong>ad</strong></span> <span class='ocrx_word' id='word_1_238' title='bbox 636 2927 750 2971; x_wconf 88' lang='lat' dir='ltr'><strong>hanc</strong></span> <span class='ocrx_word' id='word_1_239' title='bbox 782 2945 878 2970; x_wconf 85' lang='lat' dir='ltr'><strong>rem</strong></span> <span class='ocrx_word' id='word_1_240' title='bbox 912 2930 998 2970; x_wconf 84' lang='lat' dir='ltr'><strong>ho·</strong></span> 
     </span>
     <span class='ocr_line' id='line_1_48' title="bbox 110 2984 997 3042; baseline -0.002 -12"><span class='ocrx_word' id='word_1_241' title='bbox 110 3003 244 3031; x_wconf 87' lang='lat' dir='ltr'><strong>nores</strong></span> <span class='ocrx_word' id='word_1_242' title='bbox 282 2990 459 3042; x_wconf 85' lang='lat' dir='ltr'><strong>utrique</strong></span> <span class='ocrx_word' id='word_1_243' title='bbox 503 2984 662 3033; x_wconf 79' lang='lat' dir='ltr'><strong>delati,</strong></span> <span class='ocrx_word' id='word_1_244' title='bbox 714 3001 807 3027; x_wconf 90' lang='lat' dir='ltr'><strong>non</strong></span> <span class='ocrx_word' id='word_1_245' title='bbox 851 2985 997 3028; x_wconf 84' lang='lat' dir='ltr'><strong>video.</strong></span> 
     </span>
     <span class='ocr_line' id='line_1_49' title="bbox 111 3042 998 3103; baseline -0.003 -16"><span class='ocrx_word' id='word_1_246' title='bbox 111 3045 267 3103; x_wconf 88' lang='lat' dir='ltr'><strong>Neque</strong></span> <span class='ocrx_word' id='word_1_247' title='bbox 297 3054 445 3087; x_wconf 87' lang='lat' dir='ltr'><strong>tamen</strong></span> <span class='ocrx_word' id='word_1_248' title='bbox 481 3044 535 3085; x_wconf 85' lang='lat' dir='ltr'><strong>de</strong></span> <span class='ocrx_word' id='word_1_249' title='bbox 558 3042 724 3085; x_wconf 86' lang='lat' dir='ltr'><strong>idoneo</strong></span> <span class='ocrx_word' id='word_1_250' title='bbox 746 3043 871 3087; x_wconf 83' lang='lat' dir='ltr'><strong>verbi</strong></span> <span class='ocrx_word' id='word_1_251' title='bbox 893 3059 998 3086; x_wconf 90' lang='lat' dir='ltr'><strong>sen-</strong></span> 
     </span>
     <span class='ocr_line' id='line_1_50' title="bbox 111 3101 995 3158; baseline -0.001 -14"><span class='ocrx_word' id='word_1_252' title='bbox 111 3117 162 3146; x_wconf 88' lang='lat' dir='ltr'><strong>su</strong></span> <span class='ocrx_word' id='word_1_253' title='bbox 195 3102 412 3158; x_wconf 84' lang='lat' dir='ltr'><strong>desperes.</strong></span> <span class='ocrx_word' id='word_1_254' title='bbox 473 3101 570 3143; x_wconf 81' lang='lat' dir='ltr'><strong>Res</strong></span> <span class='ocrx_word' id='word_1_255' title='bbox 602 3108 705 3142; x_wconf 90' lang='lat' dir='ltr'><strong>sunt</strong></span> <span class='ocrx_word' id='word_1_256' title='bbox 735 3115 808 3142; x_wconf 89' lang='lat' dir='ltr'><strong>res</strong></span> <span class='ocrx_word' id='word_1_257' title='bbox 833 3108 995 3158; x_wconf 77' lang='lat' dir='ltr'><strong>gestae.</strong></span> 
     </span>
     <span class='ocr_line' id='line_1_51' title="bbox 108 3157 998 3215; baseline -0.002 -13"><span class='ocrx_word' id='word_1_258' title='bbox 108 3159 351 3214; x_wconf 83' lang='lat' dir='ltr'><strong>Praeferri</strong></span> <span class='ocrx_word' id='word_1_259' title='bbox 398 3158 613 3201; x_wconf 89' lang='lat' dir='ltr'><strong>dicuntur</strong></span> <span class='ocrx_word' id='word_1_260' title='bbox 665 3172 736 3199; x_wconf 88' lang='lat' dir='ltr'><strong>res</strong></span> <span class='ocrx_word' id='word_1_261' title='bbox 787 3157 998 3215; x_wconf 82' lang='lat' dir='ltr'><strong>insigues,</strong></span> 
     </span>
     <span class='ocr_line' id='line_1_52' title="bbox 111 3214 996 3274; baseline -0.001 -15"><span class='ocrx_word' id='word_1_262' title='bbox 111 3216 273 3274; x_wconf 87' lang='lat' dir='ltr'><strong>quibus</strong></span> <span class='ocrx_word' id='word_1_263' title='bbox 304 3215 493 3272; x_wconf 76' lang='lat' dir='ltr'><strong>dignitas</strong></span> <span class='ocrx_word' id='word_1_264' title='bbox 530 3223 605 3256; x_wconf 89' lang='lat' dir='ltr'><strong>aut</strong></span> <span class='ocrx_word' id='word_1_265' title='bbox 637 3214 776 3272; x_wconf 81' lang='lat' dir='ltr'><strong>gloria</strong></span> <span class='ocrx_word' id='word_1_266' title='bbox 808 3214 996 3258; x_wconf 87' lang='lat' dir='ltr'><strong>alicuius</strong></span> 
     </span>
     <span class='ocr_line' id='line_1_53' title="bbox 108 3271 998 3328; baseline -0.003 -12"><span class='ocrx_word' id='word_1_267' title='bbox 108 3272 323 3324; x_wconf 72' lang='lat' dir='ltr'><strong>umescit,</strong></span> <span class='ocrx_word' id='word_1_268' title='bbox 361 3271 588 3315; x_wconf 90' lang='lat' dir='ltr'><strong>locutione</strong></span> <span class='ocrx_word' id='word_1_269' title='bbox 615 3287 637 3312; x_wconf 91' lang='lat' dir='ltr'><strong>a</strong></span> <span class='ocrx_word' id='word_1_270' title='bbox 662 3271 890 3328; x_wconf 85' lang='lat' dir='ltr'><strong>triumpho</strong></span> <span class='ocrx_word' id='word_1_271' title='bbox 923 3287 998 3314; x_wconf 87' lang='lat' dir='ltr'><strong>re-</strong></span> 
     </span>
     <span class='ocr_line' id='line_1_54' title="bbox 108 3327 998 3389; baseline -0.002 -16"><span class='ocrx_word' id='word_1_272' title='bbox 108 3330 259 3389; x_wconf 85' lang='lat' dir='ltr'><strong>petita.</strong></span> <span class='ocrx_word' id='word_1_273' title='bbox 334 3330 470 3388; x_wconf 87' lang='lat' dir='ltr'><strong>lgitur</strong></span> <span class='ocrx_word' id='word_1_274' title='bbox 497 3327 765 3372; x_wconf 83' lang='lat' dir='ltr'><strong>Germanice</strong></span> <span class='ocrx_word' id='word_1_275' title='bbox 800 3344 998 3381; x_wconf 83' lang='lat' dir='ltr'><strong>convcr-</strong></span> 
     </span>
     <span class='ocr_line' id='line_1_55' title="bbox 110 3388 993 3430; baseline -0.005 0"><span class='ocrx_word' id='word_1_276' title='bbox 110 3398 198 3430; x_wconf 82' lang='lat' dir='ltr'><strong>tas:</strong></span> <span class='ocrx_word' id='word_1_277' title='bbox 244 3391 338 3429; x_wconf 82' lang='lat' dir='ltr'><strong>und</strong></span> <span class='ocrx_word' id='word_1_278' title='bbox 366 3389 510 3430; x_wconf 76' lang='lat' dir='ltr'><strong>durch</strong></span> <span class='ocrx_word' id='word_1_279' title='bbox 542 3388 614 3427; x_wconf 78' lang='lat' dir='ltr'><strong>die</strong></span> <span class='ocrx_word' id='word_1_280' title='bbox 647 3400 727 3427; x_wconf 80' lang='lat' dir='ltr'><strong>vor</strong></span> <span class='ocrx_word' id='word_1_281' title='bbox 757 3388 849 3427; x_wconf 77' lang='lat' dir='ltr'><strong>ihm</strong></span> <span class='ocrx_word' id='word_1_282' title='bbox 880 3388 993 3428; x_wconf 79' lang='lat' dir='ltr'><strong>her-</strong></span> 
     </span>
     <span class='ocr_line' id='line_1_56' title="bbox 109 3443 994 3498; baseline 0 -12"><span class='ocrx_word' id='word_1_283' title='bbox 109 3446 343 3498; x_wconf 73' lang='lat' dir='ltr'><strong>gekendeh</strong></span> <span class='ocrx_word' id='word_1_284' title='bbox 364 3444 650 3498; x_wconf 75' lang='lat' dir='ltr'><strong>viiterh’clten</strong></span> <span class='ocrx_word' id='word_1_285' title='bbox 680 3446 779 3485; x_wconf 83' lang='lat' dir='ltr'><strong>und</strong></span> <span class='ocrx_word' id='word_1_286' title='bbox 804 3443 994 3496; x_wconf 75' lang='lat' dir='ltr'><strong>eigenen</strong></span> 
     </span>
     <span class='ocr_line' id='line_1_57' title="bbox 112 3499 995 3554; baseline 0.003 -11"><span class='ocrx_word' id='word_1_287' title='bbox 112 3502 296 3544; x_wconf 68' lang='lat' dir='ltr'><strong>[l&#39;haten</strong></span> <span class='ocrx_word' id='word_1_288' title='bbox 329 3503 400 3544; x_wconf 80' lang='lat' dir='ltr'><strong>als</strong></span> <span class='ocrx_word' id='word_1_289' title='bbox 428 3499 625 3554; x_wconf 76' lang='lat' dir='ltr'><strong>Krieger</strong></span> <span class='ocrx_word' id='word_1_290' title='bbox 660 3501 875 3544; x_wconf 61' lang='lat' dir='ltr'><strong>ber-ahma</strong></span> <span class='ocrx_word' id='word_1_291' title='bbox 908 3509 995 3546; x_wconf 79' lang='lat' dir='ltr'><strong>etc.</strong></span> 
     </span>
    </p>
   </div>
   <div class='ocr_carea' id='block_1_11' title="bbox 1087 826 1994 1468">
    <p class='ocr_par' dir='ltr' id='par_1_11' title="bbox 1087 826 1994 1468">
     <span class='ocr_line' id='line_1_58' title="bbox 1099 826 1988 876; baseline 0.007 -6"><span class='ocrx_word' id='word_1_292' title='bbox 1099 827 1310 871; x_wconf 85' lang='lat' dir='ltr'><strong>Ceterum</strong></span> <span class='ocrx_word' id='word_1_293' title='bbox 1335 826 1625 873; x_wconf 80' lang='lat' dir='ltr'><strong>Gutmannus</strong></span> <span class='ocrx_word' id='word_1_294' title='bbox 1648 827 1799 872; x_wconf 76' lang='lat' dir='ltr'><strong>locuni</strong></span> <span class='ocrx_word' id='word_1_295' title='bbox 1825 830 1988 876; x_wconf 85' lang='lat' dir='ltr'><strong>distin-</strong></span> 
     </span>
     <span class='ocr_line' id='line_1_59' title="bbox 1096 881 1988 942; baseline 0.009 -16"><span class='ocrx_word' id='word_1_296' title='bbox 1096 884 1190 942; x_wconf 83' lang='lat' dir='ltr'><strong>guit</strong></span> <span class='ocrx_word' id='word_1_297' title='bbox 1213 884 1297 928; x_wconf 79' lang='lat' dir='ltr'><strong>ita=</strong></span> <span class='ocrx_word' id='word_1_298' title='bbox 1330 885 1549 928; x_wconf 80' lang='lat' dir='ltr'><strong>Eiusdem</strong></span> <span class='ocrx_word' id='word_1_299' title='bbox 1577 915 1613 927; x_wconf 91' lang='lat'><strong>..</strong></span> <span class='ocrx_word' id='word_1_300' title='bbox 1632 916 1643 928; x_wconf 95' lang='lat'><strong>.</strong></span> <span class='ocrx_word' id='word_1_301' title='bbox 1671 901 1702 927; x_wconf 85' lang='grc' dir='ltr'><em>α</em></span> <span class='ocrx_word' id='word_1_302' title='bbox 1725 895 1874 939; x_wconf 80' lang='lat' dir='ltr'><strong>patre.</strong></span> <span class='ocrx_word' id='word_1_303' title='bbox 1925 881 1988 934; x_wconf 77' lang='lat' dir='ltr'><strong>Et</strong></span> 
     </span>
     <span class='ocr_line' id='line_1_60' title="bbox 1089 941 1989 1005; baseline 0.008 -21"><span class='ocrx_word' id='word_1_304' title='bbox 1089 943 1294 998; x_wconf 82' lang='lat' dir='ltr'><strong>privatis</strong></span> <span class='ocrx_word' id='word_1_305' title='bbox 1325 950 1411 986; x_wconf 85' lang='lat' dir='ltr'><strong>etc.</strong></span> <span class='ocrx_word' id='word_1_306' title='bbox 1496 941 1630 985; x_wconf 76' lang='lat' dir='ltr'><strong>Putat</strong></span> <span class='ocrx_word' id='word_1_307' title='bbox 1669 943 1791 985; x_wconf 89' lang='lat' dir='ltr'><strong>enim</strong></span> <span class='ocrx_word' id='word_1_308' title='bbox 1833 947 1989 1005; x_wconf 75' lang='lat' dir='ltr'><strong>dupli-</strong></span> 
     </span>
     <span class='ocr_line' id='line_1_61' title="bbox 1092 998 1994 1057; baseline 0.011 -18"><span class='ocrx_word' id='word_1_309' title='bbox 1092 1008 1194 1045; x_wconf 74' lang='lat' dir='ltr'><strong>‘cem</strong></span> <span class='ocrx_word' id='word_1_310' title='bbox 1225 998 1442 1056; x_wconf 83' lang='lat' dir='ltr'><strong>temporis</strong></span> <span class='ocrx_word' id='word_1_311' title='bbox 1485 999 1792 1044; x_wconf 72' lang='lat' dir='ltr'><strong>definitionem</strong></span> <span class='ocrx_word' id='word_1_312' title='bbox 1841 1004 1994 1057; x_wconf 82' lang='lat' dir='ltr'><strong>(anni</strong></span> 
     </span>
     <span class='ocr_line' id='line_1_62' title="bbox 1087 1058 1985 1116; baseline 0.008 -18"><span class='ocrx_word' id='word_1_313' title='bbox 1087 1058 1319 1113; x_wconf 80' lang='lat' dir='ltr'><strong>principio</strong></span> <span class='ocrx_word' id='word_1_314' title='bbox 1347 1066 1388 1099; x_wconf 86' lang='lat' dir='ltr'><strong>et</strong></span> <span class='ocrx_word' id='word_1_315' title='bbox 1417 1061 1536 1109; x_wconf 81' lang='lat' dir='ltr'><strong>tum)</strong></span> <span class='ocrx_word' id='word_1_316' title='bbox 1573 1074 1665 1100; x_wconf 91' lang='lat' dir='ltr'><strong>non</strong></span> <span class='ocrx_word' id='word_1_317' title='bbox 1696 1059 1809 1116; x_wconf 88' lang='lat' dir='ltr'><strong>pati,</strong></span> <span class='ocrx_word' id='word_1_318' title='bbox 1852 1069 1900 1102; x_wconf 84' lang='lat' dir='ltr'><strong>ut</strong></span> <span class='ocrx_word' id='word_1_319' title='bbox 1929 1061 1985 1105; x_wconf 90' lang='lat' dir='ltr'><strong>ad</strong></span> 
     </span>
     <span class='ocr_line' id='line_1_63' title="bbox 1092 1113 1985 1175; baseline 0.003 -18"><span class='ocrx_word' id='word_1_320' title='bbox 1092 1130 1235 1157; x_wconf 88' lang='lat' dir='ltr'><strong>unum</strong></span> <span class='ocrx_word' id='word_1_321' title='bbox 1281 1113 1491 1171; x_wconf 86' lang='lat' dir='ltr'><strong>idemque</strong></span> <span class='ocrx_word' id='word_1_322' title='bbox 1541 1115 1726 1157; x_wconf 83' lang='lat' dir='ltr'><strong>verbum</strong></span> <span class='ocrx_word' id='word_1_323' title='bbox 1763 1117 1985 1175; x_wconf 78' lang='lat' dir='ltr'><strong>(agebat)</strong></span> 
     </span>
     <span class='ocr_line' id='line_1_64' title="bbox 1091 1171 1987 1231; baseline 0.004 -17"><span class='ocrx_word' id='word_1_324' title='bbox 1091 1172 1328 1214; x_wconf 81' lang='lat' dir='ltr'><strong>referatur.</strong></span> <span class='ocrx_word' id='word_1_325' title='bbox 1388 1171 1589 1214; x_wconf 79' lang='lat' dir='ltr'><strong>Fallitur.</strong></span> <span class='ocrx_word' id='word_1_326' title='bbox 1646 1172 1797 1216; x_wconf 88' lang='lat' dir='ltr'><strong>Titum</strong></span> <span class='ocrx_word' id='word_1_327' title='bbox 1824 1175 1987 1231; x_wconf 89' lang='lat' dir='ltr'><strong>perdo·</strong></span> 
     </span>
     <span class='ocr_line' id='line_1_65' title="bbox 1092 1227 1984 1290; baseline 0.006 -19"><span class='ocrx_word' id='word_1_328' title='bbox 1092 1229 1277 1272; x_wconf 86' lang='lat' dir='ltr'><strong>mandae</strong></span> <span class='ocrx_word' id='word_1_329' title='bbox 1309 1229 1494 1273; x_wconf 86' lang='lat' dir='ltr'><strong>Iudaeae</strong></span> <span class='ocrx_word' id='word_1_330' title='bbox 1538 1227 1762 1273; x_wconf 85' lang='lat' dir='ltr'><strong>delectum</strong></span> <span class='ocrx_word' id='word_1_331' title='bbox 1801 1248 1825 1275; x_wconf 89' lang='lat' dir='ltr'><strong>a</strong></span> <span class='ocrx_word' id='word_1_332' title='bbox 1859 1242 1984 1290; x_wconf 84' lang='lat' dir='ltr'><strong>patre</strong></span> 
     </span>
     <span class='ocr_line' id='line_1_66' title="bbox 1091 1286 1981 1344; baseline 0.008 -17"><span class='ocrx_word' id='word_1_333' title='bbox 1091 1286 1272 1329; x_wconf 84' lang='lat' dir='ltr'><strong>Tacitus</strong></span> <span class='ocrx_word' id='word_1_334' title='bbox 1304 1286 1390 1328; x_wconf 82' lang='lat' dir='ltr'><strong>iarn</strong></span> <span class='ocrx_word' id='word_1_335' title='bbox 1426 1302 1559 1344; x_wconf 81' lang='lat' dir='ltr'><strong>supra</strong></span> <span class='ocrx_word' id='word_1_336' title='bbox 1592 1287 1631 1337; x_wconf 84' lang='lat'><strong>4,</strong></span> <span class='ocrx_word' id='word_1_337' title='bbox 1661 1287 1731 1331; x_wconf 87' lang='lat'><strong>51.</strong></span> <span class='ocrx_word' id='word_1_338' title='bbox 1766 1305 1981 1334; x_wconf 87' lang='lat' dir='ltr'><strong>narrave-</strong></span> 
     </span>
     <span class='ocr_line' id='line_1_67' title="bbox 1089 1343 1982 1404; baseline 0.004 -18"><span class='ocrx_word' id='word_1_339' title='bbox 1089 1353 1183 1387; x_wconf 70' lang='lat' dir='ltr'><strong>rate</strong></span> <span class='ocrx_word' id='word_1_340' title='bbox 1212 1359 1349 1401; x_wconf 88' lang='lat' dir='ltr'><strong>quare</strong></span> <span class='ocrx_word' id='word_1_341' title='bbox 1374 1343 1504 1389; x_wconf 79' lang='lat' dir='ltr'><strong>buius</strong></span> <span class='ocrx_word' id='word_1_342' title='bbox 1530 1344 1618 1388; x_wconf 90' lang='lat' dir='ltr'><strong>loci</strong></span> <span class='ocrx_word' id='word_1_343' title='bbox 1635 1347 1771 1390; x_wconf 86' lang='lat' dir='ltr'><strong>verba</strong></span> <span class='ocrx_word' id='word_1_344' title='bbox 1787 1346 1839 1389; x_wconf 86' lang='lat' dir='ltr'><strong>ad</strong></span> <span class='ocrx_word' id='word_1_345' title='bbox 1859 1348 1982 1404; x_wconf 82' lang='lat' dir='ltr'><strong>prius</strong></span> 
     </span>
     <span class='ocr_line' id='line_1_68' title="bbox 1090 1401 1981 1468; baseline 0.008 -25"><span class='ocrx_word' id='word_1_346' title='bbox 1090 1410 1267 1447; x_wconf 83' lang='lat' dir='ltr'><strong>narrata</strong></span> <span class='ocrx_word' id='word_1_347' title='bbox 1310 1401 1568 1468; x_wconf 56' lang='lat' dir='ltr'><strong>respiciunt.</strong></span> <span class='ocrx_word' id='word_1_348' title='bbox 1657 1401 1800 1458; x_wconf 81' lang='lat' dir='ltr'><strong>Igitur</strong></span> <span class='ocrx_word' id='word_1_349' title='bbox 1841 1405 1981 1449; x_wconf 83' lang='lat' dir='ltr'><strong>verba</strong></span> 
     </span>
    </p>
   </div>
   <div class='ocr_carea' id='block_1_12' title="bbox 1088 1459 2059 1518">
    <p class='ocr_par' dir='ltr' id='par_1_12' title="bbox 1088 1459 2059 1518">
     <span class='ocr_line' id='line_1_69' title="bbox 1088 1459 2059 1518; baseline 0.004 -17"><span class='ocrx_word' id='word_1_350' title='bbox 1088 1461 1295 1502; x_wconf 81' lang='lat' dir='ltr'><strong>eiusdem</strong></span> <span class='ocrx_word' id='word_1_351' title='bbox 1336 1459 1457 1500; x_wconf 80' lang='lat' dir='ltr'><strong>anni</strong></span> <span class='ocrx_word' id='word_1_352' title='bbox 1485 1460 1713 1514; x_wconf 69' lang='lat' dir='ltr'><strong>prmc120io</strong></span> <span class='ocrx_word' id='word_1_353' title='bbox 1752 1460 1982 1518; x_wconf 78' lang='lat' dir='ltr'><strong>pertinent</strong></span> <span class='ocrx_word' id='word_1_354' title='bbox 2049 1513 2059 1517; x_wconf 64' lang='lat'><em>„</em></span> 
     </span>
    </p>
   </div>
   <div class='ocr_carea' id='block_1_13' title="bbox 1086 1516 1980 1627">
    <p class='ocr_par' dir='ltr' id='par_1_13' title="bbox 1086 1516 1980 1627">
     <span class='ocr_line' id='line_1_70' title="bbox 1086 1516 1980 1566; baseline 0.002 -6"><span class='ocrx_word' id='word_1_355' title='bbox 1086 1516 1141 1560; x_wconf 84' lang='lat' dir='ltr'><strong>ad</strong></span> <span class='ocrx_word' id='word_1_356' title='bbox 1171 1519 1403 1558; x_wconf 76' lang='lat' dir='ltr'><strong>delectus:</strong></span> <span class='ocrx_word' id='word_1_357' title='bbox 1456 1524 1558 1558; x_wconf 81' lang='lat' dir='ltr'><strong>tum</strong></span> <span class='ocrx_word' id='word_1_358' title='bbox 1592 1517 1878 1561; x_wconf 78' lang='lat' dir='ltr'><strong>referendum</strong></span> <span class='ocrx_word' id='word_1_359' title='bbox 1914 1527 1980 1566; x_wconf 71' lang='lat' dir='ltr'><strong>cst</strong></span> 
     </span>
     <span class='ocr_line' id='line_1_71' title="bbox 1088 1574 1565 1627; baseline 0.004 -12"><span class='ocrx_word' id='word_1_360' title='bbox 1088 1574 1141 1616; x_wconf 82' lang='lat' dir='ltr'><strong>ad</strong></span> <span class='ocrx_word' id='word_1_361' title='bbox 1171 1574 1360 1620; x_wconf 87' lang='lat' dir='ltr'><strong>verbum</strong></span> <span class='ocrx_word' id='word_1_362' title='bbox 1383 1577 1565 1627; x_wconf 77' lang='lat' dir='ltr'><strong>agebat.</strong></span> 
     </span>
    </p>
   </div>
   <div class='ocr_carea' id='block_1_14' title="bbox 1075 1643 1978 2502">
    <p class='ocr_par' dir='ltr' id='par_1_14' title="bbox 1075 1643 1978 2502">
     <span class='ocr_line' id='line_1_72' title="bbox 1144 1643 1978 1698; baseline 0.007 -14"><span class='ocrx_word' id='word_1_363' title='bbox 1144 1651 1196 1684; x_wconf 79' lang='lat' dir='ltr'><strong>uc</strong></span> <span class='ocrx_word' id='word_1_364' title='bbox 1227 1656 1367 1698; x_wconf 84' lang='lat' dir='ltr'><strong>super</strong></span> <span class='ocrx_word' id='word_1_365' title='bbox 1387 1645 1658 1698; x_wconf 76' lang='lat' dir='ltr'><strong>fortunam.</strong></span> <span class='ocrx_word' id='word_1_366' title='bbox 1715 1643 1781 1687; x_wconf 78' lang='lat' dir='ltr'><strong>Ex</strong></span> <span class='ocrx_word' id='word_1_367' title='bbox 1820 1661 1978 1690; x_wconf 78' lang='lat' dir='ltr'><strong>emen·-</strong></span> 
     </span>
     <span class='ocr_line' id='line_1_73' title="bbox 1085 1700 1978 1760; baseline 0.008 -19"><span class='ocrx_word' id='word_1_368' title='bbox 1085 1700 1264 1742; x_wconf 84' lang='lat' dir='ltr'><strong>datione</strong></span> <span class='ocrx_word' id='word_1_369' title='bbox 1294 1700 1456 1758; x_wconf 76' lang='lat' dir='ltr'><strong>Lipsii‚</strong></span> <span class='ocrx_word' id='word_1_370' title='bbox 1486 1717 1619 1759; x_wconf 86' lang='lat' dir='ltr'><strong>quam</strong></span> <span class='ocrx_word' id='word_1_371' title='bbox 1653 1702 1840 1760; x_wconf 84' lang='lat' dir='ltr'><strong>praeivit</strong></span> <span class='ocrx_word' id='word_1_372' title='bbox 1874 1704 1978 1748; x_wconf 66' lang='lat' dir='ltr'><strong>eod.</strong></span> 
     </span>
     <span class='ocr_line' id='line_1_74' title="bbox 1085 1756 1978 1817; baseline 0.006 -18"><span class='ocrx_word' id='word_1_373' title='bbox 1085 1756 1352 1807; x_wconf 86' lang='lat' dir='ltr'><strong>Vaticanus,</strong></span> <span class='ocrx_word' id='word_1_374' title='bbox 1409 1759 1457 1802; x_wconf 85' lang='lat' dir='ltr'><strong>in</strong></span> <span class='ocrx_word' id='word_1_375' title='bbox 1498 1774 1589 1817; x_wconf 92' lang='lat' dir='ltr'><strong>quo</strong></span> <span class='ocrx_word' id='word_1_376' title='bbox 1612 1759 1796 1817; x_wconf 72' lang='lat' dir='ltr'><strong>Lipsius</strong></span> <span class='ocrx_word' id='word_1_377' title='bbox 1837 1761 1978 1807; x_wconf 55' lang='lat' dir='ltr'><strong>vidit.</strong></span> 
     </span>
     <span class='ocr_line' id='line_1_75' title="bbox 1083 1816 1975 1873; baseline 0.007 -17"><span class='ocrx_word' id='word_1_378' title='bbox 1083 1822 1134 1857; x_wconf 78' lang='lat' dir='ltr'><strong>ut</strong></span> <span class='ocrx_word' id='word_1_379' title='bbox 1160 1816 1402 1868; x_wconf 79' lang='lat' dir='ltr'><strong>superiori</strong></span> <span class='ocrx_word' id='word_1_380' title='bbox 1425 1831 1583 1859; x_wconf 78' lang='lat' dir='ltr'><strong>unam.</strong></span> <span class='ocrx_word' id='word_1_381' title='bbox 1671 1817 1823 1873; x_wconf 85' lang='lat' dir='ltr'><strong>Quam</strong></span> <span class='ocrx_word' id='word_1_382' title='bbox 1864 1832 1975 1862; x_wconf 66' lang='lat' dir='ltr'><strong>con-⁶</strong></span> 
     </span>
     <span class='ocr_line' id='line_1_76' title="bbox 1081 1873 1973 1932; baseline 0.004 -17"><span class='ocrx_word' id='word_1_383' title='bbox 1081 1873 1296 1915; x_wconf 85' lang='lat' dir='ltr'><strong>iecturam</strong></span> <span class='ocrx_word' id='word_1_384' title='bbox 1321 1873 1515 1918; x_wconf 83' lang='lat' dir='ltr'><strong>Pichena</strong></span> <span class='ocrx_word' id='word_1_385' title='bbox 1534 1873 1708 1932; x_wconf 83' lang='lat' dir='ltr'><strong>primus</strong></span> <span class='ocrx_word' id='word_1_386' title='bbox 1738 1875 1784 1917; x_wconf 91' lang='lat' dir='ltr'><strong>in</strong></span> <span class='ocrx_word' id='word_1_387' title='bbox 1820 1873 1973 1919; x_wconf 81' lang='lat' dir='ltr'><strong>locum</strong></span> 
     </span>
     <span class='ocr_line' id='line_1_77' title="bbox 1081 1930 1975 1987; baseline 0.004 -16"><span class='ocrx_word' id='word_1_388' title='bbox 1081 1930 1275 1986; x_wconf 88' lang='lat' dir='ltr'><strong>recepit,</strong></span> <span class='ocrx_word' id='word_1_389' title='bbox 1307 1931 1411 1987; x_wconf 85' lang='lat' dir='ltr'><strong>quia</strong></span> <span class='ocrx_word' id='word_1_390' title='bbox 1434 1932 1638 1975; x_wconf 85' lang='lat' dir='ltr'><strong>codicem</strong></span> <span class='ocrx_word' id='word_1_391' title='bbox 1662 1932 1975 1975; x_wconf 76' lang='lat' dir='ltr'><strong>Florentinum</strong></span> 
     </span>
     <span class='ocr_line' id='line_1_78' title="bbox 1082 1986 1974 2033; baseline 0.003 -3"><span class='ocrx_word' id='word_1_392' title='bbox 1082 2002 1188 2030; x_wconf 86' lang='lat' dir='ltr'><strong>cum</strong></span> <span class='ocrx_word' id='word_1_393' title='bbox 1237 1986 1318 2030; x_wconf 90' lang='lat' dir='ltr'><strong>illo</strong></span> <span class='ocrx_word' id='word_1_394' title='bbox 1363 1987 1583 2031; x_wconf 86' lang='lat' dir='ltr'><strong>Vaticano</strong></span> <span class='ocrx_word' id='word_1_395' title='bbox 1637 1989 1813 2033; x_wconf 85' lang='lat' dir='ltr'><strong>viderat</strong></span> <span class='ocrx_word' id='word_1_396' title='bbox 1859 2005 1974 2033; x_wconf 85' lang='lat' dir='ltr'><strong>con-</strong></span> 
     </span>
     <span class='ocr_line' id='line_1_79' title="bbox 1079 2044 1973 2102; baseline 0.004 -17"><span class='ocrx_word' id='word_1_397' title='bbox 1079 2044 1344 2088; x_wconf 81' lang='lat' dir='ltr'><strong>sentientem</strong></span> <span class='ocrx_word' id='word_1_398' title='bbox 1360 2078 1371 2095; x_wconf 88' lang='lat'>,</span> <span class='ocrx_word' id='word_1_399' title='bbox 1405 2047 1526 2102; x_wconf 88' lang='lat' dir='ltr'><strong>quod</strong></span> <span class='ocrx_word' id='word_1_400' title='bbox 1550 2047 1669 2089; x_wconf 83' lang='lat' dir='ltr'><strong>idem</strong></span> <span class='ocrx_word' id='word_1_401' title='bbox 1693 2054 1881 2089; x_wconf 85' lang='lat' dir='ltr'><strong>testatur</strong></span> <span class='ocrx_word' id='word_1_402' title='bbox 1896 2046 1973 2089; x_wconf 86' lang='lat' dir='ltr'><strong>Vi-</strong></span> 
     </span>
     <span class='ocr_line' id='line_1_80' title="bbox 1081 2100 1974 2160; baseline 0.004 -18"><span class='ocrx_word' id='word_1_403' title='bbox 1081 2100 1267 2145; x_wconf 82' lang='lat' dir='ltr'><strong>ctorius.</strong></span> <span class='ocrx_word' id='word_1_404' title='bbox 1367 2103 1468 2146; x_wconf 74' lang='lat' dir='ltr'><strong>MS.</strong></span> <span class='ocrx_word' id='word_1_405' title='bbox 1514 2103 1625 2147; x_wconf 85' lang='lat' dir='ltr'><strong>Bud.</strong></span> <span class='ocrx_word' id='word_1_406' title='bbox 1670 2111 1721 2144; x_wconf 79' lang='lat' dir='ltr'><strong>ut</strong></span> <span class='ocrx_word' id='word_1_407' title='bbox 1759 2107 1974 2160; x_wconf 66' lang='lat' dir='ltr'><strong>superior</strong></span> 
     </span>
     <span class='ocr_line' id='line_1_81' title="bbox 1079 2160 1973 2219; baseline 0.009 -21"><span class='ocrx_word' id='word_1_408' title='bbox 1079 2170 1241 2213; x_wconf 60' lang='lat' dir='ltr'><strong>unam.</strong></span> <span class='ocrx_word' id='word_1_409' title='bbox 1323 2160 1458 2202; x_wconf 74' lang='lat' dir='ltr'><strong>MSS.</strong></span> <span class='ocrx_word' id='word_1_410' title='bbox 1482 2160 1665 2203; x_wconf 86' lang='lat' dir='ltr'><strong>Farnes.</strong></span> <span class='ocrx_word' id='word_1_411' title='bbox 1692 2161 1804 2219; x_wconf 78' lang='lat' dir='ltr'><strong>Reg.</strong></span> <span class='ocrx_word' id='word_1_412' title='bbox 1831 2161 1973 2206; x_wconf 75' lang='lat' dir='ltr'><strong>Corb-</strong></span> 
     </span>
     <span class='ocr_line' id='line_1_82' title="bbox 1077 2215 1972 2274; baseline 0.003 -16"><span class='ocrx_word' id='word_1_413' title='bbox 1077 2216 1187 2272; x_wconf 80' lang='lat' dir='ltr'><strong>Agr.</strong></span> <span class='ocrx_word' id='word_1_414' title='bbox 1225 2216 1294 2258; x_wconf 89' lang='lat' dir='ltr'><strong>ed.</strong></span> <span class='ocrx_word' id='word_1_415' title='bbox 1329 2215 1450 2274; x_wconf 86' lang='lat' dir='ltr'><strong>Spir.</strong></span> <span class='ocrx_word' id='word_1_416' title='bbox 1488 2225 1535 2259; x_wconf 81' lang='lat' dir='ltr'><strong>ut</strong></span> <span class='ocrx_word' id='word_1_417' title='bbox 1570 2221 1779 2271; x_wconf 82' lang='lat' dir='ltr'><strong>superior</strong></span> <span class='ocrx_word' id='word_1_418' title='bbox 1815 2220 1972 2261; x_wconf 78' lang='lat' dir='ltr'><strong>omni-</strong></span> 
     </span>
     <span class='ocr_line' id='line_1_83' title="bbox 1077 2274 1970 2333; baseline 0.007 -19"><span class='ocrx_word' id='word_1_419' title='bbox 1077 2275 1187 2323; x_wconf 76' lang='lat' dir='ltr'><strong>bus,</strong></span> <span class='ocrx_word' id='word_1_420' title='bbox 1205 2274 1330 2329; x_wconf 81' lang='lat' dir='ltr'><strong>&#39;quae</strong></span> <span class='ocrx_word' id='word_1_421' title='bbox 1357 2274 1531 2333; x_wconf 83' lang='lat' dir='ltr'><strong>Ryekio</strong></span> <span class='ocrx_word' id='word_1_422' title='bbox 1564 2275 1826 2319; x_wconf 82' lang='lat' dir='ltr'><strong>videbantur</strong></span> <span class='ocrx_word' id='word_1_423' title='bbox 1854 2276 1970 2319; x_wconf 80' lang='lat' dir='ltr'><strong>haud</strong></span> 
     </span>
     <span class='ocr_line' id='line_1_84' title="bbox 1075 2331 1968 2387; baseline 0.004 -16"><span class='ocrx_word' id='word_1_424' title='bbox 1075 2331 1350 2387; x_wconf 84' lang='lat' dir='ltr'><strong>spernenda:</strong></span> <span class='ocrx_word' id='word_1_425' title='bbox 1403 2332 1478 2374; x_wconf 82' lang='lat' dir='ltr'><strong>sed</strong></span> <span class='ocrx_word' id='word_1_426' title='bbox 1513 2332 1744 2375; x_wconf 87' lang='lat' dir='ltr'><strong>Ernestius</strong></span> <span class='ocrx_word' id='word_1_427' title='bbox 1786 2350 1835 2377; x_wconf 87' lang='lat' dir='ltr'><strong>ea</strong></span> <span class='ocrx_word' id='word_1_428' title='bbox 1868 2334 1968 2376; x_wconf 89' lang='lat' dir='ltr'><strong>lan·</strong></span> 
     </span>
     <span class='ocr_line' id='line_1_85' title="bbox 1076 2387 1964 2444; baseline 0.006 -16"><span class='ocrx_word' id='word_1_429' title='bbox 1076 2387 1207 2444; x_wconf 86' lang='lat' dir='ltr'><strong>guida</strong></span> <span class='ocrx_word' id='word_1_430' title='bbox 1254 2404 1346 2431; x_wconf 89' lang='lat' dir='ltr'><strong>esse</strong></span> <span class='ocrx_word' id='word_1_431' title='bbox 1389 2389 1538 2431; x_wconf 88' lang='lat' dir='ltr'><strong>sensit.</strong></span> <span class='ocrx_word' id='word_1_432' title='bbox 1633 2391 1768 2434; x_wconf 86' lang='lat' dir='ltr'><strong>MSS.</strong></span> <span class='ocrx_word' id='word_1_433' title='bbox 1813 2389 1964 2434; x_wconf 76' lang='lat' dir='ltr'><strong>Guelf-</strong></span> 
     </span>
     <span class='ocr_line' id='line_1_86' title="bbox 1075 2444 1967 2502; baseline 0.006 -17"><span class='ocrx_word' id='word_1_434' title='bbox 1075 2444 1197 2486; x_wconf 78' lang='lat' dir='ltr'><strong>Harl.</strong></span> <span class='ocrx_word' id='word_1_435' title='bbox 1231 2444 1312 2487; x_wconf 88' lang='lat' dir='ltr'><strong>les.</strong></span> <span class='ocrx_word' id='word_1_436' title='bbox 1344 2453 1393 2489; x_wconf 81' lang='lat' dir='ltr'><strong>ut</strong></span> <span class='ocrx_word' id='word_1_437' title='bbox 1430 2447 1624 2501; x_wconf 81' lang='lat' dir='ltr'><strong>imperio</strong></span> <span class='ocrx_word' id='word_1_438' title='bbox 1660 2448 1829 2502; x_wconf 71' lang='lat' dir='ltr'><strong>dignus</strong></span> <span class='ocrx_word' id='word_1_439' title='bbox 1869 2449 1967 2490; x_wconf 81' lang='lat' dir='ltr'><strong>iam</strong></span> 
     </span>
    </p>
   </div>
   <div class='ocr_carea' id='block_1_15' title="bbox 1017 2502 1967 2548">
    <p class='ocr_par' dir='ltr' id='par_1_15' title="bbox 1017 2502 1967 2548">
     <span class='ocr_line' id='line_1_87' title="bbox 1017 2502 1967 2548; baseline 0.006 -6"><span class='ocrx_word' id='word_1_440' title='bbox 1017 2531 1021 2537; x_wconf 86' lang='lat'><strong>.</strong></span> <span class='ocrx_word' id='word_1_441' title='bbox 1075 2504 1347 2547; x_wconf 83' lang='lat' dir='ltr'><strong>crederetur.</strong></span> <span class='ocrx_word' id='word_1_442' title='bbox 1410 2502 1967 2548; x_wconf 85' lang='lat' dir='ltr'><strong>MS.Bodl.edd.Puteol.</strong></span> 
     </span>
    </p>
   </div>
   <div class='ocr_carea' id='block_1_16' title="bbox 1071 2558 1966 3003">
    <p class='ocr_par' dir='ltr' id='par_1_16' title="bbox 1071 2558 1966 3003">
     <span class='ocr_line' id='line_1_88' title="bbox 1074 2558 1966 2616; baseline 0.007 -16"><span class='ocrx_word' id='word_1_443' title='bbox 1074 2574 1172 2616; x_wconf 79' lang='lat' dir='ltr'><strong>sqq.</strong></span> <span class='ocrx_word' id='word_1_444' title='bbox 1186 2558 1238 2599; x_wconf 87' lang='lat' dir='ltr'><strong>ad</strong></span> <span class='ocrx_word' id='word_1_445' title='bbox 1254 2560 1493 2603; x_wconf 83' lang='lat' dir='ltr'><strong>Pichenam</strong></span> <span class='ocrx_word' id='word_1_446' title='bbox 1507 2569 1556 2602; x_wconf 83' lang='lat' dir='ltr'><strong>ut</strong></span> <span class='ocrx_word' id='word_1_447' title='bbox 1566 2563 1774 2616; x_wconf 81' lang='lat' dir='ltr'><strong>superior</strong></span> <span class='ocrx_word' id='word_1_448' title='bbox 1786 2565 1966 2606; x_wconf 83' lang='lat' dir='ltr'><strong>suiiam</strong></span> 
     </span>
     <span class='ocr_line' id='line_1_89' title="bbox 1076 2615 1965 2668; baseline 0.004 -10"><span class='ocrx_word' id='word_1_449' title='bbox 1076 2619 1359 2659; x_wconf 77' lang='lat' dir='ltr'><strong>crederetur.</strong></span> <span class='ocrx_word' id='word_1_450' title='bbox 1456 2615 1700 2662; x_wconf 86' lang='lat' dir='ltr'><strong>Rhenanus</strong></span> <span class='ocrx_word' id='word_1_451' title='bbox 1749 2621 1965 2668; x_wconf 83' lang='lat' dir='ltr'><strong>coniecit:</strong></span> 
     </span>
     <span class='ocr_line' id='line_1_90' title="bbox 1075 2675 1966 2730; baseline 0.004 -14"><span class='ocrx_word' id='word_1_452' title='bbox 1075 2681 1127 2716; x_wconf 84' lang='lat' dir='ltr'><strong>ut</strong></span> <span class='ocrx_word' id='word_1_453' title='bbox 1138 2675 1370 2726; x_wconf 80' lang='lat' dir='ltr'><strong>superiori</strong></span> <span class='ocrx_word' id='word_1_454' title='bbox 1382 2676 1462 2717; x_wconf 79' lang='lat' dir='ltr'><strong>via</strong></span> <span class='ocrx_word' id='word_1_455' title='bbox 1478 2676 1814 2730; x_wconf 76' lang='lat' dir='ltr'><strong>ingrederetur.</strong></span> <span class='ocrx_word' id='word_1_456' title='bbox 1850 2676 1892 2730; x_wconf 86' lang='lat' dir='ltr'>T</span> <span class='ocrx_word' id='word_1_457' title='bbox 1893 2677 1966 2720; x_wconf 86' lang='lat' dir='ltr'><strong>ril-</strong></span> 
     </span>
     <span class='ocr_line' id='line_1_91' title="bbox 1074 2729 1966 2785; baseline 0.008 -14"><span class='ocrx_word' id='word_1_458' title='bbox 1074 2729 1217 2772; x_wconf 89' lang='lat' dir='ltr'><strong>lerus:</strong></span> <span class='ocrx_word' id='word_1_459' title='bbox 1260 2739 1310 2772; x_wconf 80' lang='lat' dir='ltr'><strong>ut</strong></span> <span class='ocrx_word' id='word_1_460' title='bbox 1331 2735 1546 2785; x_wconf 78' lang='lat' dir='ltr'><strong>superior</strong></span> <span class='ocrx_word' id='word_1_461' title='bbox 1567 2736 1726 2775; x_wconf 79' lang='lat' dir='ltr'><strong>animo</strong></span> <span class='ocrx_word' id='word_1_462' title='bbox 1748 2733 1966 2778; x_wconf 63' lang='lat' dir='ltr'><strong>credere-</strong></span> 
     </span>
     <span class='ocr_line' id='line_1_92' title="bbox 1075 2787 1961 2850; baseline 0.007 -21"><span class='ocrx_word' id='word_1_463' title='bbox 1075 2797 1168 2831; x_wconf 82' lang='lat' dir='ltr'><strong>tur.</strong></span> <span class='ocrx_word' id='word_1_464' title='bbox 1228 2787 1480 2832; x_wconf 84' lang='lat' dir='ltr'><strong>Ernestius:</strong></span> <span class='ocrx_word' id='word_1_465' title='bbox 1514 2797 1566 2831; x_wconf 83' lang='lat' dir='ltr'><strong>ut</strong></span> <span class='ocrx_word' id='word_1_466' title='bbox 1596 2806 1709 2834; x_wconf 74' lang='lat' dir='ltr'><strong>suae</strong></span> <span class='ocrx_word' id='word_1_467' title='bbox 1736 2805 1830 2845; x_wconf 82' lang='lat' dir='ltr'><strong>par</strong></span> <span class='ocrx_word' id='word_1_468' title='bbox 1847 2793 1961 2850; x_wconf 87' lang='lat' dir='ltr'><strong>sor-</strong></span> 
     </span>
     <span class='ocr_line' id='line_1_93' title="bbox 1073 2848 1961 2894; baseline 0.008 -9"><span class='ocrx_word' id='word_1_469' title='bbox 1073 2851 1219 2887; x_wconf 77' lang='lat' dir='ltr'><strong>tunae</strong></span> <span class='ocrx_word' id='word_1_470' title='bbox 1255 2850 1534 2890; x_wconf 81' lang='lat' dir='ltr'><strong>crederetur.</strong></span> <span class='ocrx_word' id='word_1_471' title='bbox 1623 2849 1680 2890; x_wconf 79' lang='lat' dir='ltr'><strong>At</strong></span> <span class='ocrx_word' id='word_1_472' title='bbox 1721 2848 1828 2894; x_wconf 84' lang='lat' dir='ltr'><strong>haec</strong></span> <span class='ocrx_word' id='word_1_473' title='bbox 1868 2866 1961 2892; x_wconf 88' lang='lat' dir='ltr'><strong>non</strong></span> 
     </span>
     <span class='ocr_line' id='line_1_94' title="bbox 1071 2900 1960 3001; baseline 0.009 -58"><span class='ocrx_word' id='word_1_474' title='bbox 1071 2902 1246 3001; x_wconf 53' lang='grc' dir='ltr'><strong>ἓεΙῃειἙ</strong></span> <span class='ocrx_word' id='word_1_475' title='bbox 1263 2904 1317 2946; x_wconf 89' lang='lat' dir='ltr'><strong>ad</strong></span> <span class='ocrx_word' id='word_1_476' title='bbox 1335 2904 1643 2963; x_wconf 88' lang='lat' dir='ltr'><strong>depellendam</strong></span> <span class='ocrx_word' id='word_1_477' title='bbox 1653 2900 1789 2966; x_wconf 76' lang='lat' dir='ltr'><strong>Li&#39;psii</strong></span> <span class='ocrx_word' id='word_1_478' title='bbox 1813 2923 1960 2951; x_wconf 87' lang='lat' dir='ltr'><strong>emen-</strong></span> 
     </span>
     <span class='ocr_line' id='line_1_95' title="bbox 1103 2968 1867 3003; baseline 0.007 -1"><span class='ocrx_word' id='word_1_479' title='bbox 1103 2968 1318 3003; x_wconf 72' lang='lat' dir='ltr'><strong>ationem.</strong></span> <span class='ocrx_word' id='word_1_480' title='bbox 1860 2971 1867 2975; x_wconf 41' lang='lat'>⁸</span> 
     </span>
    </p>
   </div>
   <div class='ocr_carea' id='block_1_17' title="bbox 1067 3045 1958 3330">
    <p class='ocr_par' dir='ltr' id='par_1_17' title="bbox 1067 3045 1958 3330">
     <span class='ocr_line' id='line_1_96' title="bbox 1127 3045 1957 3103; baseline 0.008 -20"><span class='ocrx_word' id='word_1_481' title='bbox 1127 3045 1344 3084; x_wconf 78' lang='lat' dir='ltr'><strong>decorum</strong></span> <span class='ocrx_word' id='word_1_482' title='bbox 1367 3057 1418 3086; x_wconf 90' lang='lat' dir='ltr'><strong>se</strong></span> <span class='ocrx_word' id='word_1_483' title='bbox 1433 3054 1796 3103; x_wconf 81' lang='lat' dir='ltr'><strong>promptumque</strong></span> <span class='ocrx_word' id='word_1_484' title='bbox 1816 3049 1865 3090; x_wconf 87' lang='lat' dir='ltr'><strong>in</strong></span> <span class='ocrx_word' id='word_1_485' title='bbox 1882 3062 1957 3090; x_wconf 84' lang='lat' dir='ltr'><strong>ar-</strong></span> 
     </span>
     <span class='ocr_line' id='line_1_97' title="bbox 1069 3099 1958 3162; baseline 0.008 -22"><span class='ocrx_word' id='word_1_486' title='bbox 1069 3101 1169 3141; x_wconf 70' lang='lat' dir='ltr'><strong>mis.</strong></span> <span class='ocrx_word' id='word_1_487' title='bbox 1237 3099 1321 3144; x_wconf 87' lang='lat' dir='ltr'><strong>Ed.</strong></span> <span class='ocrx_word' id='word_1_488' title='bbox 1353 3101 1474 3159; x_wconf 88' lang='lat' dir='ltr'><strong>Spir.</strong></span> <span class='ocrx_word' id='word_1_489' title='bbox 1508 3119 1589 3162; x_wconf 87' lang='lat' dir='ltr'><strong>pro</strong></span> <span class='ocrx_word' id='word_1_490' title='bbox 1619 3108 1843 3148; x_wconf 77' lang='lat' dir='ltr'><strong>decorum</strong></span> <span class='ocrx_word' id='word_1_491' title='bbox 1871 3105 1958 3147; x_wconf 82' lang='lat' dir='ltr'><strong>sert</strong></span> 
     </span>
     <span class='ocr_line' id='line_1_98' title="bbox 1068 3158 1954 3222; baseline 0.01 -24"><span class='ocrx_word' id='word_1_492' title='bbox 1068 3160 1264 3222; x_wconf 60' lang='lat' dir='ltr'><strong>esurum.</strong></span> <span class='ocrx_word' id='word_1_493' title='bbox 1326 3158 1560 3216; x_wconf 81' lang='lat' dir='ltr'><strong>Vulgatam</strong></span> <span class='ocrx_word' id='word_1_494' title='bbox 1591 3162 1855 3220; x_wconf 83' lang='lat' dir='ltr'><strong>scripturam</strong></span> <span class='ocrx_word' id='word_1_495' title='bbox 1882 3178 1954 3206; x_wconf 81' lang='lat' dir='ltr'><strong>va-</strong></span> 
     </span>
     <span class='ocr_line' id='line_1_99' title="bbox 1068 3218 1952 3276; baseline 0.006 -20"><span class='ocrx_word' id='word_1_496' title='bbox 1068 3229 1134 3256; x_wconf 78' lang='lat' dir='ltr'><strong>rte</strong></span> <span class='ocrx_word' id='word_1_497' title='bbox 1167 3222 1532 3270; x_wconf 76' lang='lat' dir='ltr'><strong>interpretantur.</strong></span> <span class='ocrx_word' id='word_1_498' title='bbox 1585 3218 1952 3276; x_wconf 67' lang='lat' dir='ltr'><strong>Sti-omb&#39;eclxius:</strong></span> 
     </span>
     <span class='ocr_line' id='line_1_100' title="bbox 1067 3272 1953 3330; baseline 0.006 -17"><span class='ocrx_word' id='word_1_499' title='bbox 1067 3277 1184 3313; x_wconf 81' lang='lat' dir='ltr'><strong>stets</strong></span> <span class='ocrx_word' id='word_1_500' title='bbox 1215 3272 1364 3327; x_wconf 68' lang='lat' dir='ltr'><strong>tlzezeig</strong></span> <span class='ocrx_word' id='word_1_501' title='bbox 1384 3274 1433 3316; x_wconf 81' lang='lat' dir='ltr'><strong>in</strong></span> <span class='ocrx_word' id='word_1_502' title='bbox 1455 3277 1710 3319; x_wconf 74' lang='lat' dir='ltr'><strong>herrliclzer</strong></span> <span class='ocrx_word' id='word_1_503' title='bbox 1736 3275 1953 3330; x_wconf 78' lang='lat' dir='ltr'><strong>Waffen-</strong></span> 
     </span>
    </p>
   </div>
   <div class='ocr_carea' id='block_1_18' title="bbox 1066 3325 1952 3391">
    <p class='ocr_par' dir='ltr' id='par_1_18' title="bbox 1066 3325 1952 3391">
     <span class='ocr_line' id='line_1_101' title="bbox 1066 3325 1952 3391; baseline 0.008 -22"><span class='ocrx_word' id='word_1_504' title='bbox 1066 3333 1275 3382; x_wconf 69' lang='lat' dir='ltr'><strong>riistung.</strong></span> <span class='ocrx_word' id='word_1_505' title='bbox 1354 3331 1442 3375; x_wconf 85' lang='lat' dir='ltr'><strong>Sed</strong></span> <span class='ocrx_word' id='word_1_506' title='bbox 1482 3333 1535 3375; x_wconf 88' lang='lat' dir='ltr'><strong>de</strong></span> <span class='ocrx_word' id='word_1_507' title='bbox 1576 3325 1773 3391; x_wconf 64' lang='lat' dir='ltr'><strong>pulchris</strong></span> <span class='ocrx_word' id='word_1_508' title='bbox 1816 3333 1952 3376; x_wconf 86' lang='lat' dir='ltr'><strong>armis</strong></span> 
     </span>
    </p>
   </div>
   <div class='ocr_carea' id='block_1_19' title="bbox 1058 3385 1951 3435">
    <p class='ocr_par' dir='ltr' id='par_1_19' title="bbox 1058 3385 1951 3435">
     <span class='ocr_line' id='line_1_102' title="bbox 1058 3385 1951 3435; baseline 0.007 -9"><span class='ocrx_word' id='word_1_509' title='bbox 1058 3385 1139 3427; x_wconf 74' lang='lat' dir='ltr'><strong>&#39;liic</strong></span> <span class='ocrx_word' id='word_1_510' title='bbox 1163 3400 1256 3428; x_wconf 89' lang='lat' dir='ltr'><strong>non</strong></span> <span class='ocrx_word' id='word_1_511' title='bbox 1281 3402 1373 3431; x_wconf 79' lang='lat' dir='ltr'><strong>esse</strong></span> <span class='ocrx_word' id='word_1_512' title='bbox 1393 3393 1648 3431; x_wconf 80' lang='lat' dir='ltr'><strong>sermonem</strong></span> <span class='ocrx_word' id='word_1_513' title='bbox 1677 3390 1789 3432; x_wconf 87' lang='lat' dir='ltr'><strong>bene</strong></span> <span class='ocrx_word' id='word_1_514' title='bbox 1815 3389 1951 3435; x_wconf 58' lang='lat' dir='ltr'><strong>vide-</strong></span> 
     </span>
    </p>
   </div>
   <div class='ocr_carea' id='block_1_20' title="bbox 1066 3441 1951 3562">
    <p class='ocr_par' dir='ltr' id='par_1_20' title="bbox 1066 3441 1951 3562">
     <span class='ocr_line' id='line_1_103' title="bbox 1066 3441 1951 3504; baseline 0.008 -20"><span class='ocrx_word' id='word_1_515' title='bbox 1066 3450 1172 3485; x_wconf 88' lang='lat' dir='ltr'><strong>runt</strong></span> <span class='ocrx_word' id='word_1_516' title='bbox 1193 3441 1432 3489; x_wconf 83' lang='lat' dir='ltr'><strong>Lamallius</strong></span> <span class='ocrx_word' id='word_1_517' title='bbox 1453 3456 1494 3490; x_wconf 89' lang='lat' dir='ltr'><strong>et</strong></span> <span class='ocrx_word' id='word_1_518' title='bbox 1507 3447 1819 3500; x_wconf 83' lang='lat' dir='ltr'><strong>Gutmannus,</strong></span> <span class='ocrx_word' id='word_1_519' title='bbox 1842 3462 1951 3504; x_wconf 88' lang='lat' dir='ltr'><strong>quo·</strong></span> 
     </span>
     <span class='ocr_line' id='line_1_104' title="bbox 1066 3499 1951 3562; baseline 0.007 -20"><span class='ocrx_word' id='word_1_520' title='bbox 1066 3515 1167 3543; x_wconf 87' lang='lat' dir='ltr'><strong>rum</strong></span> <span class='ocrx_word' id='word_1_521' title='bbox 1205 3499 1278 3545; x_wconf 71' lang='lat' dir='ltr'><strong>hic</strong></span> <span class='ocrx_word' id='word_1_522' title='bbox 1309 3499 1458 3547; x_wconf 86' lang='lat' dir='ltr'><strong>locum</strong></span> <span class='ocrx_word' id='word_1_523' title='bbox 1497 3503 1705 3561; x_wconf 80' lang='lat' dir='ltr'><strong>explicat:</strong></span> <span class='ocrx_word' id='word_1_524' title='bbox 1747 3506 1951 3562; x_wconf 77' lang='lat' dir='ltr'><strong>erschien</strong></span> 
     </span>
    </p>
   </div>
  </div>
 </body>
</html>
