2138 4030
166 258 214 293 A.
233 257 282 293 U.
296 255 381 290 823.

163 304 216 338 A.
231 301 278 337 C.
316 300 376 334 70.

574 258 749 320 [ΑΒ.
783 257 920 319 111.-
969 236 1161 319 CA'P.
1203 259 1296 318 18.
1339 260 1434 319 19.
1798 263 1949 327 279χ

77 404 170 450 tus
192 393 370 467 pedes
395 407 688 467 equesque
711 407 923 462 rupere
947 386 1247 461 legionum
1273 405 1496 460 agmen.
1585 401 1640 446 et
1671 391 1934 466 propin„

79 497 193 554 qua
228 474 719 534 Cremonensium
761 471 994 528 moenia
1031 482 1260 549 quanto
1308 472 1443 546 plus
1490 473 1611 546 spei
1653 477 1727 530 ad
1768 476 1935 537 effu-'

76 561 236 636 gium
254 607 270 630 ,
306 560 596 616 minorem
619 559 693 613 ad
717 557 1109 615 resistendum
1126 555 1400 612 animum
1427 557 1663 617 dabant.

242 643 408 705 XIX.
448 643 571 701 Nec
595 637 894 699 Antonius
919 642 1074 697 ultra
1102 641 1315 698 institit
1336 661 1562 697 memor
1596 643 1816 699 laboris
1850 665 1916 702 ac

74 731 418 799 vulnerum,
481 728 695 804 quibus
729 738 850 783 tam
886 746 1098 800 anceps
1132 726 1343 800 proelii
1378 727 1616 789 fortuna
1654 730 1919 802 quamvis

76 820 356 890 prospero
378 815 493 871 fine
517 813 737 890 equites
760 830 1055 887 equosque
1078 803 1492 867 a’dflictaverat.
1535 809 1916 870 Inumbrante

77 919 314 975 vespera
340 899 684 956 universum
706 895 978 952 Flaviani
1005 895 1286 951 exercitus
1312 897 1498 953 robur·
1522 897 1777 956 advenit.
1822 910 1917 954 ut—

77 1005 190 1061 que
233 985 496 1041 cumulos
534 1002 709 1057 super
743 992 799 1038 et
837 981 1090 1037 recentia
1131 983 1304 1036 caede
1341 981 1585 1055 vestigia
1617 982 1919 1051 incessere,

76 1069 243 1146 quasi
276 1069 632 1125 debellatum
665 1068 852 1136 foret,
897 1084 1134 1141 pergere
1159 1063 1513 1124 Cremonam
1548 1078 1603 1124 et
1634 1067 1819 1122 victos
1851 1067 1915 1122 in

75 1155 435 1211 deditionem
461 1153 722 1226 accipere
748 1163 848 1207 aut
875 1170 1203 1225 expugnare
1237 1152 1576 1225 deposcunt.
1659 1150 1820 1207 Haec
1853 1152 1914 1207 in'

75 1240 301 1307 medio,
359 1233 605 1313 pulchra
649 1237 828 1295 dictu.
915 1236 1018 1291 illa
1058 1236 1173 1291 sibi
1213 1236 1485 1311 quisque:
1550 1256 1719 1311 posse
1759 1237 1919 1293 colo-

73 1325 235 1379 niam
262 1325 438 1398 plano
467 1323 635 1379 sitam
663 1322 887 1396 impetu
914 1320 1061 1395 capi.
1146 1321 1303 1376 idem
1331 1321 1607 1377 audaciae
1630 1342 1734 1396 per
1758 1334 1922 1382 tene-

65 1410 209 1465 ‘bras
271 1407 748 1481 inrumpentibus
811 1417 867 1462 et
923 1405 1207 1460 maiorem
1270 1405 1540 1481 rapiendi
1606 1406 1920 1465 licentiam.

75 1493 229 1570 quod
269 1493 318 1547 si
351 1493 542 1549 lucem
578 1491 990 1566 opperiantur,
1048 1490 1166 1545 iam
1196 1510 1430 1564 pacem,
1480 1491 1599 1546 iam
1634 1512 1834 1566 preces
1864 1505 1919 1548 et

73 1599 179 1654 pro
215 1578 417 1634 labore
452 1597 517 1633 ac
554 1576 899 1633 vulneribus
937 1576 1304 1633 clementiam
1341 1586 1395 1632 et
1435 1576 1681 1649 gloriam
1720 1576 1921 1634 inania

103 1813 158 1841 ue
181 1797 234 1840 ad
256 1796 478 1842 Pichenae
501 1796 857 1841 emendationem
884 1795 962 1851 (cf.

121 1863 322 1898 utmann.
346 1855 399 1898 ad
422 1854 467 1897 h·
488 1855 539 1910 l.)
560 1855 626 1898 vel
646 1854 857 1896 suadeant
878 1852 962 1894 alia

75 1911 225 1955 minus
249 1912 381 1954 etiam
406 1912 608 1970 speciosa
641 1911 720 1967 (cf.
746 1908 963 1954 Rieklefs.

73 1969 127 2012 ad
149 1969 194 2013 h.
216 1969 283 2024 1.).

127 2055 271 2107 pedes
305 2066 544 2108 equesque.
603 2051 680 2095 Sic
715 2050 816 2093 edd.
843 2049 962 2106 Spir-

71 2110 177 2153 Put.
200 2109 302 2152 Ber.
330 2111 452 2175 (cum
475 2108 619 2170 silent.
643 2108 782 2177 Vi‘fftss)
803 2122 899 2164 sqq.
923 2113 965 2147 et

66 2165 616 2280 ψὲῑςῖιᾳῗῑξξῗὲμᾳῑε,
639 2163 964 2285 &satiat

74 2280 288 2325 Oberlin.
319 2297 444 2339 sqq.,
491 2281 593 2338 quia
634 2279 744 2323 haec
787 2277 960 2336 legend}

6 2339 23 2345 ”
71 2339 189 2383 ratio
221 2338 278 2381 sit
313 2338 514 2381 mollior.
583 2336 669 2379 Sed
707 2336 805 2395 quis
837 2334 966 2378 tollet

75 2395 285 2441 duritiem
334 2395 445 2438 infr.
493 2411 534 2438 c.
575 2395 644 2437 19.
692 2394 739 2436 in
791 2394 965 2448 equites

73 2467 317 2510 equosque.

131 2538 339 2578 raperes
365 2522 584 2581 Ed.spir.
610 2535 814 2577 erupere.
860 2518 964 2562 MS.

72 2580 184 2639 Agr.
212 2583 432 2636 irrupere.

131 2652 377 2696 minorem.
435 2650 549 2693 Edd.
577 2658 678 2694 ante
701 2648 966 2691 Rhenanum

76 2716 119 2752 et
141 2708 300 2751 deinde
323 2707 496 2751 Ernest.
514 2725 566 2767 sq
605 2740 615 2750 .
637 2707 807 2750 addunt
833 2712 969 2746 tanto

78 2773 180 2809 ante
237 2767 481 2807 minorem.
614 2771 805 2822 espuunt
857 2762 968 2804 illud

79 2821 213 2866 MSS.
234 2821 356 2865 Flor.
380 2822 497 2876 (test.
514 2822 651 2878 Vici.)
673 2820 787 2863 liud.
812 2818 967 2863 Guelf.

80 2879 241 2936 aliique
263 2879 394 2922 codd.
409 2879 561 2931 MSS„
583 2879 667 2921 nisi
691 2876 811 2936 quod
837 2883 971 2919 tanto

79 2935 280 2980 additum
321 2944 385 2978 est
427 2936 473 2978 in
519 2952 658 2992 marg.
703 2935 805 2977 eod.
843 2933 970 2976 llari.

81 2993 250 3044 Deleo,
298 2993 398 3050 quia
423 2992 468 3034 id
493 2993 841 3036 additamentum
875 3006 966 3033 non

18 3056 19 3059 ’
81 3050 332 3093 necessario
371 3049 494 3092 adest
534 3059 576 3093 et
617 3066 666 3092 ex
702 3046 968 3091 emendandi

79 3107 228 3151 studio
252 3106 431 3152 videtur
462 3106 735 3164 profectum.
797 3104 857 3148 cf.
878 3107 971 3149 An.

84 3171 121 3216 1,
143 3164 215 3207 74.
247 3171 507 3221 quantoque
530 3165 762 3206 incautius
787 3162 971 3216 efferve-

83 3229 185 3272 ναί,
215 3222 505 3276 poenitentia
528 3221 719 3276 patiens
752 3222 855 3261 tulit
886 3227 973 3261 etc.

84 3280 126 3329 2,
148 3278 188 3319 5.
213 3285 388 3334 quanto
410 3281 598 3320 acriora
620 3279 668 3319 in
691 3291 796 3318 eum
820 3277 974 3319 studia

86 3337 288 3378 militum
313 3342 356 3376 et
376 3349 545 3377 aversa
559 3334 726 3390 patrui
742 3336 972 3382 voluntas,

86 3391 355 3436 celerandae
379 3392 598 3434 victoriae
619 3392 839 3434 intentior
860 3399 973 3442 eice,

88 3449 199 3492 nist.
219 3450 262 3498 2,
286 3451 354 3491 11.
388 3450 556 3503 legioni
573 3463 660 3503 quo
677 3451 784 3501 plus
805 3449 973 3490 virium

90 3519 145 3546 ac
191 3507 372 3549 roboris
394 3539 404 3557 ‚

105 3561 112 3571 ι
471 3522 495 3549 e
543 3507 720 3563 fiducia
773 3507 975 3553 tarditas

95 3571 260 3606 meret.

1091 1792 1203 1837 CAP.
1228 1794 1295 1837 19.
1347 1794 1525 1838 amavit.
1586 1793 1690 1839 MS.
1712 1794 1827 1840 Bud.
1852 1797 1924 1840 in·-

1032 1852 1175 1893 sistlt.
1869 1888 1875 1893 .

1087 1909 1261 1962 proelii
1266 1907 1492 1964 fortuna.
1553 1909 1630 1952 Sic
1651 1910 1786 1954 MSS.
1799 1911 1920 1954 Flor.

1035 1964 1286 2018 (test.Vict.
1315 1982 1420 2008 cum
1440 1964 1584 2023 Pich.)
1607 1967 1920 2012 Farnes.Bud.

1034 2023 1143 2078 Reg.
1173 2021 1308 2070 Corb,
1341 2023 1441 2065 edd.
1470 2022 1585 2080 Spir.
1609 2024 1728 2080 Lips.
1761 2026 1923 2082 (1607.)

1035 2079 1160 2121 Pich.
1186 2078 1316 2121 Grut.
1345 2095 1442 2136 sqq.
1479 2109 1538 2115 —
1595 2083 1707 2123 belli
1720 2083 1923 2137 fortuna

1035 2135 1168 2179 MSS.
1192 2135 1340 2179 Guelf.
1371 2136 1492 2181 Harl.
1521 2138 1653 2182 Bodl.
1689 2140 1752 2194 (in
1784 2157 1926 2208 marg.

1029 2194 1184 2249 prelii)
1208 2194 1291 2236 les.
1316 2194 1415 2238 edd.
1431 2193 1533 2238 Put.
1551 2211 1650 2254 sqq.
1672 2212 1775 2241 cum
1790 2198 1926 2256 Lipsii

1034 2251 1274 2308 prioribus·
1315 2250 1481 2294 Eadem
1503 2255 1691 2299 varietas
1711 2255 1925 2312 frequens

1034 2315 1100 2350 est
1125 2308 1171 2350 in
1199 2315 1308 2352 vett.
1335 2309 1479 2352 libris.
1511 2308 1570 2355 cf.
1592 2320 1687 2356 noi.
1709 2313 1763 2355 ad
1789 2330 1829 2356 c.
1851 2313 1922 2357 32.

1035 2374 1078 2408 et
1101 2366 1143 2417 2,
1167 2365 1238 2409 44.
1265 2367 1307 2414 4,
1330 2366 1400 2409 67.

1094 2424 1304 2464 cumulos
1325 2437 1478 2479 super.
1541 2426 1603 2469 ef.
1616 2426 1709 2469 Liv.
1730 2429 1795 2476 10,
1808 2429 1876 2471 29.

1095 2481 1177 2521 illa
1216 2479 1317 2522 sibi.
1387 2481 1428 2526 A
1465 2481 1569 2524 MS.
1601 2485 1739 2528 corb.
1776 2494 1818 2528 et
1855 2484 1926 2532 ed.

1039 2536 1156 2592 Spir.
1183 2537 1303 2579 abest
1325 2537 1434 2586 illa,
1463 2547 1507 2582 et
1528 2540 1599 2583 ed.
1624 2540 1740 2598 Spir.
1768 2544 1924 2588 vei-bat

1038 2593 1170 2636 Haeo
1206 2595 1252 2635 in
1296 2597 1448 2637 medio
1488 2626 1500 2638 .
1531 2627 1544 2640 .
1577 2628 1588 2640 .
1625 2629 1636 2640 .
1676 2601 1784 2653 capi
1831 2601 1926 2646 sine

1039 2649 1324 2694 distinctione
1345 2651 1491 2695 habet.

1093 2709 1244 2760 plano
1274 2709 1428 2752 sitam.
1489 2710 1564 2754 Sic
1591 2711 1722 2755 MSS.
1755 2723 1798 2758 et
1823 2716 1926 2761 edd.

1040 2764 1159 2822 Spir.
1183 2764 1285 2805 Put.
1314 2765 1383 2808 M.
1412 2765 1619 2810 Beroald.
1640 2770 1763 2823 (eum
1785 2773 1927 2819 silent.

1041 2822 1181 2878 vict.)
1204 2820 1348 2863 Rhen.
1368 2838 1469 2918 sqql.
1503 2847 1562 2856 --
1619 2827 1667 2868 in
1688 2830 1836 2883 plano
1860 2835 1926 2874 si-

1042 2888 1145 2920 tam
1172 2878 1275 2920 edd.
1300 2879 1404 2924 Put.
1469 2912 1481 2924 .
1507 2880 1610 2924 Ale.
1671 2885 1730 2928 cf.
1752 2885 1865 2932 Hist.
1889 2891 1929 2941 5,

1039 2935 1110 2978 23.
1139 2943 1388 2991 castraque
1420 2937 1469 2978 in
1497 2941 1643 2993 plano
1675 2943 1783 2996 sita.
1841 2947 1927 2990 Sed

1039 2993 1143 3036 infr.
1175 3008 1214 3035 c.
1246 2992 1316 3036 48.
1346 2993 1556 3049 Africam
1586 3001 1746 3042 eodem
1781 3004 1929 3046 latere

1038 3053 1181 3094 sitam
1206 3057 1248 3091 et
1272 3067 1311 3094 c.
1326 3050 1396 3093 38.
1411 3054 1580 3095 turrim
1602 3058 1745 3100 vicino
1765 3060 1927 3105 sitam.

1099 3114 1144 3149 et
1167 3107 1416 3151 maiorem.
1474 3109 1715 3158 Rhenanus
1740 3117 1930 3160 malebat

1043 3168 1124 3208 sed
1145 3163 1376 3208 maiorem
1403 3174 1444 3209 et
1470 3182 1596 3211 mox:
1637 3180 1681 3214 et
1712 3188 1822 3228 opes
1858 3175 1930 3219 Cr.

1044 3221 1130 3264 Sed
1159 3220 1218 3263 cf.
1243 3230 1337 3265 not.
1362 3223 1417 3266 ad
1439 3223 1531 3268 An.
1556 3227 1594 3275 1,
1625 3227 1693 3272 13.

1104 3281 1280 3334 quodsi
1295 3280 1448 3322 lucem
1471 3285 1788 3336 opperiantur.
1847 3287 1930 3330 Ed.

1043 3337 1165 3393 Spir.
1205 3337 1366 3391 quibus
1395 3337 1441 3380 si
1465 3340 1615 3383 lucem
1642 3346 1930 3398 operiantur.

1044 3394 1151 3436 Mox
1189 3393 1340 3436 eadem
1370 3395 1468 3439 iam
1496 3412 1679 3451 preces,
1710 3403 1806 3444 iam
1840 3417 1933 3456 pa-

1046 3462 1170 3493 cem.v

1104 3507 1399 3550 clementiam
1419 3516 1470 3551 ‘et
1490 3512 1706 3565 gloriam.
1756 3511 1838 3559 “Eu
1858 3514 1933 3560 διὰ

1051 3565 1198 3608 δυοῖν.
1231 3564 1289 3608 cs.
1310 3565 1444 3611 Roth.
1466 3583 1511 3627 p.
1532 3566 1599 3619 37ss
