2138 4030
187 162 199 185 ἱ

183 241 284 301 34
779 212 1554 299 HISTORIARUM“
1759 187 1984 314 2:3³²*
2068 265 2073 273 ,

1871 278 1988 317 ,Ἅι

206 374 574 447 frequentem
622 367 883 427 militum
943 367 1291 426 concionem
1346 367 1747 443 imperatoria
1783 364 2074 432 brevitate

207 454 478 531 adoptari
501 475 535 511 a
559 473 618 510 se
642 452 922 511 Pisonem
945 472 1112 510 more
1138 451 1264 510 divi
1290 446 1546 526 Aug-usti
1582 464 1641 510 et
1669 457 1936 532 exemplo
1957 455 2076 513 mi-

207 540 398 610 litari,
441 539 685 618 quovir
715 539 914 596 virum
944 539 1190 611 legeret,
1233 538 1601 612 pronuntiat.
1683 559 1751 597 ac
1786 560 1864 597 ne
1882 541 2075 617 -dissi-

211 627 434 684 mulata
457 625 666 682 seditio
695 626 761 681 in
785 623 975 680 maius
1001 625 1356 692 crederetur,
1385 623 1546 679 ultro
1574 624 1885 683 adseverat
1896 645 2077 703 quar-
2134 653 2138 658 ·

212 723 332 769 tam
349 723 406 769 et
430 709 964 767 duodevicesimam
981 707 1242 781 legiones
1263 708 1466 783 paucis
1490 709 2077 768 seditionisatictori-

210 798 324 854 bus
351 816 476 854 non
511 795 668 853 ultra
700 794 883 852 verba
919 813 986 869 ac
1018 812 1192 849 voces
1231 812 1452 849 errasse
1484 805 1541 851 et
1577 794 1745 851 brevi
1780 795 1847 852 in
1880 795 2081 853 officio

211 883 359 943 fore.
441 879 565 939 Nec
587 880 781 937 ullum
813 878 1070 935 orationi
1092 889 1195 935 aut
1220 878 1589 936 lenocinium
1621 880 1786 938 addit
1809 891 1912 939 aut
1940 900 2080 956 pre-

214 968 381 1027 tium.
409 989 428 999 ·
467 965 696 1023 tribuni
743 975 940 1020 tamen
989 963 1478 1040 centurionesque
1523 975 1581 1021 et
1618 963 1876 1040 proximi
1914 965 2078 1022 mili-

213 1064 343 1111 tum
379 1062 543 1125 grata
578 1050 789 1107 auditu
834 1050 1220 1125 respondent:
1289 1068 1398 1125 per
1433 1062 1653 1107 ceteros
1686 1051 1978 1108 maestitia
2011 1070 2080 1108 ac

214 1137 546 1206 silentium,
607 1146 895 1211 tanquam
936 1145 1282 1211 usurpatam
1317 1133 1497 1191 etiam
1533 1134 1601 1190 in
1634 1137 1776 1210 pace
1809 1134 2080 1194 donativi

138 1240 145 1247 *
214 1222 616 1280 necessitatem
645 1220 805 1277 bello
832 1219 1246 1295 perdidissent.
1331 1217 1578 1278 Constat
1597 1220 1859 1295 potuisse
1880 1221 2081 1278 conci-

215 1307 350 1365 liari
375 1306 610 1363 animos
630 1306 1149 1384 quantulacunque
1174 1305 1336 1380 parci
1355 1305 1511 1362 senis
1534 1305 1905 1367 liberalitate.
1967 1325 2082 1362 no-

216 1393 338 1451 cuit
359 1391 641 1468 antiquus
665 1390 826 1465 rigor
852 1403 909 1449 et
935 1390 1122 1447 nimia
1147 1390 1451 1461 severium,
1489 1391 1587 1448 cui
1621 1390 1741 1447 iam
1761 1410 1932 1468 pares
1955 1411 2080 1448 non

218 1497 440 1539 sumnS.

331 1583 336 1590 ’
387 1574 555 1635 XIX.
623 1573 771 1632 Inde
818 1575 978 1651 apud
1023 1585 1292 1632 senatum
1335 1594 1461 1630 non
1487 1573 1794 1649 -comptior
1836 1571 2082 1643 Galbae,

219 1683 345 1722 non
384 1660 621 1737 longior
656 1680 837 1737 quam
872 1661 1030 1735 apud
1059 1660 1313 1718 militem
1347 1679 1564 1718 sermo:
1624 1658 1860 1718 Pisonis
1897 1660 2082 1718 comis

279 1908 564 1954 concionem.
624 1905 699 1951 Sic
726 1903 972 1950 MS.Flor.
1000 1907 1119 1963 (test.
1192 1905 1422 1950 Victorius
1454 1913 1604 1950 tamen
1647 1905 1865 1951 intactum
1901 1904 2083 1964 reliquit

222 1960 366 2021 vict.)
404 1965 510 2009 edd.
546 1964 665 2022 Spir.
700 1965 804 2009 Alc.
838 1964 984 2008 Rhen.
1018 1981 1118 2022 sqq.
1188 1967 1407 2008 additum
1429 1973 1517 2007 aut
1533 1979 1607 2018 p.‚
1638 1964 1762 2022 quod
1788 1962 1922 2008 estin
1948 1963 2083 2009 MSS.

220 2049 280 2058 —
310 2024 574 2068 contionem
595 2022 697 2065 MS.
723 2021 876 2066 Guelf.
901 2022 1120 2066 edd.Put.
1190 2022 1300 2079 Reg.
1327 2023 1438 2078 Agr.
1470 2022 1573 2064 edd.
1599 2022 1718 2080 Spir.
1743 2019 1955 2064 Beroald.
1985 2032 2085 2079 sqq.

222 2082 291 2126 M.
316 2090 358 2125 et
378 2080 434 2125 V.
463 2079 673 2123 Beroald.
1190 2079 1245 2124 ad
1277 2078 1544 2130 Pichenam,
1590 2079 1797 2138 quamvis
1835 2079 2085 2137 corrigeret

280 2166 417 2195 more
450 2152 545 2193 divi
571 2151 630 2194 A.
664 2157 709 2193 et
744 2152 963 2205 exemplo
993 2150 1118 2194 mili.
1184 2138 1394 2193 precium
1437 2136 1509 2179 ed.
1541 2136 1750 2181 Beroald.
1784 2137 1833 2180 in
1864 2138 2084 2191 pretium.

225 2211 330 2254 tari.
386 2208 508 2266 Lips.
525 2207 698 2251 Ernest.
721 2215 762 2251 et
778 2206 995 2251 Ricklefs.
1016 2223 1119 2251 cen·
1189 2194 1306 2238 Edd·
1325 2193 1432 2238 Pul·
1455 2193 1524 2238 Μ·
1548 2202 1591 2236 et
1604 2193 1660 2238 V·
1684 2209 1790 2238 Cum
1810 2194 1949 2239 MSS·
1965 2193 2083 2238 Bud-

224 2277 324 2312 sent
346 2265 614 2323 legendum:
653 2268 871 2320 exemplo
893 2266 1056 2310 dl'vl'A.
1075 2271 1121 2307 ει
1189 2251 1322 2321 Harl..
1338 2248 1470 2295 Bodl.
1492 2251 1575 2295 les.
1589 2250 1742 2295 Guelf.
1763 2255 1971 2319 qddssdlt}
1997 2256 2084 2296 aul

224 2339 357 2370 more
377 2323 591 2366 militari.
625 2323 829 2366 Frustra.
862 2321 980 2366 Sana
1002 2330 1121 2374 sunt,
1186 2324 1416 2379 pffff'sslflm·
1491 2309 1602 2353 Mox
1627 2310 1699 2354 ed·
1720 2310 1840 2368 prr.
1864 2317 1948 2354 ΒΜ
1967 2324 2084 2367 1)Γο-

225 2398 340 2442 quae
362 2381 622 2438 vulgantur.
695 2380 829 2424 More
852 2381 949 2423 divi
967 2381 1027 2423 A.
1054 2396 1121 2422 re·
1192 2383 1329 2411 xlml·
1757 2380 1761 2384 ⁴

224 2438 450 2484 verentius
469 2437 640 2482 dictum
659 2445 748 2481 est:
778 2438 893 2481 inest
917 2437 1122 2495 obsequii
1249 2444 1393 2492 grata
1426 2439 1607 2486 auditu.
1680 2437 1758 2482 Sic
1787 2437 1924 2483 MSS.
1957 2437 2086 2483 Harl.

226 2497 370 2541 notio.
430 2493 599 2540 Contra
625 2497 901 2549 exemplum
936 2494 1121 2538 nonnisi
1194 2497 1277 2540 les.
1315 2494 1469 2538 Guelf.
1503 2496 1569 2551 (in
1602 2496 1823 2554 margine)
1855 2495 1953 2540 edd.
1978 2495 2084 2540 Put.

227 2555 334 2598 facti
357 2552 702 2597 similitudinem
726 2552 961 2610 significat.
1194 2554 1263 2597 M.
1281 2562 1324 2598 et
1335 2552 1393 2597 V.
1411 2553 1620 2597 Beroald.
1641 2555 1766 2610 (cum
1791 2554 1936 2597 silent.
1950 2552 2088 2610 Vict.)

285 2623 725 2668 duodevicesimam.
756 2621 1124 2668 siceoddmss.
1195 2611 1311 2679 Alc·‚
1334 2618 1376 2653 et
1407 2610 1511 2680 dein
1549 2611 1672 2655 Pich·
1705 2626 1803 2670 sqq·
1834 2635 1888 2646 -
1940 2618 2092 2665 grata-

230 2681 355 2726 Flor.
391 2682 443 2735 (a
478 2698 568 2726 sec.
599 2698 741 2729 manu
782 2688 826 2723 et
866 2681 1016 2738 priore
1060 2680 1125 2724 sic
1196 2672 1356 2712 αυάιίο
1391 2667 1530 2711 MSS.
1558 2667 1679 2712 Flor.
1717 2668 2084 2737 Qash-piebem)

230 2754 377 2790 erasa,
429 2745 479 2780 ut
523 2755 617 2782 non
662 2756 683 2782 a
720 2747 872 2797 pareat
912 2737 1125 2796 amplius.
1195 2726 1307 2784 Reg·
1341 2724 1483 2793 Corb3
1518 2725 1619 2769 edd.
1655 2726 1685 2770 S
1719 2741 1771 2769 ιν.
1805 2727 1988 2783 Βιροῃῑ.
2027 2749 2088 2794 7-

231 2794 375 2862 Ryek,
411 2795 466 2837 ad
500 2796 544 2838 h,
578 2796 624 2852 1,)
708 2795 814 2839 uglf,
845 2796 959 2854 Agr,
1005 2795 1124 2838 ssud„
1195 2785 1478 2839 gratabundz
1521 2784 1655 2828 MSS.
1725 2782 1800 2827 ud.
1834 2783 1984 2829 Guelf.
2020 2784 2087 2839 (m

232 2853 307 2899 ahi
343 2868 418 2902 ue,
453 2852 555 2896 edd.
578 2853 696 2911 Spir.
717 2853 820 2897 Put.
847 2869 947 2910 sqq.
983 2867 1125 2909 usque
1196 2842 1434 2895 contextu)
1479 2840 1609 2884 Bodl.
1651 2840 1803 2896 (Harl.
1844 2849 1889 2885 et
1920 2842 2007 2908 les.
2038 2842 2088 2886 in

231 2911 288 2956 ad
354 2908 583 2961 lehenam,
613 2910 689 2967 qui
724 2912 770 2954 in
805 2910 907 2954 MS.
931 2908 1055 2953 Flor.
1080 2914 1126 2965 (a
1197 2913 1294 2940 mar
1328 2899 1355 2963 ·)
1391 2896 1493 2940 edd·
1514 2897 1658 2943 Rhen.
1688 2914 1789 2968 sqq.
1821 2899 1878 2944 ad
1900 2898 2089 2945 Pnchen.

233 2984 304 3027 pr.
340 2969 496 3023 manu)
529 2967 746 3025 scriptum
779 2967 916 3011 fuisse
948 2970 1043 3010 duo
1079 2973 1140 3009 et,
1197 2955 1296 2998 Inte
1334 2970 1404 3012 lge
1429 2962 1574 3010 grata
1601 2959 1770 2999 auditu
1799 2971 1948 3015 neque
1975 2972 2087 3004 vero

233 3025 504 3069 vicesimam
543 3024 626 3067 sibi
676 3025 971 3082 persuadebat
1010 3040 1126 3067 eam·
1198 3019 1424 3071 epectore
1440 3013 1638 3057 eiusdem
1654 3013 1817 3072 gratiae
1832 3015 1968 3074 pleno
1982 3030 2089 3076 pro.

236 3097 324 3140 que
356 3080 626 3139 scripturam
652 3080 757 3126 huic
786 3080 887 3126 loco
918 3079 1128 3127 vindica·
1197 3069 1330 3114 fecta·

235 3141 325 3183 bat.
383 3138 495 3180 Mox
521 3137 575 3180 ad
600 3137 720 3182 c.55.
745 3140 1010 3183 sententiam
1030 3155 1126 3182 mu·
1256 3143 1688 3198 quantulacunque.
1750 3142 1851 3188 MS.
1872 3112 2090 3189 Budsad·

235 3196 356 3262 tavit.
398 3194 616 3263 ‘Ryckius
651 3203 852 3240 veterem
884 3211 1129 3241 numerum
1202 3198 1265 3241 dit
1286 3214 1464 3261 parva,
1489 3199 1611 3257 quod
1630 3215 1714 3259 pro
1739 3201 2005 3261 glossemate
2025 3211 2090 3247 est

236 3261 446 3298 restituit.
1198 3255 1471 3300 habendum.

292 3326 440 3368 verba
466 3337 522 3365 ac
552 3336 701 3369 voces,
772 3321 1036 3383 Synonyma
1064 3340 1127 3368 se·
1259 3339 1372 3384 CAP.
1414 3324 1503 3385 19·‘
1565 3347 1695 3399 apud
1727 3343 1937 3387 mih-tem·
2012 3343 2091 3391 εἰσ

239 3381 444 3426 cundum
466 3378 599 3423 Roth·
631 3379 744 3437 11·8·
1062 3411 1065 3418 1
1200 3396 1336 3441 mss,
1362 3396 1487 3441 mor.
1514 3398 1628 3453 (test.
1661 3401 1749 3445 120.
1773 3399 1939 3453 eron.)
1970 3400 2087 3448 Bud.

295 3452 430 3494 addit
462 3457 549 3492 aut
582 3450 804 3503 pretium.
894 3450 1015 3496 Hace
1047 3451 1126 3495 Pi-
1202 3455 1309 3512 Agr.
1336 3454 1487 3500 Guelf.
1517 3468 1560 3500 et
1582 3458 1715 3502 MSS.
1738 3457 1957 3508 Broterii.
1987 3460 2090 3503 edd.

240 3509 380 3555 ebena
406 3506 597 3551 restituit
619 3522 642 3548 e
666 3507 769 3550 MS.
793 3508 910 3551 Flor.
927 3541 938 3559 ,
969 3509 1014 3551 in
1038 3526 1127 3566 quo
1201 3512 1318 3569 Spir.
1345 3512 1490 3571 Ryck.
1525 3530 1624 3572 sqq.
1657 3543 1715 3551 -
1763 3519 1892 3571 apud
1921 3518 2092 3563 milites

239 3567 331 3625 ipse
381 3564 546 3609 invenit
595 3565 761 3608 addita
809 3574 858 3607 uc
882 3568 1127 3619 ’ρι-Ηίυηι.
1201 3570 1304 3613 edd.
1331 3570 1432 3614 Pul.
1466 3571 1676 3616 Beroald.
1717 3573 1838 3628 (eum
1863 3572 1932 3619 sil.
1956 3573 2091 3630 vict.)
