2138 4030
1500 0 1517 23 Χ
1735 16 1739 21 ·
1803 0 1848 43 2¹
1933 0 1950 40 ³.

1740 215 1989 278 ‘A.u.82⁴.
2072 278 2077 282 ,,

1770 284 1824 320 A.
1840 282 1890 337 ς.
1930 287 1988 320 τι.

119 190 125 195 “
212 240 340 300 518
775 184 1538 314 HXISTORIARUM.

215 382 302 428 tes
338 369 675 430 defuissent.
762 366 905 428 hinc
935 359 1052 446 ips'i
1079 371 1478 450 exercituique
1503 372 1712 430 minor
1729 395 1871 433 cura
1888 377 2078 436 >disei-

215 455 434 532 plinae.
491 467 549 512 et
572 475 790 531 paucos
814 467 949 532 post
974 456 1131 527 dies,
1175 476 1516 534 quanquam
1540 458 1873 534 periculum
1896 447 2080 537 capti-

215 541 417 598 vitatis
445 541 744 616 evasisset,
788 541 1096 598 infamiam
1123 561 1252 598 non
1276 542 1504 603 vitavit.
1823 540 1834 553 ’
1859 556 1910 617 Χ·

390 649 587 712 XXII.
631 651 937 709 Profectus
961 649 1286 709 Novesium
1311 649 1702 730 Bonnamque
1738 655 1814 712 ad
1838 656 2084 716 visenda

220 749 437 807 castra,
481 758 630 814 quae
654 733 1000 794 hiematuris
1024 737 1361 811 legionibus
1388 738 1789 812 erigebantur,
1832 743 2105 805 navibus⁴

220 823 544 880 remeabat:
591 823 831 880 disiecto
851 822 1116 898 agmine,
1158 822 1472 880 incuriosis
1492 824 1727 897 vigiliis.
1814 826 2086 884 animad-

220 929 460 966 versum
481 905 487 913 ³
506 909 570 965 id
617 906 961 963 Germanis:
1028 919 1084 965 et
1128 907 1375 964 insidias
1422 928 1816 984 composuere.
1905 912 2085 970 electa

222 1014 344 1051 nox
369 1005 495 1052 atra
518 993 780 1050 nubibus
796 1039 812 1063 ‚
869 1004 926 1050 et
949 1013 1140 1068 prono
1168 1013 1340 1049 amne
1362 993 1518 1068 rapti
1543 995 1712 1051 nullo
1735 992 2088 1070 prohibente

224 1079 454 1137 vallum
496 1079 724 1138 ineunt.
810 1078 1003 1157 prima
1039 1079 1244 1136 caedes
1282 1089 1412 1135 astu
1454 1078 1672 1136 adiuta.
1759 1081 1960 1138 incisis
1998 1094 2090 1139 ta—

222 1165 684 1243 bernaculorum
709 1164 955 1221 funibus
984 1163 1227 1221 suismet
1258 1164 1529 1222 tentoriis
1566 1177 1870 1241 coopertos
1905 1168 2092 1224 truci-

225 1251 465 1307 dabant.
551 1250 716 1306 aliud
754 1269 963 1323 agmen
994 1251 1235 1307 turbare
1273 1250 1541 1306 classem:
1587 1250 1828 1307 iniicere
1863 1252 2087 1309 vincla:

225 1327 459 1392 trahere
486 1354 728 1410 puppes,
803 1346 987 1412 utque
1012 1337 1086 1391 ad
1112 1335 1442 1391 fallendum
1469 1335 1703 1392 silentio
1720 1382 1736 1406 ,
1780 1337 1862 1393 ita
1886 1348 2089 1413 coepta

229 1421 433 1490 caede,
498 1442 615 1497 quo
659 1421 790 1494 plus
830 1421 1070 1478 terroris
1111 1421 1425 1489 adderent,
1482 1431 1693 1477 cuncta
1732 1422 2090 1480 clamoribus

227 1506 571 1563 miscebant.
667 1504 933 1563 Romani
972 1506 1322 1562 vulneribus
1361 1505 1536 1562 exciti
1574 1519 1865 1581 quaerunt
1907 1528 2091 1578 arma,

229 1603 417 1648 ruunt
438 1612 546 1667 per
572 1591 726 1660 viaS,
777 1591 953 1666 pauci
987 1603 1202 1648 ornatu
1232 1591 1511 1659 militari,
1565 1591 1833 1668 plerique
1871 1593 2093 1650 circum

207 1673 475 1734 rbrachia
554 1687 708 1734 torta
781 1688 939 1733 veste
1018 1688 1074 1733 et
1151 1676 1367 1733 strictis
1439 1676 1843 1736 mucronibus,
1974 1679 2092 1734 dux

290 1898 623 1953 exercituique.
683 1897 857 1957 Copula
880 1915 973 1942 non
998 1907 1062 1942 est
1084 1898 1130 1942 in

231 1955 365 1999 MSS.
392 1954 546 2000 Guelf.
571 1955 694 2000 Harl.
716 1956 850 2007 Bodl.
879 1957 960 2002 les.

289 2070 403 2098 cura
422 2056 705 2111 disczplinae.
743 2057 830 2100 Ed.
848 2046 967 2117 spir.
990 2059 1133 2102 disci-

227 2113 393 2168 plinae
433 2128 565 2157 cura.
639 2116 752 2159 Mox
795 2124 841 2158 et
877 2117 980 2160 dies
1020 2125 1130 2173 post

225 2185 416 2224 paucos.

286 2272 463 2314 vitavit.
520 2270 624 2316 MS.
645 2272 764 2318 Bud.
789 2275 1006 2318 mutavit.

292 2384 406 2429 CAP.
428 2386 499 2430 22.
541 2387 874 2456 Bonnamque.
932 2389 1135 2435 MS.1es.

233 2444 517 2502 Bonnaque.

298 2545 609 2601 erigebantur.
666 2546 751 2591 Ed.
768 2546 888 2607 Spir.
909 2549 1138 2604 eligeban-

240 2610 332 2647 tur.
391 2603 502 2646 Mox
525 2614 887 2659 composuerunt
909 2622 993 2665 pro
1017 2622 1138 2650 com-

235 2675 458 2714 posuere,
485 2669 598 2705 asta
619 2678 702 2720 pro
725 2671 849 2708 astu.

297 2762 496 2805 suismet
518 2764 749 2808 tentoriis.
809 2762 1034 2808 SieMSS.
1051 2763 1140 2807 Va-

239 2818 317 2862 tic.
357 2823 478 2875 (test.
513 2820 655 2879 Lips.>
693 2822 800 2877 Reg.
834 2823 949 2879 Agr.
985 2820 1138 2865 Guelf.

214 2879 285 2936 sa
310 2877 505 2921 secunda
532 2881 687 2936 manu)
711 2880 810 2924 edd.
827 2879 945 2935 Spir.
963 2879 1141 2922 Ernest.

241 2934 372 2977 Brot.
416 2950 464 2991 sq
502 2967 514 2980 .
574 2964 635 2974 --
711 2936 815 2981 MS.
853 2937 977 2981 Flor.
1018 2938 1143 2992 (test.

241 2989 391 3045 Pich.)
427 3008 476 3051 sy
504 2979 601 3037 laba
632 2994 871 3037 imminuta
906 2995 1056 3038 tor-iis.
1085 3017 1143 3026 —

242 3047 475 3092 Victorius
514 3051 731 3094 intactum
772 3053 955 3110 reliquit
991 3053 1145 3103 coriis,

272 3106 363 3148 uod
389 3117 526 3151 exstat
550 3110 595 3151 in
622 3109 894 3154 MSS.Harl.
913 3109 1140 3152 B0d1.1es.

241 3121 362 3205 find.
394 3164 494 3207 edd.
519 3165 621 3210 Put.
642 3183 740 3225 sqq.
775 3168 830 3210 ad
863 3166 1140 3210 Ernestium.

243 3221 294 3263 In
322 3236 465 3279 marg.
486 3222 610 3266 Harl.
641 3226 837 3268 secunda
869 3239 1028 3267 manus
1062 3239 1140 3282 po-

242 3279 333 3320 suit
353 3282 580 3324 tentoriis.
641 3281 819 3326 Herbst.
844 3281 891 3325 in
913 3280 1142 3325 Animad-

240 3351 380 3379 verss.
419 3353 466 3395 p.
493 3336 565 3382 32.
603 3349 790 3385 revocat
825 3340 987 3388 coriis,
1038 3338 1141 3396 quia

241 3392 390 3449 ipsum
451 3395 685 3439 offendunt
738 3397 1047 3440 tabernacula
1099 3403 1144 3438 et

244 3452 479 3501 tentoria,
523 3454 614 3497 duo
646 3453 845 3497 eiusdem
871 3452 1144 3511 significatus

242 3507 464 3552 vocabula
495 3509 541 3554 in
566 3511 724 3555 eodem
751 3512 957 3555 membro
983 3510 1143 3571 posita.

244 3563 349 3608 Non
379 3566 663 3614 adversabor.

1208 1899 1210 1901 ’
1262 1897 1429 1939 vincla.
1506 1893 1591 1938 Ed.
1637 1895 1754 1953 Spir.
1798 1897 2005 1949 vincula,
2055 1908 2099 1942 et

1203 1954 1337 2013 paulo
1360 1960 1461 1997 ante
1485 1954 1731 1996 turbavere
1753 1969 1835 2012 pro
1859 1957 2063 2000 turbare.
2091 1993 2095 2002 ,

1257 2083 1454 2125 puppeS.
1498 2066 1575 2110 Sic
1595 2066 1697 2112 edd.
1713 2067 1947 2124 Spir.Alc.
1961 2067 2104 2114 Rhen.

1204 2142 1305 2227 {qqg
1333 2155 1421 2225 Μ-
1451 2193 1467 2227 t
1489 2138 1644 2225 ῧυχίξέ
1679 2126 1783 2225 ΙΞἸΙΞ.
1817 2125 1970 2170 Guelf.
1999 2129 2106 2228 fidd.

1205 2202 1274 2284 tio¹
1294 2200 1548 2296 'Viet'ossins
1635 2199 1685 2226 1⁸0
1769 2215 1780 2226 .
1816 2188 1944 2240 (eum
1974 2202 2010 2228 81
2032 2201 2104 2228 en·

1266 2347 1406 2397 utque
1428 2343 1494 2383 ad
1505 2339 1554 2396 f.
1614 2339 1698 2383 Ed.
1718 2339 1835 2399 Spir.
1857 2353 1946 2403 ηυξ
1967 2343 2034 2382 ad
2042 2339 2106 2397 f,

1207 2398 1414 2456 neglecto
1440 2405 1507 2440 ut.

1266 2501 1356 2555 ‘quo
1374 2501 1484 2552 plus
1501 2497 1707 2541 terroris.
1746 2497 1821 2542 Sic
1833 2480 2105 2565 MSSAEWff.

1211 2557 1329 2610 (test.
1364 2555 1511 2612 Pich.)
1545 2556 1656 2614 Reg.
1691 2553 1794 2598 edd.
1825 2555 1943 2615 Spir.
1976 2557 2105 2601 Pich.

1211 2613 1395 2658 Gruter.
1420 2629 1518 2671 sqq.
1559 2636 1615 2647 —
1675 2621 1720 2656 et
1751 2628 1840 2680 quo
1865 2617 1975 2667 plus
2004 2621 2104 2682 ter-

1207 2673 1331 2717 roris
1362 2671 1499 2715 MSS.
1531 2668 1684 2715 Guelf.
1713 2669 1840 2714 Harl.
1863 2670 1997 2715 Bodl.
2019 2671 2105 2716 les.

1209 2729 1312 2797 edd.
1356 2729 1463 2773 Put.
1503 2727 1712 2795 Beroald.
1759 2729 1883 2782 (cum
1923 2728 2105 2772 silentio

1208 2783 1830 2902 {33¹2122‘1ffi332ffim·
1869 2813 1929 2823 -
2054 2794 2107 2830 ‘¹‘

1269 2953 1443 2989 ornatu
1475 2943 1694 2993 militari.
1755 2944 1833 2990 sic
1856 2942 1960 2988 edd.
1983 2943 2014 2989 S
2049 2943 2105 2986 ir.

1212 3003 1341 3047 Pich.
1387 3004 1606 3061 Bernegg.
1650 3017 1750 3061 sqq.
1792 3000 1907 3046 duce
1945 3016 2000 3049 co
2037 3001 2104 3045 ice

1212 3060 1506 3112 Florentino,
1555 3061 1603 3103 in
1638 3075 1731 3117 quo
1766 3067 1879 3103 teste
1911 3053 2106 3102 Pit-,hena

1214 3118 1377 3175 legitur
1407 3119 1572 3162 ornati
1599 3118 1810 3162 militari.
1880 3113 2108 3159 Victorius

1212 3176 1425 3220 intactam
1448 3174 1631 3232 reliquit
1657 3173 1925 3234 scripturam
1948 3172 2114 3216 amati

1213 3233 1511 3285 militariter,
1594 3248 1675 3276 uae
1715 3238 1853 3276 exstat
1887 3230 1935 3274 in
1968 3228 2108 3274 MSS.

1213 3290 1368 3337 Guelf.
1405 3291 1525 3334 Harl.
1598 3288 1690 3334 odl.
1731 3290 1815 3333 les.
1850 3287 1968 3333 Bud.
2004 3285 2106 3330 edd.

1215 3348 1320 3392 Put.
1340 3364 1438 3407 sqq.
1463 3348 1518 3391 ad
1544 3345 1806 3390 Pichenam.
1839 3344 1901 3391 cf.
1926 3344 2039 3388 nist.
2064 3343 2107 3394 2,

1216 3406 1288 3449 80.
1313 3407 1585 3450 militariter
1607 3407 1801 3448 Iocutus.

1273 3509 1444 3551 circum
1465 3505 1677 3549 brachia.
1735 3500 1822 3548 Ed.
1842 3502 1964 3563 Spir.
1983 3501 2109 3546 circa

1217 3566 1422 3609 brachia.
