2138 4030
0 3062 14 3075 'l

0 3115 37 3291 l

158 233 210 268 A.
230 223 283 269 υ.
302 229 391 266 82⁹.

158 279 210 311 A.
231 274 276 311 C.
327 272 388 311 70.

583 223 870 296 LIB.‘11.
933 221 1130 295 CAP.
1163 230 1268 299 49.
1301 222 1406 295 50.

1801 237 1917 296 191

72 377 272 440 postea
298 364 630 441 promiscue
651 361 951 431 Bedriaci,
992 355 1326 419 Placentiae
1349 361 1595 438 aliisque
1627 365 1690 421 in
1720 367 1924 425 castris

70 451 429 508 celebratum
455 450 518 506 id
543 468 726 523 genus
752 450 978 506 mortis.

1061 443 1299 504 Othoni
1331 447 1665 523 sepulcrum
1696 463 1924 510 exstru-

72 545 232 593 ctum
261 547 346 592 est
367 535 668 591 modicum
688 544 744 589 et
764 551 1128 592 mansurum.
1152 603 1155 607 ,
1734 591 1742 597 ,

236 619 304 679 L.
348 617 527 677 Hunc
551 619 704 675 vitae
724 617 903 672 finem
925 613 1133 673 habuit
1158 615 1406 692 septimo
1429 626 1486 674 et
1506 617 1802 676 tricesimo
1825 641 1923 677 ae-

68 705 203 762 tatis
246 725 425 765 anno·

67 789 394 846 consularis
406 835 424 859 ‚
468 808 610 845 avus
629 787 985 863 praetorius:

520 699 711 776 Origo
755 702 847 757 illi
891 721 922 757 e
967 701 1294 776 municipio
1333 698 1673 762 Ferentino,

1757 717 1924 779 pater

1028 798 1362 844 maternum
1387 805 1570 860 genus
1597 789 1788 864 impar
1813 810 1922 848 nec

67 886 265 931 tamen
307 875 672 932 indecorum.
747 871 1000 947 pueritia
1039 892 1105 928 ac
1146 872 1416 941 iuventa,
1472 873 1706 948 qualem
1746 895 1924 931 mon-

67 960 397 1019 stravimus,

484 959 718 1016 duobus
761 957 1156 1025 facinoribuS‚
1215 956 1398 1013 altero
1443 957 1921 1030 flagitiosissimO,

67 1047 250 1101 altero
287 1044 545 1117 egregie,
599 1045 948 1100 tantundem
988 1042 1145 1117 apud
1179 1053 1444 1116 posteros
1478 1043 1696 1101 meruit
1729 1045 1922 1102 bonae

63 1131 252 1186 famae
284 1141 572 1205 quantum
596 1129 803 1188 malae.

890 1126 972 1185 Ut
1001 1126 1347 1202 conquirere
1379 1127 1646 1185 fabulosa
1679 1141 1740 1186 et
1774 1130 1923 1187 fictis

65 1215 357 1271 oblectare
386 1214 704 1287 legentium
736 1213 964 1270 animos
992 1212 1200 1287 procul
1236 1212 1518 1285 gravitate
1556 1214 1747 1289 coepti
1779 1236 1923 1290 ope-

67 1300 150 1356 ris
178 1299 529 1356 crediderim
543 1345 560 1369 ‚
597 1299 678 1355 ita
700 1298 953 1370 vulgatis
974 1296 1321 1372 traditisque
1345 1299 1577 1354 demere
1597 1299 1774 1355 fidem
1797 1321 1923 1358 non

61 1385 296 1444 ausim..
357 1384 483 1452 die,
536 1404 653 1459 quo
690 1381 964 1440 Bedriaci
1000 1381 1358 1451 certabatur,
1412 1403 1580 1439 avem
1617 1384 1918 1443 invisitata

63 1468 251 1545 specie
275 1470 431 1544 apud
455 1467 710 1543 Regium
733 1467 1030 1544 Lepidum
1058 1467 1276 1524 celebri
1303 1467 1434 1525 loco
1463 1470 1794 1527 consedisse
1824 1470 1922 1527 in-

112 1664 393 1719 promiscue.
437 1662 520 1707 Ed.
533 1661 652 1722 Spir.
670 1664 952 1717 promiscuo.

59 1720 162 1764 MS.
187 1721 308 1765 Flor.
331 1728 430 1764 test.
452 1722 572 1767 Viet.
594 1722 858 1776 promisce,
887 1719 954 1763 uti

61 1780 188 1823 solet.

120 1835 357 1880 Bedriaci.
418 1835 567 1887 Libri,
609 1842 659 1878 ut
682 1850 831 1895 supra.
889 1834 952 1878 cf.

61 1903 158 1938 not.
182 1892 237 1935 ad
260 1908 302 1936 c.
322 1892 395 1937 23.

118 1951 331 2004 aliisque.
402 1949 481 1994 Sic
514 1949 648 1994 MSS.
681 1949 805 1992 Flor.
838 1951 954 2003 (test.

60 2007 209 2060 Pieh.)
238 2005 387 2052 Guelf.
423 2007 525 2051 edd.
558 2006 676 2066 Spir.
709 2007 814 2049 Put.
847 2005 952 2048 Ber.

61 2069 181 2120 (cum
204 2062 353 2107 silent.
366 2064 499 2120 Viet.)
521 2065 621 2109 Alc.
635 2063 812 2122 Micyll.
827 2062 953 2106 Pieh.

60 2122 197 2181 Lipsii
229 2128 372 2178 postr.
402 2121 536 2165 Grut.
577 2138 678 2180 sqq.
723 2144 777 2155 -
847 2120 953 2162 aliis

58 2182 170 2237 (sine
218 2179 322 2234 que)
370 2178 474 2222 MS.
513 2179 630 2223 Bud.
671 2178 771 2224 edd.
805 2177 950 2221 Rhen.

58 2238 162 2282 Ald.
186 2236 320 2294 Lipsii
344 2236 533 2294 priores.
758 2244 759 2247 ’

110 2297 411 2339 celebratum.
470 2294 554 2339 Ed.
589 2293 710 2352 Spir.
745 2294 949 2336 celebra-

57 2360 185 2396 runt.

114 2419 158 2452 et
191 2421 481 2453 mansurum.
541 2407 726 2451 Scilicet
756 2407 814 2449 ob
844 2422 950 2449 mo-

55 2467 270 2513 destiam.
353 2465 455 2508 vid.
501 2465 732 2508 Plutarch.
776 2464 950 2508 Othon-

54 2544 100 2574 c.
127 2524 194 2568 18.
251 2522 376 2566 Suet.
392 2522 553 2566 ‚VitelL
579 2539 619 2566 c.
644 2525 712 2566 10.
746 2551 748 2553 -

111 2582 226 2627 CAP.
261 2581 332 2622 50.
393 2581 595 2635 septimo
635 2589 680 2622 et
720 2581 951 2622 tricem'mo

56 2641 227 2684 aetatis
262 2651 404 2679 amm.
461 2637 588 2681 idem
622 2653 837 2681 numerus
868 2637 951 2679 ha-

56 2701 187 2743 betur
216 2695 330 2753 apud
365 2693 592 2738 Plutarch.
625 2697 657 2739 l.
690 2693 720 2739 l.
778 2693 947 2751 Xiphil.

56 2757 128 2804 64,
170 2753 238 2796 15.
307 2751 460 2794 Aurei.
504 2752 623 2800 vict.
666 2754 774 2810 epit.
819 2767 861 2795 c.
887 2752 946 2794 7.

61 2807 383 2911 Ωυὶρςὲὃθὼὲ
406 2816 537 2908 ιςιεῑιῗε
556 2817 621 2853 est
617 2809 712 2910 ὁὶώ
707 2810 779 2854 28.
799 2809 946 2910 {pril-

56 2885 188 2918 ιιι..
276 2881 590 2910 .ε..υεοι].
715 2882 792 2910 .c.
844 2890 947 2910 .—

56 2926 189 2986 periit
211 2924 254 2967 d.
270 2926 338 2967 17.
357 2922 501 2980 April.
525 2939 598 2966 an.
613 2924 715 2972 822.
743 2952 804 2961 -
839 2924 948 2968 Sue-

54 2983 206 3027 tonius
233 2985 295 3037 (ο.
318 2981 401 3034 11.)
435 2989 478 3022 et
497 2978 741 3039 Eutropius
774 2981 831 3036 (7,
857 2983 944 3038 11.)

54 3041 206 3084 ferunt
228 3038 510 3080 tricesimum
529 3045 745 3080 octavum
765 3052 950 3080 annum

55 3115 106 3143 ex
128 3111 258 3140 more
275 3094 504 3143 Suetonii,
540 3096 614 3152 qui
635 3111 806 3138 annum
831 3096 951 3139 nati-

40 3153 200 3203 ..vitatis
240 3152 490 3208 mortisque
531 3163 791 3210 computare
819 3153 947 3196 solet.

59 3210 121 3256 cf.
155 3207 636 3265 Baumgarten-Cms.
666 3209 720 3251 ad
756 3209 945 3252 Sueton.

57 3269 88 3312 l.
119 3270 146 3312 l,
189 3292 244 3301 --
314 3264 525 3308 Ceterum
559 3266 659 3310 MS.
693 3267 815 3309 Flor.
850 3276 947 3311 test.

58 3327 174 3369 Viet.
196 3324 269 3367 dat
291 3323 578 3373 tn'cen.s·1‘mo;
618 3324 687 3366 ed.
715 3324 832 3381 Spir.
857 3326 944 3367 tri-

57 3386 258 3436 gesimo,-
288 3380 387 3423 MS.
411 3379 564 3423 Guelf.
586 3381 687 3424 edd.
708 3380 811 3424 l’ut.
840 3397 942 3440 sqq.

58 3439 311 3481 tricesimo..

117 3510 140 3537 e
164 3496 405 3548 municipio
419 3495 688 3536 Ferentino.
748 3494 826 3538 Sic
842 3495 943 3540 MS.

59 3551 206 3596 G..e1s.
236 3552 333 3596 edd.
352 3550 453 3595 Pul.
481 3552 580 3595 Ber.
605 3567 704 3609 sqq.
766 3552 824 3597 ef.
851 3552 940 3596 An.

1024 1662 1092 1714 15,
1115 1660 1185 1706 53.
1246 1662 1297 1705 In
1319 1661 1422 1706 MS.
1445 1661 1598 1708 Guelf.
1620 1680 1716 1710 voc.
1734 1664 1784 1709 F
1781 1682 1921 1710 eren—

1024 1723 1122 1764 tino
1158 1726 1223 1762 est
1251 1719 1298 1762 in
1332 1719 1541 1778 margine.
1569 1730 1613 1766 et
1655 1738 1681 1765 a
1724 1724 1921 1769 secunda

1025 1793 1164 1820 manu
1185 1792 1198 1819 :
1271 1777 1320 1819 in
1382 1787 1595 1822 contextu
1661 1779 1920 1838 neglectum

1023 1843 1106 1879 est.
1126 1861 1186 1870 —-
1210 1850 1242 1876 a
1266 1835 1513 1888 municipio
1537 1844 1622 1880 etc.
1646 1835 1922 1896 ed.Spi¹r.-

1026 1909 1051 1936 e
1091 1893 1335 1946 municipio
1376 1891 1600 1935 Ferentio
1645 1894 1748 1938 MS.
1789 1895 1918 1941 Flor.

1026 1953 1146 2006 (test.
1162 1949 1284 1992 Viet.
1307 1966 1411 1994 curn
1435 1949 1723 2009 lae.Gron.).
1783 1953 1921 1998 Utra-

1023 2023 1112 2065 que
1133 2006 1280 2050 forma
1302 2023 1327 2050 a
1348 2007 1458 2052 viris
1477 2006 1623 2052 doctis
1643 2011 1920 2068 agnoscitur.

1022 2066 1094 2108 De
1122 2081 1169 2106 re
1194 2063 1282 2106 vid.
1305 2063 1428 2106 Suet.
1455 2063 1567 2109 Oth.
1593 2082 1634 2110 c.
1658 2070 1700 2111 1.

1079 2121 1464 2166 monstravimus.
1488 2121 1776 2168 Potissimum
1797 2142 1922 2185 supr.

1026 2182 1065 2229 1,
1107 2180 1176 2222 13.
1264 2179 1379 2222 Mox
1424 2179 1496 2222 ed.
1536 2179 1654 2238 Spir.
1699 2192 1920 2241 nugaturt

1023 2245 1250 2294 quantum
1271 2238 1400 2279 male
1420 2244 1472 2281 ut
1493 2241 1814 2294 conquireret:
1837 2242 1916 2295 fa-

1024 2298 1189 2338 bulosa
1213 2301 1300 2337 etc.

1079 2353 1322 2394 invisitato
1341 2352 1510 2404 specie.
1570 2351 1646 2398 Sic
1669 2354 1772 2399 MS.
1795 2356 1832 2398 F
1832 2358 1921 2402 lor.

1022 2413 1142 2463 (test.
1166 2407 1284 2452 Vict.
1302 2424 1407 2452 cum
1430 2407 1520 2453 lac.
1545 2409 1774 2470 Gronov.)
1812 2414 1919 2458 edd.

1022 2465 1167 2526 Ryck.
1204 2466 1293 2509 lac.
1324 2464 1471 2508 Gron.
1505 2483 1607 2525 sqq.
1647 2493 1707 2502 --
1764 2470 1920 2513 inusi-

1022 2532 1127 2567 tata
1155 2523 1302 2574 specie
1333 2519 1470 2566 MSS.
1500 2524 1628 2568 Harl.
1661 2525 1796 2570 Bodl.
1829 2527 1917 2573 les.

1022 2580 1173 2624 Guelf.
1201 2579 1318 2622 Bud.
1342 2581 1452 2637 Agr.
1473 2582 1575 2624 edd.
1600 2581 1704 2629 Put.
1731 2599 1752 2626 s
1818 2617 1830 2627 .
1859 2586 1915 2630 ad

1020 2637 1165 2739 RJ‘ck.
1195 2660 1252 2668 —
1294 2639 1523 2680 inusitata
1533 2639 1668 2695 facie
1689 2600 1900 2702 Mglffieg

1022 2712 1045 2739 e
1082 2727 1094 2738 .
1125 2695 1244 2753 Spir.
1303 2694 1535 2752 Frequens
1570 2697 1616 2740 in
1650 2706 1752 2742 vett.
1789 2699 1917 2746 libris

1018 2753 1173 2797 eadem
1197 2760 1263 2794 est
1284 2753 1607 2796 vocabulorum
1663 2757 1925 2803 ermutatio.

1019 2810 1394 2910 cfifgauingarten
1406 2835 1433 2844 -
1446 2808 1583 2878 Crusz
1597 2770 1790 2858 aXSuet.
1806 2814 1915 2861 Oct.

1019 2883 1060 2912 c.
1143 2898 1156 2909 .

1079 2927 1247 2968 celebri
1287 2927 1402 2967 loco.
1487 2923 1552 2966 Ex
1596 2926 1915 2979 emendatione

1021 2981 1171 3027 Coleri
1185 3014 1197 3029 ‚
1239 2997 1373 3039 quam
1396 2997 1419 3023 a
1438 2979 1589 3040 Lipsio
1611 2984 1845 3043 probatam
1866 2986 1917 3031 in

1019 3040 1173 3084 locum
1195 3054 1403 3096 recepere
1422 3037 1524 3098 Bip.
1545 3038 1704 3085 Oberl.
1724 3059 1823 3101 sqq.
1854 3068 1915 3078 —

1018 3099 1188 3140 celebri
1208 3099 1311 3139 luco
1334 3093 1470 3138 MSS.
1497 3096 1532 3139 F
1536 3095 1622 3143 lor.
1651 3099 1766 3153 (test.
1794 3102 1911 3146 Vict.

1019 3171 1123 3198 cum
1163 3153 1244 3208 al.)
1282 3152 1394 3209 Reg.
1430 3151 1568 3199 Corb.
1600 3154 1718 3200 Bud.
1754 3157 1911 3204 Guelf.

1017 3211 1144 3254 Harl.
1180 3211 1310 3254 Bodl.
1344 3211 1428 3254 leS.
1467 3211 1569 3256 edd.
1603 3212 1724 3272 Spir.
1763 3215 1908 3260 Rben.

1016 3269 1119 3313 Ald.
1137 3284 1232 3324 sqq.
1290 3267 1549 3327 Utrumque
1571 3271 1842 3316 vocabulum
1864 3275 1912 3316 in

1017 3335 1121 3368 vett.
1164 3326 1286 3367 libris
1329 3341 1399 3368 sae
1434 3319 1501 3368 ius
1536 3326 1756 3372 confundi
1793 3331 1907 3373 vidi-

1014 3399 1114 3425 mus
1136 3382 1192 3425 ad
1215 3382 1307 3425 An.
1327 3384 1370 3432 2,
1424 3385 1466 3426 5.
1498 3383 1539 3435 3,
1559 3385 1630 3432 61.
1701 3385 1805 3430 Non
1839 3397 1905 3429 ta-

1016 3455 1122 3482 men
1147 3439 1304 3491 video,
1344 3455 1427 3484 cur
1452 3456 1546 3484 non
1569 3450 1611 3485 et
1634 3443 1760 3486 lucus
1785 3444 1903 3487 cele-

1014 3497 1105 3540 bris
1141 3496 1203 3550 (h.
1227 3512 1267 3539 e.
1300 3497 1513 3555 frequens
1538 3498 1793 3542 horninibus
1816 3500 1906 3545 huc

1014 3553 1122 3598 illuc
1145 3554 1415 3604 meantibus,
1446 3555 1821 3612 discurrentibus)
1844 3558 1905 3601 ihi
