2138 4030
227 229 302 284 Ἀ.
318 246 366 283 υ.
383 247 472 283 324.

252 291 364 327 mc,
407 291 467 324 π.

716 250 892 311 LIB.
938 249 1043 312 IV.
1127 247 1321 312 CAP.
1361 251 1460 312 65.
1890 257 2016 318 453

160 381 279 437 lam
311 379 612 455 aspernari
650 378 911 436 conditio
950 397 1223 454 praesens
1253 377 1517 449 sinebat,
1573 382 1638 438 in
1679 378 1840 441 hunc
1881 405 2014 443 mo-

159 467 304 523 dum
339 465 725 539 respondent:
781 462 1001 536 „Quae
1039 464 1230 539 prima
1271 463 1558 521 libertatis
1596 468 1839 525 facultas
1874 471 2010 529 data

163 563 324 621 „est‚
367 550 596 606 avidius
624 569 802 625 qua-m
829 550 1055 606 cautius
1075 548 1458 623 sumpsimUS‚
1489 560 1555 606 ut
1578 552 1747 609 vobis
1774 556 2010 615 ceteris-

159 656 324 714 „que
336 632 652 691 Germanis
675 635 1124 708 consanguineis
1146 633 1365 691 nostris
1389 633 1785 707 iungeremur.
1863 638 2008 697 Mu-

159 741 304 790 „ros
345 720 594 777 civitatis
633 720 1122 792 congregantibus
1159 739 1220 775 se
1254 739 1388 777 cum
1423 720 1675 776 maxime
1701 719 2008 782 Romano-

161 826 340 875 „rum
365 805 711 873 exercitibus
739 823 950 877 augere
989 804 1164 861 nohis
1196 825 1374 881 quam
1413 802 1647 861 diruere
1688 808 1870 863 tutius
1908 823 2008 867 est.

157 890 275 960 „Si
299 890 413 966 qui
445 910 512 945 ex
548 887 718 946 Italia
757 901 860 947 aut
907 889 1226 965 provinciis
1275 889 1635 963 alienigenae
1684 890 1749 945 in
1793 892 2009 951 finibus

157 975 423 1043 „nostris
448 976 713 1043 fuerant,
755 994 855 1031 eos
879 973 1102 1032 bellum
1134 975 1458 1048 absumpsit
1480 975 1575 1031 vel
1599 975 1666 1031 in
1688 994 1820 1032 suas
1845 979 2008 1055 quis·-

157 1081 317 1138 „que
359 1061 522 1116 sedes
561 1061 842 1133 refugere.
949 1060 1215 1117 deductis
1257 1059 1404 1114 olim
1441 1070 1500 1116 et
1544 1060 1854 1117 nobiscum
1903 1083 2009 1137 per

162 1146 575 1215 „connubium
631 1145 894 1213 sociatiS‚
973 1145 1191 1221 quique
1241 1164 1379 1200 mox
1431 1164 1790 1219 provenere,
1862 1143 2007 1205 haec

159 1231 397 1305 „patria
433 1242 536 1289 est.
568 1260 573 1262 >
622 1250 731 1287 nec
755 1230 1035 1285 vos-adeo
1074 1230 1311 1305 iniquos
1345 1229 1772 1300 existimamus,
1812 1243 1883 1289 ut
1914 1233 2010 1288 in-

161 1316 391 1385 ,sterfici
429 1337 460 1372 a
497 1315 672 1372 nobis
705 1326 1006 1390 parenteS,
1060 1315 1294 1383 fratreS,
1336 1315 1555 1371 liberos
1588 1327 1821 1372 nostros
1857 1318 2008 1374 veli-

163 1402 301 1469 „tis,
369 1400 634 1474 Vectigal
661 1411 718 1457 et
735 1419 915 1456 onera
939 1399 1428 1457 commerciorum
1453 1400 1820 1461 resolvimus,
1890 1401 2009 1460 sint

161 1485 485 1554 „transitus
527 1484 902 1554 incustoditi,
971 1485 1072 1540 sed
1117 1484 1316 1541 diurni
1364 1495 1423 1542 et
1471 1485 1756 1554 inermeS‚
1818 1487 2006 1544 donec

159 1591 353 1640 „nova
383 1582 441 1629 et
465 1570 721 1627 recentia
755 1570 885 1627 iura
923 1569 989 1624 in
1026 1581 1374 1627 vetustatem
1411 1571 1838 1628 consuetudine
1875 1593 2009 1629 ver-

159 1666 419 1724 „tantun
536 1655 849 1712 Arbitrum
897 1649 1248 1711 habebimus
1294 1652 1548 1713 Civilem
1593 1665 1653 1712 et
1702 1652 2008 1726 Veledam,

160 1741 358 1815 „apud
387 1760 534 1815 quos
558 1751 725 1815 pacta
754 1738 1145 1796 saucientur.”
1229 1737 1328 1797 Sic
1358 1739 1557 1798 lenitis
1585 1731 1892 1797 Tencteris
1921 1743 2009 1798 le-

162 1826 279 1900 gati
314 1826 387 1882 ad
423 1822 675 1882 Civilem
715 1836 770 1881 et
802 1822 1086 1881 Veledam
1116 1824 1280 1879 missi
1317 1845 1452 1881 cum
1483 1825 1656 1882 donis
1696 1837 1902 1884 cuncta
1940 1846 2007 1884 ex
2077 1869 2080 1871 -

163 2075 268 2118 Put.
289 2072 358 2116 M.
384 2081 426 2115 et
439 2071 491 2114 V.
519 2071 727 2116 Beroald.
751 2071 873 2127 (cum
897 2071 1046 2116 silent.

161 2131 372 2186 Victorii)
400 2131 498 2174 Alc.
523 2153 580 2164 --
619 2129 728 2171 Mox
753 2129 820 2171 ed.
838 2129 1045 2173 Beroald.

159 2193 430 2244 respondet,
461 2186 658 2242 neglecta
682 2184 861 2228 lineola.

215 2248 415 2290 cautius.
469 2245 521 2286 ‘M
531 2245 580 2290 S.
603 2242 721 2287 Bud.
745 2253 950 2288 cautum.

217 2322 320 2350 eum
354 2303 583 2345 maxime.
663 2300 740 2345 Sic
769 2301 904 2345 MSS.
939 2301 1046 2356 neg.

102 2392 115 2401 -
161 2354 275 2406 Bu‘d.
304 2361 410 2404 edd.
435 2360 548 2415 Spir.
577 2358 701 2402 Rhen
744 2358 842 2400 Ald.
867 2374 967 2416 sqq.
992 2383 1047 2390 —-

161 2428 260 2464 eum
301 2419 512 2462 maxime
552 2416 691 2460 MSS.
722 2414 879 2459 Guelf.
916 2416 1046 2458 Bodl.

162 2478 243 2520 les.
288 2476 387 2519 edd.
426 2475 526 2518 put.
561 2474 629 2516 M.
666 2480 708 2514 et
745 2473 799 2515 V.
837 2473 1048 2517 Beroatd.

161 2537 282 2588 (cum
306 2532 374 2583 sil.
397 2530 535 2582 Viet.)
570 2529 700 2581 Ale..
729 2529 908 2587 vulgari
942 2546 1049 2572 con-

160 2592 356 2635 fusione.
428 2588 488 2633 ef.
515 2596 608 2631 not.
640 2587 694 2630 ad
725 2603 766 2631 e.
791 2588 859 2631 58.
942 2587 1044 2630 MS.

160 2647 299 2695 Con-b.
327 2663 429 2689 eum
450 2646 694 2687 maximis.

217 2705 493 2758 absumpsit.
543 2702 645 2747 MS.
671 2702 790 2745 Bud.
813 2704 1051 2746 assumsit.

217 2764 436 2807 deductim
512 2760 627 2804 Edd.
659 2759 792 2817 Lipsii
829 2759 960 2815 (inde
995 2760 1048 2803 ab

160 2836 280 2866 anno
297 2819 435 2874 1574.)
459 2820 643 2868 eductis,
669 2817 789 2875 quod
809 2817 928 2860 unde
944 2817 1047 2859 hau·

161 2878 266 2924 serit
305 2892 397 2918 non
434 2874 644 2918 invenio:
680 2877 866 2917 fumasse
888 2892 935 2917 ex
960 2876 1047 2916 edi·

161 2936 284 2978 tione
309 2932 509 2976 Rhenani
546 2932 699 2975 altera.
764 2931 875 2974 Nam
909 2931 1047 2976 ceteri

162 2991 266 3038 libri
287 2990 630 3034 omnes-habent
658 2991 891 3037 deductis,
923 2991 1045 3048 quod

163 3051 255 3108 ipse
279 3047 450 3104 Lipsius
473 3047 600 3090 iussit
619 3047 804 3090 restitui.

217 3114 262 3149 ee
289 3106 526 3148 nobiscum
554 3117 643 3157 per
666 3104 943 3146 connubium
968 3117 1045 3145 so-

160 3165 307 3217 ciatis.
366 3162 504 3206 MSS.
529 3162 564 3204 F
567 3161 653 3205 lor.
676 3163 800 3214 (teste
818 3158 1044 3215 victorio)

160 3220 277 3264 Bud.
299 3235 381 3275 pro
416 3219 598 3262 sociatis
623 3217 776 3260 ferunt
799 3219 1047 3261 societatis.

161 3278 263 3322 MS.
289 3276 439 3322 Guelf.
466 3291 552 3331 per
575 3277 845 3318 connubium
878 3284 923 3318 ec
953 3288 1044 3319 no-

160 3337 229 3378 bis
258 3335 546 3377 consotiatis.

213 3406 492 3450 provenere,
519 3393 634 3435 haec
650 3390 814 3444 patria
835 3398 923 3433 est.
961 3389 1044 3432 Ed.

161 3451 277 3510 Spir.
296 3457 610 3504 pervenerunt
629 3451 741 3492 haec
769 3450 930 3502 prima
960 3455 1046 3490 ese.

219 3522 561 3564 existimamus.
661 3518 763 3563 MS.
806 3516 955 3563 Guels.
996 3518 1046 3572 (a

162 3579 355 3624 munda
389 3580 549 3638 manu)
581 3577 683 3622 edd.
712 3576 812 3620 Put.
838 3575 906 3620 M.
933 3573 1045 3619 εἴν.

1120 2074 1400 2115 estimanus.
1458 2070 1695 2130 vulgatam
1718 2071 2009 2119 habentsedd.

1119 2128 1158 2230 ἓ
1171 2129 1240 2172 fir.
1267 2127 1475 2172 Beroald.
1498 2130 1623 2183 (cum
1647 2128 1717 2174 sil.
1741 2129 1881 2189 Vict.)
1907 2131 2009 2176 Alc.

1193 2202 1263 2230 en.
1284 2203 1303 2229 s
1372 2218 1383 2229 .

1175 2246 1269 2286 sint
1309 2202 1568 2287 iffansitus.
1665 2243 1817 2289 MS&
1854 2244 2007 2291 Guelf.

1119 2300 1243 2344 Harl.
1269 2300 1402 2344 Bodl.
1428 2301 1510 2345 les.
1535 2309 1648 2343 sunt
1669 2305 1911 2348 transitus.

1177 2359 1226 2400 in
1248 2366 1526 2401 vetustatem
1544 2363 1889 2404 consuetudine.
1931 2360 2008 2405 Sic

1119 2414 1257 2459 MSS.
1279 2416 1400 2458 Flor.
1427 2415 1675 2469 (test.Vict.
1697 2432 1798 2460 cum
1815 2416 2006 2475 Ryckio)

1118 2473 1304 2516 Fan-nes.
1337 2471 1448 2530 Reg.
1483 2474 1593 2530 Agr.
1627 2472 1729 2517 edd.
1761 2473 1879 2533 Lips.
1908 2490 2006 2534 sqq.

1118 2558 1176 2567 ...-
1207 2531 1257 2571 in
1301 2537 1589 2572 vetustatem
1629 2533 2007 2576 consuetudinem

1121 2586 1225 2630 MS.
1249 2585 1389 2632 Corb.
1422 2595 1465 2629 et
1498 2586 1568 2630 ed.
1590 2586 1712 2646 Spir.
1744 2612 1802 2620 —
1852 2591 1902 2632 in
1926 2605 2004 2632 ve-

1119 2651 1343 2687 tustatem
1387 2652 1434 2686 et
1484 2648 1861 2689 consuetudinem
1903 2647 2005 2691 Ms.

1120 2701 1242 2751 Harl.
1272 2702 1313 2756 (a
1380 2702 1492 2745 rima
1514 2705 1671 2759 manu)
1706 2697 1806 2748 edd.
1829 2703 2004 2748 Puteol-

1121 2775 1219 2816 sqq.
1249 2760 1304 2801 ad
1359 2758 1554 2816 ,ipsiunn
1588 2787 1647 2796 -—
1702 2761 1751 2802 in
1779 2768 2007 2804 vetustate

1120 2825 1164 2858 et
1192 2817 1521 2859 consuetudine
1543 2817 1682 2871 MSS.
1703 2815 1853 2861 Guelf.
1881 2818 2002 2864 Harl.

1118 2879 1160 2932 (a
1181 2889 1270 2916 sec.
1293 2877 1449 2930 mauu)
1469 2873 1602 2916 Bodl.
1624 2873 1705 2938 Ipes.
1730 2875 1847 2933 Bud.

1179 2951 1441 2988 vertuntur.
1500 2942 1721 3002 MS.Reg.
1741 2952 1785 2987 et
1806 2945 1876 2991 ed.
1889 2946 2006 3004 Spir.

1117 3009 1378 3047 vertuntur.
1435 3000 1522 3045 Ed.
1549 3000 1786 3046 Weikert.
1811 3018 2003 3046 versan-

1117 3066 1206 3101 tur.

1176 3117 1457 3159 saucientur.
1489 3129 1492 3132 ’
1527 3115 1629 3164 MS.
1664 3114 1816 3163 Guelf.
1849 3117 2004 3160 sanci-

1117 3181 1296 3217 rentur.
1355 3173 1440 3216 Ed.
1462 3173 1581 3232 Spir.
1607 3177 1890 3218 sentientur.

1176 3234 1332 3281 legati.
1395 3230 1493 3274 MS.
1517 3229 1668 3276 Guelf.
1688 3234 1873 3285 legatis.

1178 3291 1241 3330 od
1275 3287 1470 3330 Civilem
1511 3296 1556 3332 et
1592 3289 1836 3332 Veledam.
1917 3287 2001 3331 Ed.

1118 3345 1235 3404 Spir.
1259 3349 1325 3388 ud
1338 3345 1526 3390 Civilem
1547 3361 1602 3390 ac.
1626 3349 1802 3390 veledae.
1860 3344 2004 3389 Paulo

1120 3413 1221 3447 ante
1248 3411 1292 3445 et
1316 3410 1416 3461 post
1440 3404 1597 3447 eadem
1628 3404 1863 3447 Velidam.
1922 3402 2002 3446 Ce-

1110 3459 1201 3505 ‘teri
1255 3459 1357 3502 libri
1410 3470 1577 3506 veteres
1627 3461 1712 3503 mei
1757 3460 1806 3501 V
1804 3463 2004 3514 ellegiam

1117 3518 1259 3562 tribuo
1295 3517 1404 3562 loeis
1429 3523 1554 3575 (cum
1581 3518 1756 3561 silentio
1778 3516 2004 3573 Victorii).

1177 3574 1311 3619 mirsi
1328 3589 1432 3619 ewa
1455 3578 1604 3618 donis.
1666 3573 1881 3633 Ed.Spir.
1901 3589 2005 3618 eum
