2138 4030
205 273 258 311 A.
271 272 325 309 U.
345 270 416 306 823

204 316 256 353 A.
277 316 324 351 C.
367 319 427 352 w.

183 495 186 498 .
286 433 330 497 I.
394 405 714 496 Interfecto
742 436 985 496 Vitellio
1013 442 1238 498 bellum
1274 442 1458 515 magis
1497 442 1745 503 desierat
1785 467 1963 523 quam
2032 469 2039 477 ’

118 538 230 598 pax
280 529 565 600 coeperat.
651 524 861 606 armati
906 547 1012 600 per
1060 528 1268 584 urbem
1310 526 1561 584 victores
1603 530 1965 606 implacabili

117 606 255 665 odio
325 609 511 666 victos
581 611 1082 668 consectabantur.
1191 614 1398 688 plenae
1469 614 1745 686 caedibus
1813 616 1964 687 viae,

118 704 356 751 cruenta
384 694 513 751 fora
545 694 877 770 templaque
902 741 918 765 ,
963 697 1177 771 passim
1201 697 1534 774 trucidatiS‚
1578 711 1646 761 ut
1671 721 1961 777 quemque

114 778 237 834 fors
274 779 586 858 obtulerat.
669 800 735 835 ac
775 802 911 836 mox
950 795 1292 855 augescente
1332 782 1573 841 licentia
1612 785 1858 840 scrutari
1898 806 1964 842 ac

115 860 458 939 protrahere
482 865 740 921 abditos:
789 866 839 921 si
866 887 1041 942 quem
1069 889 1377 943 procerum
1400 864 1610 926 habitu
1640 880 1698 925 et
1723 869 1960 926 iuventa

116 962 566 1024 conspexerant,
639 951 1018 1021 obtruncare,
1087 954 1255 1009 nullo
1307 953 1570 1017 militumr
1608 965 1710 1010 aut
1759 955 1965 1029 populi

117 1033 473 1112 discrimine.
581 1033 749 1108 Quae
800 1037 1038 1094 saevitia
1087 1038 1422 1094 recentibus
1477 1039 1630 1096 odiis
1679 1040 1978 1113 sanguine.

117 1115 487 1194 explebatur,
544 1122 685 1177 dein
721 1133 974 1179 verterat
1014 1123 1079 1177 in
1116 1124 1440 1183 avaritiam.
1525 1120 1680 1195 nihil
1713 1144 1964 1200 usquam

116 1207 402 1260 secretum
443 1217 544 1262 aut
584 1207 845 1264 clausum
882 1206 1155 1264 sinebant
1179 1206 1531 1265 Vitellianos
1568 1209 1849 1265 occultari
1887 1209 1966 1264 si-

114 1289 425 1349 mulantes.
511 1291 749 1348 initium
787 1292 849 1349 id
885 1293 1440 1368 perfringendarum
1482 1294 1795 1364 domuum,
1848 1294 1964 1363 vel,

115 1374 166 1429 si
204 1373 600 1445 resisteretur,
661 1397 831 1433 causa
874 1378 1084 1436 caedis,
1171 1398 1278 1434 nec
1320 1380 1518 1453 deerat
1561 1373 1964 1450 egentissimus

114 1459 362 1536 quisque
392 1480 421 1515 e
449 1462 620 1535 plebe
649 1472 704 1517 et
724 1463 963 1536 pessimi
992 1463 1365 1519 servitiorum
1392 1466 1641 1538 prodere
1675 1464 1832 1520 ultro
1871 1464 1965 1519 di-

112 1555 196 1602 tes
226 1544 523 1616 dominos:
568 1546 670 1602 alii
696 1549 770 1603 ab
798 1548 997 1604 amicis
1024 1549 1529 1612 monstrabantur.
1608 1547 1849 1626 Ubique
1873 1550 1962 1605 la·-

111 1640 340 1698 menta,
398 1632 889 1688 conclamationes
924 1645 980 1690 et
1014 1634 1285 1690 fortunae
1325 1645 1525 1708 captae
1561 1634 1759 1703 urbi.S‚
1816 1635 1963 1690 adeo

111 1724 180 1770 ut
203 1710 539 1772 Othoniani
561 1714 987 1794 Vitellianique
1024 1718 1232 1775 militis
1266 1718 1559 1776 invidiosa
1593 1730 1761 1775 antea
1796 1730 1967 1794 petu-

112 1798 298 1861 lantia
339 1800 789 1859 desideraretur.
870 1801 1062 1859 Duces
1098 1805 1355 1878 partium
1392 1805 1762 1861 accendendo
1803 1803 1966 1859 civili

113 1885 270 1940 bello
309 1903 494 1954 acreS‚
536 1889 948 1962 temperandae
981 1889 1259 1945 victoriae
1292 1889 1566 1964 impares.
1649 1889 1864 1965 quippe
1900 1889 1965 1943 in

115 1970 316 2026 turbas
346 1981 402 2026 et
427 1972 749 2028 discordias
774 1973 1025 2048 pessimo
1058 1974 1269 2050 cuique
1294 1974 1552 2050 plurim-a
1591 1973 1704 2030 vis:
1759 1994 1873 2049 pax
1910 1984 1967 2033 et

115 2055 279 2130 quies
305 2056 479 2112 bonis
503 2058 729 2129 artibus
753 2057 1040 2132 indigent.

517 278 1228 344 HISTORIARUM
1281 286 1453 349 LIB.
1485 287 1587 360 IV,
1632 292 1684 351 1.

620 2248 1468 2296 COMMENTARIUS.

172 2348 341 2394 CAPA.
376 2349 487 2404 fors
510 2351 759 2394 obtulerat.
817 2350 1007 2395 SicMS.
1075 2351 1282 2407 pessimi.
1363 2349 1574 2394 Ceterum
1617 2348 1843 2405 coniunge
1887 2363 1970 2391 nec

113 2409 253 2455 Corb.
297 2407 400 2452 edd.
444 2408 653 2451 Beroald.
702 2408 824 2462 (cum
863 2410 1009 2455 silent.

115 2466 255 2516 Victa
290 2462 468 2508 Ernest.
502 2465 628 2508 Brot.
653 2481 751 2523 sqq.
794 2490 850 2498 -
907 2480 1009 2509 sors

115 2525 350 2566 obtulerat
383 2522 517 2566 MSS.
542 2520 692 2570 Guelf.
728 2522 850 2567 Harl.
876 2521 1008 2565 Bodl.

113 2580 234 2626 Bud.
273 2580 374 2624 edd.
399 2580 518 2637 Spir.
537 2579 642 2622 Put.
670 2581 738 2623 M.
763 2590 805 2624 et
828 2579 880 2623 V.
901 2579 1005 2624 Alc.

110 2637 258 2682 Rhea.
284 2636 384 2681 Ald.
409 2653 507 2694 sqq.
530 2637 586 2680 ad
610 2635 883 2681 Ernestiurn.
943 2635 1002 2682 cf.

115 2705 213 2748 not.
234 2696 287 2740 ad
311 2694 405 2739 An.
434 2697 501 2746 14,
523 2695 563 2736 5.
598 2693 709 2738 Hist.
733 2696 774 2747 2,
796 2694 866 2739 70.

171 2754 216 2796 si
248 2767 386 2808 quem
412 2767 658 2806 procerum
702 2761 788 2796 etc.
865 2749 1006 2794 Nimi-

112 2827 212 2855 rum
234 2812 498 2869 petebantur
520 2809 777 2853 Germanici
802 2809 978 2853 milites.

172 2875 532 2919 conspexerant.
601 2867 678 2911 Sic
711 2868 846 2912 MSS.
881 2867 1004 2910 Flor.

115 2926 231 2979 (test.
256 2923 374 2966 Vict.
405 2940 507 2966 cum
530 2923 618 2968 Iac.
640 2924 869 2980 Gronov.)
893 2925 1005 2983 Reg.

113 2981 267 3026 Guelf.
303 2980 430 3023 Harl.
464 2981 593 3028 Bodl.
630 2983 707 3027 les.
742 2983 858 3026 Bud.
895 2983 1003 3043 Agr.

115 3040 215 3082 edd.
237 3039 352 3097 Spir.
377 3039 465 3083 lac.
490 3037 638 3082 Gron.
664 3056 760 3098 sqq.
789 3068 846 3076 --
900 3055 1005 3095 pro·

115 3103 370 3149 apex-erant
401 3097 504 3140 edd.
537 3096 638 3139 Put.
670 3097 736 3140 M.
760 3105 802 3141 et
827 3097 882 3140 V.
905 3098 1006 3142 Ber.

116 3152 294 3257 Sq‘ffizssfi
316 3152 726 3267 &Jafiir‘z'mvi‘i'sn'
745 3211 887 3257 Gaas
941 3215 1011 3256 na

114 3282 330 3323 usquam.

171 3341 196 3367 e
226 3326 374 3377 plebe.
442 3325 520 3369 Sic
555 3324 691 3370 MSS.
726 3327 851 3371 Flor.
890 3327 1005 3382 (test.

110 3379 254 3438 Viot.)
287 3380 440 3424 Guelf.
477 3382 600 3427 Harl.
639 3384 722 3427 les.
758 3382 899 3427 corb.
937 3385 1004 3427 ed.

1078 2411 1242 2451 deerat
1345 2410 1565 2463 prodere.
1623 2405 1739 2448 Nam
1767 2409 1971 2460 prodere

1079 2465 1242 2523 pendet
1289 2481 1313 2507 e
1359 2466 1495 2507 verbo
1536 2467 1718 2506 deerat.
1775 2462 1836 2506 cf.
1873 2460 1971 2506 no‘t.

1079 2538 1201 2578 supr.
1223 2521 1279 2564 ad
1300 2521 1341 2572 3,
1367 2523 1438 2564 58.
1469 2537 1550 2563 nec
1575 2525 1734 2562 deerat
1756 2520 1852 2574 ipse
1874 2551 1886 2562 .
1916 2551 1928 2562 .
1955 2551 1968 2563 .

1079 2582 1254 2621 elicere.
1326 2579 1439 2622 Edd.
1468 2578 1616 2621 ¹Rhen.
1645 2576 1752 2620 Ald.
1787 2574 1970 2645 Μία-ΥΠ.

1077 2635 1215 2693 Lipsii
1256 2635 1426 2694 prima,
1475 2635 1604 2678 Pieh.
1637 2650 1735 2692 sqq.
1779 2650 1969 2693 pessime

1079 2702 1256 2752 ponunt
1295 2693 1473 2752 plenam
1497 2691 1836 2737 ‚distinctionem
1868 2700 1972 2751 post

1110 2753 1223 2793 zebe.

1073 2767 1108 2806 Ρ
1137 2808 1546 2854 conclamationes.
1602 2805 1705 2849 MS.
1735 2804 1889 2849 Guelf.
1923 2813 1969 2849 et

1075 2867 1482 2909 conclamationes.

1137 2931 1181 2965 et
1210 2924 1438 2978 fortunae
1477 2929 1642 2971 captae
1686 2921 1825 2963 urbis.
1894 2919 1972 2964 Sic

1075 2981 1177 3025 MS.
1199 2979 1323 3024 Flor.
1359 2979 1473 3034 (test.
1500 2976 1619 3021 Vict.
1671 2975 1883 3035 ed.'Spir.
1913 3001 1972 3010 -

1077 3048 1123 3080 et
1185 3045 1349 3092 captae
1412 3037 1536 3078 urbis
1647 3042 1816 3077 rtunae
1867 3035 1970 3078 MS.

1076 3097 1184 3155 Agr.
1215 3118 1272 3126 ——
1332 3093 1423 3139 Pro
1445 3093 1672 3150 fortunae
1695 3092 1793 3135 MS.
1816 3091 1968 3135 Guelf.

1076 3163 1119 3197 et
1172 3158 1423 3196 ceterorum
1464 3148 1749 3194 MSStorum
1807 3150 1969 3207 vulgus

1078 3227 1182 3255 cum
1212 3209 1312 3252 edd.
1337 3208 1440 3252 Put.
1466 3207 1743 3265 sqq.'ferunt
1755 3207 1970 3262 fortuna,

1077 3267 1197 3325 quod
1231 3282 1334 3309 cum
1359 3263 1462 3308 loco
1497 3263 1644 3307 minus
1671 3271 1824 3321 aptum
1850 3263 1970 3307 vide-

1076 3333 1224 3375 retur,
1255 3322 1465 3367 suadente
1476 3320 1721 3366 'Vertranio
1745 3320 1967 3364 recentio-

1075 3398 1146 3425 res
1163 3381 1355 3425 editores
1373 3395 1477 3424 cum
1490 3379 1697 3421 Ernestio
1719 3376 1966 3435 praetulere

113 3435 144 3480 S
179 3437 255 3486 ir„
285 3438 404 3482 unde
430 3440 629 3484 restituo.
663 3465 714 3474 -
778 3456 841 3484 ex
875 3444 1006 3496 plebe
1064 3441 1250 3495 forma.
1312 3437 1426 3480 Nam
1450 3436 1680 3479 Ernestius
1702 3435 1754 3476 ad
1778 3434 1822 3476 b.
1848 3432 1877 3475 Ι.
1903 3433 1965 3476 di-

116 3490 145 3540 e
174 3495 218 3538 d.
238 3493 341 3541 Pul.
366 3512 461 3553 sqq.
485 3497 541 3539 ad
562 3496 681 3540 bunc
703 3499 834 3542 diem.

173 3558 229 3613 et‘¹
241 3555 448 3607 pessimi.
505 3553 610 3598 MS.
638 3553 787 3599 Guelf.
818 3563 862 3598 et
888 3571 1003 3611 pro-

119 3610 242 3651 ximi
269 3611 315 3652 iu
347 3614 578 3663 contextu&
620 3612 693 3654 sed
722 3613 767 3656 iu
795 3629 934 3672 marg.
962 3621 1005 3655 et

1077 3498 1159 3539 cit:
1208 3493 1460 3547 „Fortuna
1500 3500 1664 3547 captae
1700 3491 1827 3532 urbis
1866 3497 1967 3533 ante

1077 3553 1325 3596 declarata:
1383 3551 1675 3609 sequebatur,
1727 3556 1777 3590 ut
1822 3547 1966 3590 luctus

1078 3610 1180 3654 inde
1213 3618 1337 3653 ortus
1372 3607 1725 3654 describeretur,
1769 3612 1968 3663 quaeest
