2138 4030
85 174 92 229 ἰ
173 155 227 240 “2²
245 154 401 242 {2³:²³3}-
432 157 469 254 J

656 153 745 221 υἱ
758 161 828 224 Β.
863 161 973 223 Ν.
1021 126 1246 245 ΣΘΜ).
1286 164 1389 250 73.
1819 112 1945 231 465
1996 126 1998 129 '

66 292 412 364 „cundiam
459 290 727 360 exercui„
789 303 845 348 et
888 292 1096 367 populi
1127 288 1399 366 Romani
1445 296 1722 354 virtutem
1758 278 1940 360 ‘armis
1964 360 1973 363 ..
2003 286 2007 292 Α
2042 349 2053 365 ,ι

45 409 48 411 -
88 375 458 448 „adfirmavi-
509 386 521 390 “
542 377 644 433 sed
670 376 806 452 quia
843 379 1000 451 apud
1027 390 1133 435 vos'
1169 367 1721 452 verba›-pluri1num'
1742 385 1971 448 valent.

88 463 408 539 „bonaque
447 481 513 518 ac
541 461 697 518 mala
732 481 855 518 non
895 482 997 518 sua
1033 473 1243 523 natura
1284 462 1386 518 sed
1418 465 1661 523 vocibus
1698 464 1940 534 seditio-

87 567 342 618 „sorum
369 547 781 616 aestimantur,
826 548 1001 604 statui
1038 567 1222 622 pauca
1254 548 1566 620 disserere,
1608 572 1759 628 ‘quae
1795 541 1935 631 pro-

86 633 328 706 „fligato
351 633 508 689 bello
535 631 742 689 utilius
771 632 846 689 sit
871 633 1040 688 vobis
1064 632 1295 689 audisse
1330 653 1507 709 quam
1545 637 1717 692 nobis
1755 630 1939 695 dixis-

88 738 219 788 ‚‚se.
305 716 556 774 Terram
580 728 834 775 vestram
864 729 1307 794 ceterorumque
1339 714 1652 775 Gallorum
1689 723 1937 795 ingressi

87 815 274 873 „sunt
304 804 478 862 duces
503 803 997 878 imperatoresque
1013 801 1276 861 Romani
1303 803 1468 860 nulla
1494 804 1797 879 cupidine,
1835 810 1938 866 sed

84 888 454 958 „maioribus
486 887 693 950 vestris
722 888 1164 957 invocantibu8‚
1206 908 1354 964 quos
1387 889 1714 947 discordiae
1753 911 1939 969 usque

49 982 54 986 ’
86 974 208 1043 „ad
246 973 491 1031 exitium
526 973 867 1046 fatigabant.
957 983 1014 1030 et
1049 973 1222 1047 acciti
1259 973 1479 1030 auxilio
1517 971 1806 1054 Germani
1841 997 1939 1054 so7

86 1059 242 1128 „ciis
294 1060 518 1134 pariter
567 1070 744 1134 ¹atque
804 1054 1071 1114 hostibus
1126 1058 1464 1114 servitutem
1520 1058 1938 1135 imposuerant.

87 1141 299 1215 „Quot
335 1143 577 1218 proeliis
614 1146 893 1199 adversus
932 1140 1207 1199 Cimbros
1243 1133 1694 1221 Teutonosque,
1749 1167 1941 1223 quan-

85 1229 209 1298 „tis
257 1229 613 1286 exercituum
667 1239 1005 1286 nostrorum
1054 1228 1389 1303 laboribus,
1471 1248 1663 1304 quove
1721 1231 1937 1289 eventu

90 1312 494 1383 „Germanica
541 1314 696 1371 bella
739 1313 1209 1381 tractaverimuS‚
1277 1313 1415 1370 satis
1463 1315 1706 1378 clarum.
1765 1336 1769 1339 ·
1830 1336 1940 1374 nec

84 1398 264 1468 „ideo
294 1395 578 1457 Rhenum
613 1399 962 1467 insedimus,
1005 1409 1071 1454 ut
1095 1396 1323 1454 Italiam
1360 1410 1690 1469 tueremur,
1730 1402 1831 1459 sed
1865 1403 1942 1458 ne

83 1484 264 1560 „quis
305 1485 455 1540 alius
478 1479 816 1540 Ariovistus
850 1502 1030 1556 regno
1073 1482 1405 1558 Galliarum
1448 1485 1754 1559 potiretur.
1840 1483 1942 1543 An

84 1589 238 1639 „vos
274 1570 526 1626 cariores
556 1567 739 1626 Civili
781 1567 1134 1643 Batavisque
1186 1579 1244 1624 et
1281 1565 1758 1628 Transrhenanis
1797 1590 1942 1644 gen-

84 1654 288 1723 „tibus
338 1655 573 1710 creditis
621 1675 798 1730 quam
845 1653 1168 1710 maioribus
1222 1673 1426 1709 eorum
1487 1666 1681 1729 patres
1728 1657 1958 1733 avique⁴

82 1739 309 1808 „vestri
340 1740 621 1796 fuerunt?
695 1740 896 1795 eadem
938 1758 1167 1814 semper
1191 1744 1362 1794 causa
1395 1736 1710 1796 Germanis
1736 1752 1942 1810 'trans-

82 1826 449 1893 „scendendi
476 1825 539 1880 in
554 1822 808 1892 Gallias,
853 1824 1039 1881 libido
1065 1835 1239 1899 atque
1265 1823 1513 1882 avaritia,
1540 1836 1597 1880 et
1621 1826 1947 1883 mutandae-

84 1911 288 1978 „sedis
321 1931 514 1979 amor,
556 1921 623 1966 ut
648 1910 868 1966 relictis
907 1910 1225 1984 paludibus
1260 1920 1317 1965 et
1357 1902 1779 1966 solitudinibus
1811 1910 1960 1975 ,suis

84 1995 615 2064 „fecundissimum
662 1990 775 2052 hoc
824 1996 1016 2051 solum
1062 2014 1284 2070 vosque
1344 1993 1501 2068 ipsos
1553 1996 1938 2069 possiderent.

84 2078 402 2149 „Ceterum
426 2081 666 2138 libertas
692 2091 747 2136 et
771 2079 1030 2155 speciosa
1059 2079 1302 2134 nomina
1337 2084 1759 2152 praetexuntur
1773 2104 1799 2141 ε,
1831 2101 1939 2137 nec
1967 2088 1971 2092 '

83 2341 318 2396 Lingones
348 2340 452 2385 edd.
486 2339 644 2383 Oberl.
680 2356 776 2397 sqq.
808 2356 969 2398 opera-

84 2417 186 2444 rum
223 2399 360 2451 vitio,
405 2398 526 2454 quod
563 2398 616 2439 ab
651 2413 745 2440 uno
778 2398 894 2440 libro
924 2398 970 2440 in

56 2458 220 2502 ,alium
241 2458 464 2513 migravit.
524 2453 754 2498 Bekkerus
779 2455 972 2498 restituit

88 2515 338 2570 Lingonas.

138 2598 404 2656 adfirmavi.
463 2596 540 2640 Sic
572 2597 672 2641 MS.
709 2597 827 2640 Flor.
862 2604 973 2640 teste

82 2655 300 2700 victorio.
321 2683 380 2691 —-
415 2655 668 2711 'affirmavi
687 2655 790 2698 MS.
818 2652 971 2698 Guelf.

83 2723 127 2759 et
155 2714 375 2757 editiones
398 2722 587 2758 veteres.
834 2736 837 2737 ν

139 2802 224 2842 sed
255 2797 380 2855 quia.
441 2795 518 2840 Sic
544 2795 646 2840 MS.
677 2794 828 2839 Guelf.
866 2795 968 2838 edd.

81 2855 261 2911 Puteol·
289 2869 459 2911 sqq.-—
496 2857 577 2896 sed
599 2869 717 2909 quae
729 2850 968 2897 MS.F10'1·.

84 2911 215 2972 (test.
247 2911 391 2967 Viet.)
424 2919 466 2955 et
505 2911 576 2954 ed.
612 2911 729 2966 Spir.
762 2937 817 2944 —
890 2913 973 2952 sed

86 2970 307 3027 quoniam
333 2967 432 3011 MS.
454 2967 615 3016 Corb„
652 2984 786 3027 quam
823 2969 971 3012 varie—

85 3036 216 3072 tatem
246 3045 269 3070 e
305 3026 575 3084 compendio
610 3025 856 3083 scripturae
893 3041 971 3067 01·-

85 3094 176 3128 tam
198 3093 317 3143 pu'ta.

141 3184 195 3211 ac
216 3170 361 3210 mala.
421 3166 524 3210 MS.
539 3166 677 3209 Corb.
707 3174 748 3208 et
773 3164 840 3208 ed.
855 3165 973 3222 Spir-

82 3234 220 3281 atque
255 3228 400 3270 mala.
480 3224 599 3268 Haec
641 3231 787 3265 totum
820 3222 970 3264 locum

84 3285 172 3326 edit
195 3282 284 3326 sic:
315 3285 398 3324 sed
420 3296 539 3337 quae
554 3283 808 3335 plurimum
833 3283 974 3321 verba

81 3344 212 3394 apud
239 3354 319 3382 vos
353 3342 508 3380 valent
530 3341 650 3380 bona
673 3345 815 3392 atque
840 3339 972 3378 mala

83 3412 174 3441 non
198 3398 276 3440 sui
290 3403 469 3462 (tatur-a
492 3404 579 3439 etc.

141 3481 472 3524 aestimantur,
531 3477 608 3522 Sic
633 3477 733 3520 edd.
757 3475 970 3519 Beroald-

86 3548 332 3599 TAcvas
377 3543 476 3596 III.

1042 2339 1168 2392 (cum
1196 2339 1262 2381 sil.
1287 2337 1427 2394 Viet.)
1461 2339 1560 2381 Alc.
1587 2355 1684 2394 sqq.
1721 2363 1776 2372 -
1824 2341 1937 2382 esti·

1043 2404 1240 2437 mantnt·
1262 2395 1556 2439 edd.Put.M.
1576 2404 1618 2439 et
1632 2397 1689 2440 V.
1722 2424 1770 2431 —-—
1814 2400 1941 2440 exli-‘-

1043 2459 1238 2494 mantur
1264 2452 1365 2497 MS.
1387 2451 1540 2498 Gueif.
1580 2455 1620 2508 (a
1654 2469 1743 2498 sec.
1778 2457 1937 2510 mauu)
1972 2505 1979 2510 ⁸

1043 2517 1085 2553 et
1112 2509 1181 2552 ed.
1205 2508 1326 2566 Spir-

1099 2581 1293 2627 dztaezzcse.
1354 2578 1443 2623 Ed.
1467 2579 1583 2638 Spir.
1611 2581 1792 2625 vidisse.
1936 2598 1978 2636 ἡ,

1102 2650 1445 2706 Teutonosque.
1522 2650 1656 2695 MSS.
1682 2649 1794 2709 Reg.
1823 2652 1949 2711 Agr:

1043 2709 1112 2751 ed.
1136 2707 1255 2765 Spir.
1281 2699 1619 2764 *semones-que.

1098 2792 1217 2834 satis
1240 2792 1436 2833 clarum.
1490 2791 1624 2835 MSS.
1641 2791 1789 2836 Vatie.
1815 2791 1937 2839 1863.

1040 2848 1148 2905 Reg.
1194 2848 1306 2906 Agr.
1352 2847 1421 2890 ed.
1458 2849 1576 2907 Spir.
1618 2851 1733 2893 satis
1774 2852 1934 2892 claret.

1043 2906 1104 2949 cf.
1130 2906 1308 2947 Lucret.
1328 2905 1370 2955 6,
1385 2904 1481 2948 935.
1544 2906 1780 2963 vulgatum
1810 2915 1936 2950 tuen·

1042 2972 1116 3006 tur
1164 2961 1298 3005 MSS.
1343 2959 1498 3005 Guelf.
1535 2963 1650 3006 Bud.
1694 2963 1792 3008 edd.
1830 2963 1935 3007 Put.

1041 3019 1251 3063 Beroald.
1278 3020 1399 3074 (cum
1426 3018 1496 3062 s‘il.
1523 3020 1660 3077 Viet.)
1685 3021 1784 3065 Alc.
1808 3037 1904 3080 sqq.

1101 3104 1326 3158 gentibus.
1408 3101 1508 3147 Hoc
1537 3102 1808 3148 vocabulum
1843 3121 1934 3147 non

1045 3168 1276 3217 comparet
1298 3159 1347 3202 in
1365 3159 1467 3204 MS.
1483 3161 1637 3211 Corb.,
1661 3177 1807 3220 neque
1832 3178 1934 3203 mox

1045 3233 1160 3261 suls.

1098 3302 1333 3354 ficerunt?
1400 3299 1484 3345 Ed.
1531 3299 1652 3359 Spir.
1686 3300 1840 3356 suere.
1877 3322 1935 3332 —

1044 3360 1151 3402 Mox
1180 3358 1282 3401 eod.
1307 3357 1423 3403 Bud.
1452 3367 1714 3402 ceterorum
1745 3373 1827 3414 pro
1857 3372 1931 3399 ce·
2004 3359 2016 3367 ‘

1042 3425 1208 3483 terum.
1267 3415 1367 3460 MS.
1381 3414 1535 3460 Guelf.
1553 3415 1711 3471 ῥοίοεα
1734 3429 1818 3473 pro
1836 3428 1934 3469 spe·

1041 3489 1179 3516 GlOSa.

1260 3531 1375 3609 Ggv
