2138 4030
182 206 235 242 A.
254 207 306 243 U.
324 206 410 242 823.

183 252 232 286 A.
256 252 302 289 C.
351 252 413 287 70.

600 208 778 272 LIB.
814 209 891 272 11.
967 207 1162 273 CAP.
1196 212 1298 274 91.
1335 213 1435 286 92.
1508 184 1510 186 ’
1816 191 1943 275 23²9

93 342 380 400 memoria
422 341 576 397 vitae
611 339 827 415 prioris
866 341 1141 398 indecora
1192 354 1248 399 et
1297 341 1437 397 vilia
1486 342 1950 418 accipiebantur(

95 425 438 485 ventitabat
472 426 536 481 in
575 438 842 483 senatum
861 471 878 495 ‚
933 426 1107 483 etiam
1149 446 1283 483 cum
1311 426 1510 500 parvis
1535 428 1606 483 (le
1632 430 1806 486 rebus
1834 450 1940 504 pa-

91 523 207 568 tres
244 512 708 569 consulerentur.
794 530 860 566 ac
899 510 1050 568 forte
1086 509 1321 570 Priscus
1355 509 1669 569 Helvidius
1705 526 1941 588 praetor

90 597 426 671 designatus
472 608 674 652 contra
723 595 982 651 studium
1036 597 1160 653 eius
1207 607 1526 654 censuerat.
1612 610 1938 655 commotus

91 683 283 756 primo
309 681 585 739 Vitellius
611 701 736 736 non
763 682 960 736 tamen
986 681 1142 752 ultra
1168 702 1345 757 quam
1365 682 1636 738 tribunos
1660 682 1849 756 plebis
1873 684 1938 740 in

88 768 373 824 auxilium
398 776 622 841 spretae
649 765 948 839 potestatis
975 766 1297 823 advocavit,
1373 787 1510 823 mox
1533 767 1939 840 mitigantibus

88 853 322 921 amiciS,
377 851 481 927 qui
507 850 776 907 altiorem
800 851 1167 907 iracundiam
1189 851 1313 907 eius
1339 853 1726 922 verebantur,
1780 849 1935 908 nihil

87 937 231 994 novi
266 936 543 993 accidisse
577 936 914 1010 respondit,
966 938 1122 1011 quod
1162 937 1282 992 duo
1321 948 1618 993 senatores
1643 936 1707 992 in
1733 957 1797 995 re
1817 957 1936 1012 pu-

85 1022 238 1079 blica
270 1022 670 1078 dissentirent:
731 1021 971 1077 solitum
1007 1040 1066 1077 se
1104 1021 1278 1077 etiam
1304 1018 1602 1079 Thraseae
1636 1022 1937 1079 contradi-

88 1127 232 1164 cere.
301 1104 553 1163 Inrisere
579 1107 845 1182 plerique
872 1106 1298 1181 impudentiam
1325 1107 1760 1165 aemulationis:
1803 1107 1936 1164 aliis

86 1192 148 1247 id
186 1193 380 1266 ipsum
415 1192 710 1266 placebat,
773 1192 933 1266 quod
975 1191 1272 1247 neminem
1321 1213 1390 1248 ex
1433 1192 1933 1268 praepotentibus,

85 1278 185 1354 sed
212 1273 533 1333 Thraseam
558 1278 630 1332 ad
654 1276 948 1351 exemplar
968 1297 1138 1332 verae
1163 1276 1384 1350 gloriae
1409 1278 1657 1351 legisset.

247 1407 436 1469 XCII.
471 1407 894 1485 Praeposuerat¹
915 1409 1380 1486 praetorianis'P.
1395 1410 1685 1470 Sabinum
1705 1434 1738 1470 a
1760 1433 1933 1490 prae-

82 1497 302 1552 fectura
361 1490 650 1563 cohortiS‚
712 1493 938 1552 Iulium
984 1495 1253 1553 Priscum
1314 1508 1438 1554 tum
1500 1499 1930 1555 centurionem:

10 1633 13 1636 ,
83 1579 316 1636 Priscus
360 1578 660 1648 Valentis,
732 1580 991 1658 Sabinus
1037 1579 1322 1639 Caecinae
1369 1584 1552 1656 gratia
1610 1585 1931 1659 pollebant.

23 1680 33 1688 ‘
81 1663 242 1723 Inter
267 1665 561 1721 discordes
587 1664 828 1722 Vitellio
856 1662 1012 1720 nihil
1042 1669 1419 1727 auctoritatis,
1504 1669 1710 1726 munia
1731 1669 1932 1745 iimpe-

80 1750 156 1805 rii
194 1748 441 1807 Caecina
466 1771 545 1806 xac
579 1748 800 1806 Valens
843 1751 1118 1822 obibant,
1173 1754 1318 1809 olim
1351 1747 1512 1808 anxii
1544 1754 1743 1823 odiis„
1780 1775 1928 1831 quae

81 1836 237 1892 hello
282 1828 338 1892 et
382 1835 581 1892 castris
616 1836 768 1892 male
806 1836 1168 1895 dissimulata
1204 1839 1459 1914 pravitas
1503 1839 1825 1897 amicorum
1874 1851 1931 1897 et

132 2092 234 2119 cum
255 2075 430 2128 parvis.
488 2074 570 2118 Ed.
595 2075 710 2134 Spir.
741 2078 822 2119 ubi
843 2092 962 2132 par-

75 2135 153 2176 vis.
212 2133 321 2174 Blox
344 2132 496 2175 eadem
514 2132 735 2179 Eluidius.
789 2134 964 2178 Deinde

73 2193 234 2234 am1‘cis
262 2190 320 2232 ibi
349 2190 485 2232 deest.

127 2269 325 2317 praetor
345 2263 627 2315 designatus.
687 2262 788 2307 MS.
807 2262 960 2309 Guelf-

70 2322 237 2362 consul
252 2319 562 2373 dessignatus.

129 2392 347 2434 altiorem
369 2391 668 2433 iracundiam
691 2392 803 2435 eius.
861 2391 962 2435 MS.

73 2447 203 2491 Bodl.
231 2447 301 2490 ed.
325 2448 444 2505 Spir.
477 2450 694 2490 altiorem
723 2450 823 2490 eius·
855 2450 952 2491 ira-

72 2505 314 2560 cundiam,
351 2504 415 2548 uti
444 2504 581 2553 edidit
603 2505 848 2549 Broterius.

127 2575 176 2616 in
213 2588 264 2616 re
302 2575 501 2629 publica.
571 2573 676 2617 MS.
711 2572 861 2617 Guelf.
909 2576 960 2617 in

68 2646 379 2734 reqhssaseae.
439 2687 508 2731 De
541 2703 630 2747 quo
663 2689 755 2734 vid.
780 2690 867 2736 An.
893 2692 959 2744 16,

68 2746 245 2859 21ἕμιοιὶ
265 2805 517 2847 neminem.
577 2802 652 2847 Sic
676 2803 811 2848 MSS.
835 2805 871 2848 F
874 2804 958 2851 lor.

68 2864 187 2915 (lest.
213 2859 329 2904 Vici.
365 2876 468 2903 cum
493 2861 636 2916 Pich.)
676 2862 780 2918 lieg.
815 2861 956 2918 Cori).

69 2916 220 2960 Guelf.
253 2918 294 2973 (a
329 2920 520 2960 secunda
556 2934 692 2960 manu
722 2918 768 2960 in
797 2923 957 2978 marg.)

67 2974 167 3017 edd.
203 2974 316 3031 Spir.
366 2975 490 3018 Pich.
534 2974 717 3018 Gruter.
755 2983 853 3034 sqq.
893 3001 952 3010 --

68 3035 191 3086 quod
225 3045 334 3072 non
372 3031 506 3075 MSS.
550 3033 663 3076 Bud.
709 3031 859 3078 Guelf.
912 3038 953 3089 (a

97 3087 209 3131 rima
242 3091 395 3144 manu)
426 3087 545 3134 Harl.
567 3089 700 3134 Bod'l.
726 3090 806 3133 les.
842 3092 951 3136 edd.

37 3194 60 3206 ν
108 3154 171 3189 ut.
199 3161 298 3203 sqq.
330 3146 382 3188 ad
408 3146 664 3190 Pichenem.

63 3257 66 3259 ,
92 3224 101 3232 “
121 3216 232 3263 CAP.
258 3217 328 3268 92,
387 3234 419 3270 a
447 3220 753 3275 praefectura
782 3225 952 3276 cohor-

64 3276 137 3318 tis.
169 3274 232 3317 Ex
254 3274 564 3319 emendatione
578 3277 794 3333 Meroen-i,
818 3278 951 3338 quarn

65 3340 328 3389 receperunt
358 3331 480 3377 Picb.
513 3332 731 3394 Bernegg.
763 3352 813 3397 sq
849 3368 862 3383 ,
894 3366 953 3375 ..-

65 3385 198 3444 Μὸδ,
236 3390 416 3433 et'vess.
454 3390 552 3434 edd.
585 3394 653 3433 ad
681 3406 799 3443 prae
822 3404 948 3450 ectu-

57 3459 170 3489 .ram
215 3448 424 3491 cohortis.
516 3448 619 3491 MS.
663 3449 698 3492 F
701 3448 785 3494 lor.
832 3447 947 3507 (test.

62 3498 208 3556 Pich.)
264 3508 330 3561 qd
380 3509 676 3560 prazscctura
734 3511 949 3564 cohortis,

1038 2076 1267 2122 Victorius
1336 2080 1554 2124 intactum
1621 2082 1803 2141 reliquit
1864 2092 1933 2131 od

1031 2137 1401 2192 praefecturam.
1448 2163 1500 2172 -
1563 2139 1672 2182 Mox
1706 2142 1926 2199 scriptura

1036 2203 1137 2235 tum
1173 2198 1490 2238 centurionem
1529 2196 1718 2240 debetur
1751 2198 1928 2258 Lipsio:

1034 2261 1209 2309 recepta
1234 2260 1299 2296 est
1325 2251 1581 2305 aPichena,
1607 2253 1805 2300 Grutero
1829 2276 1928 2320 sqq.

1034 2309 1326 2353 praeiverunt
1350 2310 1487 2354 MSS.
1510 2311 1634 2365 Flor.
1659 2323 1699 2357 et
1727 2315 1931 2372 Fames„

1033 2368 1108 2425 qui
1139 2370 1254 2421 (test.
1273 2366 1396 2412 Pich.
1426 2377 1467 2411 et
1480 2369 1614 2427 Lips.)
1638 2372 1788 2414 ferunt
1810 2378 1924 2419 dum

1031 2427 1365 2468 centurionem.
1452 2426 1587 2469 MSS.
1647 2429 1756 2486 Agr.
1810 2431 1922 2491 Reg.

1035 2482 1175 2526 Corb.
1203 2483 1272 2526 ed.
1300 2483 1419 2541 Spir.
1451 2488 1566 2526 dum
1600 2488 1806 2531 centurio
1842 2500 1924 2536 est.

1033 2538 1167 2582 MSS.
1202 2540 1315 2583 Bud.
1350 2540 1472 2584 Harl.
1502 2540 1635 2586 Bodl.
1659 2542 1741 2586 les.
1765 2545 1921 2593 Guelf.

1032 2597 1133 2640 edd.
1169 2596 1276 2640 Put.
1304 2598 1406 2642 Ber.
1441 2603 1568 2653 (curn
1604 2600 1749 2644 silent.
1783 2602 1920 2662 Viet.)

1031 2671 1130 2712 sqq.
1163 2659 1274 2696 dum
1296 2656 1503 2697 centurio
1529 2663 1660 2700 esset.
1720 2657 1806 2704 Sed
1832 2662 1921 2706 iam

1030 2712 1223 2769 pretium
1246 2729 1338 2756 esse
1362 2712 1542 2758 videtur
1567 2729 1777 2767 noscere,
1811 2735 1922 2778 quo·

1029 2770 1166 2812 modo
1198 2777 1318 2813 totus
1353 2769 1480 2814 locus
1511 2770 1723 2816 habeatur
1744 2776 1790 2823 in
1815 2786 1922 2823 vett.

1031 2826 1130 2869 edd.
1213 2827 1354 2884 Igitur
1391 2828 1464 2870 ed.
1506 2827 1624 2887 Spir.
1669 2828 1924 2887 Sabinum:

1029 2888 1094 2926 ad
1123 2885 1474 2940 praefecturam
1509 2887 1708 2930 cohortis
1738 2886 1919 2936 Iulium
1965 2928 1971 2935 ,

1023 2942 1230 2993 priscum
1261 2946 1375 2984 dum
1407 2945 1610 2986 centurio
1642 2952 1714 2988 est
1739 2950 1920 3003 priscus

1024 3006 1110 3042 etc.
1147 2998 1376 3043 Edd.Put.
1403 2999 1660 3049 Sabinum:
1691 3010 1756 3047 ad
1768 3021 1915 3061 prae-

1011 3055 1251 3111 fecturam
1273 3058 1476 3100 cohortis
1487 3057 1663 3103 Iulium
1682 3076 1914 3116 priscum:

1025 3117 1137 3154 dum
1181 3116 1389 3157 centurio
1432 3123 1573 3170 essct.
1669 3118 1915 3197 Beroaldug

1025 3170 1159 3214 colon
1187 3179 1288 3214 ante
1313 3175 1426 3222 dum
1458 3184 1680 3219 commate
1711 3177 1914 3222 mutavit.

1024 3226 1248 3279 Alcimus,
1296 3225 1537 3273 Rhenanus
1576 3247 1675 3291 sqq.
1723 3243 1914 3293 utroque

1023 3284 1398 3342 interpunctionis
1433 3287 1536 3330 loeo
1567 3300 1790 3337 commata
1821 3290 1912 3335 ma-

1023 3341 1159 3385 luere.
1209 3340 1402 3401 ⁴Lipsius
1430 3344 1612 3403 pro'ad
1639 3348 1910 3404 praefectu-

1022 3412 1129 3441 ram
1152 3398 1287 3443 edidit
1310 3415 1366 3442 ac
1382 3401 1706 3457 praefecturae
1722 3421 1736 3447 .-
1766 3407 1909 3448 verio-

1020 3471 1115 3498 rem
1139 3464 1287 3500 tamen
1309 3457 1538 3502 iam'1574.
1561 3460 1775 3510 iudicavit
1787 3463 1907 3506 Mer-

1020 3513 1109 3557 ceri
1133 3514 1506 3561 emendationem.
1580 3543 1589 3547 -
