2138 4030
1164 155 1170 177 1
1232 154 1235 155 ⁷

220 233 343 292 434
792 223 1502 291 HISTORIARUM
1570 309 1577 319 ,
1765 230 1982 312 2:32⁸}

220 362 380 420 Tum
409 361 740 419 celerrimas
777 331 1020 417 naviiim
1055 359 1352 419 frumento
1391 373 1634 419 onustas
1654 373 1837 435 ¹saevo
1874 358 2067 441 adhuc

218 448 369 504 mari
392 445 720 509 committit.
806 447 1023 521 quippe
1051 455 1214 502 tanto
1250 446 1605 506 discrimine,
1625 449 1769 505 urbs
1800 451 2066 520 nutabat,

218 545 285 590 ut
323 520 522 588 decern
553 527 711 587 haud
750 530 1002 604 amplius
1039 530 1270 586 dierum
1316 533 1679 594 frumentum
1725 533 1789 589 in
1835 530 2066 598 horreis

216 618 422 685 fuerit,
466 637 598 673 cum
625 636 658 671 a
686 594 1045 688 Vespasiano
1075 627 1432 678 commeatus
1466 617 1826 690 subveneral
1875 658 1882 666 -

384 709 545 771 LIII.
630 709 849 768 Curam
886 709 1234 766 restituendi
1254 706 1533 787 Capitolii
1571 713 1632 768 in
1659 712 1728 772 L.
1753 713 2062 775 Vestinum

218 801 441 858 confert
482 795 764 873 equestris
806 794 1033 849 ordinis
1072 795 1300 866 virum,
1363 799 1464 853 sed
1503 799 1845 856 auctoritate
1878 800 2064 858 fama-

219 905 331 962 que
378 884 532 940 inter
575 895 862 955 proceres,
974 880 1048 935 ab
1095 900 1161 936 eo
1211 883 1494 938 contracti
1544 879 1879 959 haruspices
1929 906 2064 943 mo·-

214 990 396 1027 nuere
413 1015 428 1037 ,
465 978 533 1023 ut
558 963 842 1040 reliquiae
866 964 1080 1038 prioris
1104 966 1338 1022 delubri
1365 967 1429 1022 in
1458 969 1701 1042 paludes
1737 965 2061 1026 aveheren-

218 1069 340 1125 tur,
408 1050 695 1125 templum
742 1049 952 1122 iisdem
1003 1046 1258 1124 vestigiis
1297 1051 1611 1110 sisteretur.
1713 1054 1873 1111 nolle
1921 1056 2062 1112 deos

211 1138 428 1196 mutari
463 1146 715 1191 veterem
750 1134 1018 1193 formam.
1107 1133 1433 1194 Undecimo
1469 1136 1612 1198 Kala
1638 1133 1820 1194 Iulias
1859 1158 2062 1197 serena

211 1227 340 1282 luce
375 1221 626 1297 spatium
667 1239 872 1288 omne,
929 1221 1088 1295 quod
1127 1222 1343 1296 templo
1382 1221 1716 1291 dicabatur,
1762 1224 2061 1283 evinctum

208 1308 369 1366 vittis
394 1304 761 1382 coronisque.
818 1304 1061 1378 ingressi
1076 1307 1312 1375 militeS,
1341 1307 1472 1383 quis
1487 1309 1673 1366 fausta
1689 1307 1951 1380 nomina,
1972 1310 2061 1367 fe-

205 1526 308 1570 MS.
346 1524 426 1568 les.
459 1547 515 1557 -
574 1524 789 1578 qttollere
823 1521 959 1566 MSS.
985 1520 1096 1577 Reg.

205 1583 323 1627 Bud.
357 1582 460 1625 edd.
482 1581 600 1638 Spir'.
632 1579 837 1623 Rhenan.
862 1579 968 1623 Ald.
994 1595 1092 1637 sqq.

205 1641 291 1686 Sed
319 1655 410 1682 non
437 1639 594 1687 video,
625 1638 732 1694 quid
762 1646 957 1681 veterem
988 1637 1094 1678 scri·

205 1707 381 1758 pturain
414 1695 629 1754 impediat
659 1702 736 1738 aut
776 1709 866 1752 quo
905 1694 1095 1751 praestet

204 1758 353 1800 altera.
433 1756 577 1797 {mmo
608 1754 844 1795 attolleret
882 1767 1092 1795 commo-

204 1813 304 1857 dius
347 1820 389 1854 et
431 1809 700 1855 concinnius
743 1818 830 1860 ost,
889 1817 1097 1867 amatque

203 1871 385 1914 Tacitus
413 1877 663 1911 structurae
689 1866 961 1910 varietatem.

245 1929 492 1984 frumento
526 1932 736 1967 onustas.
810 1925 912 1967 MS.
944 1922 1098 1966 Guelf.

204 1985 305 2028 edd.
331 1984 433 2026 put.
456 1982 522 2025 Μ.
551 1991 594 2023 et
618 1981 673 2024 V.
696 1984 937 2023 honustus.
1011 1981 1094 2023 Ed.

178 2038 184 2045 ⁴
204 2042 322 2101 Spir.
347 2048 542 2082 onustas
553 2039 822 2093 frumento.
840 2063 894 2072 --
925 2037 1092 2081 Eadem

200 2100 248 2143 iu
287 2098 374 2140 fine
409 2096 585 2155 capitis:
625 2105 727 2137 tum
748 2114 779 2138 a
804 2097 1093 2151 Vespasiano

202 2162 440 2201 contentus
462 2156 722 2196 subvenire.

259 2213 371 2258 CAP.
387 2210 456 2254 53.
509 2211 687 2252 Curam
711 2210 990 2252 restituendi
1007 2211 1092 2253 Ca·

195 2271 366 2326 pitolii.
430 2267 529 2311 MS.
560 2266 696 2310 Corb.
726 2281 857 2310 cura.
938 2267 1092 2322 Quare

197 2327 431 2371 Broierius
462 2326 711 2383 suspicatur
738 2325 844 2366 olim
869 2324 1088 2382 scriptum

197 2384 364 2429 fuisse:
400 2397 512 2425 cura
539 2415 549 2424 .
571 2412 583 2426 .
604 2413 617 2425 .
634 2413 644 2423 .
674 2380 935 2436 confertur.
1002 2382 1089 2424 Sed

197 2441 332 2488 ceteri
385 2439 488 2482 libri
542 2439 590 2482 in
640 2437 815 2496 vulgata
869 2437 1090 2494 scriptura

197 2497 501 2543 consentiunt.
589 2495 830 2539 Dissensus
863 2504 928 2539 est
971 2496 1088 2538 inter

195 2557 401 2601 Tacitum
435 2563 478 2597 et
508 2551 779 2597 Suetonium
803 2551 938 2610 Vesp.
977 2569 1015 2595 c.
1044 2553 1087 2595 8.

195 2615 251 2657 Xi
285 2613 566 2670 hilinumque
584 2610 654 2659 66,
682 2612 750 2653 10.
821 2609 933 2652 Nam
960 2610 1084 2653 Suet.

195 2672 226 2716 l.
257 2630 293 2716 ἵ.
329 2671 439 2724 Ipse
484 2667 835 2711 restitutionem
872 2667 1091 2721 Capitolii

194 2741 446 2783 aggressus
512 2727 765 2768 ruderibus
821 2725 1085 2779 purgandis

192 2794 369 2829 manus
408 2783 592 2838 primus
634 2785 844 2824 admovit
889 2798 946 2824 ac
997 2797 1081 2824 suo

193 2845 309 2886 collo
330 2844 564 2898 quaedam
585 2840 771 2882 extulit.
824 2838 992 2896 Xiphil.
1007 2838 1034 2881 l.
1050 2839 1079 2883 l.

191 2897 274 2944 τόν
299 2914 343 2942 τε
374 2896 491 2942 νεών
522 2895 606 2941 τὸν
627 2898 678 2941 ἐν
699 2899 974 2952 Καπιτωλίῳ
1002 2895 1081 2949 εὐλ-

191 2956 278 3007 θ-ὺς
319 2957 585 3013 οἰκοδομεῖν
623 2951 812 3013 ἤρξατο,
867 2951 1005 3003 αὐτός
1040 2969 1083 2997 τι

189 3017 271 3059 τοῦ
288 3015 382 3083 χοῦ
405 3013 584 3072 πρῶτος
604 3008 866 3070 ἐκφορήσας
892 3014 968 3055 καὶ
995 3013 1079 3067 ‹5²1-

188 3075 344 3117 l'ovon
374 3073 450 3113 καὶ
480 3074 575 3119 τοῖς
610 3068 763 3118 ἄλλοις
790 3074 885 3119 τοῖς
905 3071 1077 3126 ἐπιφα-

189 3125 421 3177 νεστάτοις
457 3126 508 3171 τὸ
551 3126 664 3172 αὐτὸ
707 3128 844 3171 τοῦτο
887 3129 1077 3182 ποιῆσαι

188 3183 403 3234 κελεύσας
425 3194 509 3229 etc.
582 3185 653 3228 De
685 3201 734 3228 re
769 3185 824 3229 cf.
848 3183 1075 3229 Plutarch.

185 3242 421 3304 Poplicola
447 3258 484 3286 c.
500 3243 567 3285 15.
613 3242 855 3286 Conciliari
873 3241 1073 3285 cum'l'a-

183 3305 275 3348 cito
316 3310 556 3356 utrumque
624 3315 720 3341 osse
759 3300 930 3343 censuit
965 3298 1072 3342 Phi-

183 3359 293 3428 lipp.
329 3376 353 3403 a
377 3356 523 3400 Turre
548 3372 571 3398 a
628 3357 836 3399 Monum.
867 3364 959 3400 vet.
980 3355 1070 3399 An·

182 3418 232 3461 til
266 3416 319 3460 P.
342 3414 377 3459 I.
417 3412 527 3465 0.,7.
617 3412 657 3455 ls
700 3414 951 3470 suspicatur
994 3430 1068 3456 so-

180 3474 346 3522 lemnia
372 3468 666 3531 dedicationis
695 3486 719 3512 a
746 3470 930 3512 Vestino
964 3487 1068 3530 per-

180 3541 274 3591 acta
296 3531 374 3588 X-l.
396 3540 496 3588 Kal.
523 3537 607 3585 lul.
625 3569 636 3587 ‚
668 3538 743 3581 sed
770 3538 932 3584 rudera
957 3555 1066 3598 pur-

1168 1532 1265 1582 gata
1295 1542 1317 1568 a
1343 1523 1612 1583 Vespasiano
1635 1534 1878 1583 praesente.
1938 1527 2057 1571 Con·

1167 1590 1234 1624 tra
1274 1582 1401 1625 illum
1434 1591 1552 1625 recte
1585 1582 1794 1627 disseruit
1823 1584 2056 1634 Reimarus

1169 1637 1404 1697 ad‘Xiphil.
1431 1638 1461 1680 l.
1487 1640 1515 1682 l.
1549 1649 1731 1698 purgata
1764 1640 1927 1685 rudera
1954 1650 2054 1686 ante

1166 1697 1524 1747 dedicationem,
1596 1697 1703 1742 hinc
1752 1697 2055 1742 ‘fundamenta

1166 1754 1274 1798 novi
1315 1753 1470 1812 templi
1513 1754 1627 1800 iacta
1673 1756 1854 1803 absente
1886 1755 2054 1816 Vespa-

1166 1813 1291 1854 siano
1329 1811 1489 1854 diserte
1520 1829 1543 1855 a
1563 1812 1719 1855 Tacito
1747 1814 1937 1856 narrari.
1999 1814 2054 1856 Et

1165 1869 1359 1913 Savilius
1380 1869 1435 1912 ad
1467 1869 1588 1913 hunc
1616 1868 1756 1914 Taciti
1793 1869 1947 1914 locum
1978 1888 2054 1914 sa-

1165 1927 1219 1969 tis
1263 1926 1417 1969 docuit
1455 1925 1779 1984 Vespasianum
1832 1941 1924 1971 non
1968 1926 2053 1972 nisi

1165 1984 1322 2027 declivi
1353 1991 1515 2026 aestate
1538 1985 1726 2028 Romam
1755 1986 1952 2043 potuisse
1977 2001 2050 2032 ve-

1163 2058 1278 2085 nlre.

1219 2115 1280 2154 ab
1301 2128 1372 2156 eo·
1433 2112 1534 2156 MS.
1556 2112 1696 2164 corb.
1721 2116 1787 2156 ad
1806 2129 1879 2157 ea.

1218 2185 1500 2237 horuspices.
1586 2183 1662 2227 Sic
1701 2183 1802 2228 edd.
1838 2184 2047 2229 Beroatd.

1163 2238 1262 2281 Ale.
1290 2239 1431 2283 Rben.
1456 2256 1551 2307 sqq.
1581 2265 1640 2272 —
1687 2242 1921 2293 aruspices
1942 2242 2046 2286 MS.

1163 2294 1314 2338 Guelf.
1347 2297 1449 2339 edd.
1481 2298 1602 2352 Spir.
1627 2298 1659 2340 P
1697 2306 1726 2341 t.
1750 2298 1814 2342 M.
1839 2307 1883 2342 et
1904 2299 1958 2342 V.
1989 2323 2048 2334 —

1159 2354 1417 2453 ἷιςιηζςρξοιῗς
1458 2354 1561 2399 MS.
1596 2314 1720 2398 Floz.
1755 2356 1874 2410 (test.
1909 2355 2056 2415 vict.)

1173 2426 1232 2453 nc
1257 2419 1297 2453 et
1324 2426 1370 2452 iu
1392 2427 1432 2455 r.

1215 2484 1548 2526 eveherentur.
1630 2482 1713 2531 Ed.
1743 2483 1862 2543 Spir.
1887 2487 2047 2528 'adue-

1157 2539 1400 2581 herentur.
1484 2540 1571 2584 Sed
1614 2539 1701 2584 vid.
1736 2550 1833 2586 not.
1867 2543 1922 2586 ad
1955 2544 2044 2588 Au.

1162 2597 1227 2647 16,
1249 2597 1292 2639 2.
1352 2596 1452 2641 MS.
1478 2597 1556 2640 les.
1582 2601 1845 2642 eveherent.

1215 2666 1396 2710 iisdem.
1466 2667 1547 2711 Ed.
1577 2667 1695 2726 Spir.
1729 2671 1934 2722 hisdem,
1978 2671 2043 2716 uti

1154 2722 1283 2767 solet.
1304 2747 1359 2755 —
1394 2723 1563 2768 Eadem
1585 2741 1686 2768 mox
1707 2741 1791 2782 pro
1818 2727 1941 2772 vittis
1964 2744 2042 2772 co-

1151 2781 1370 2837 rom'sque
1416 2781 1588 2826 exhibet
1630 2784 1758 2827 victis
1796 2786 2044 2843 cot-nisque

1151 2835 1298 2895 neque
1322 2839 1526 2897 agnoscit
1544 2838 1895 2892 distinctionem,
1926 2855 2042 2903 quae

1152 2903 1218 2938 est
1262 2904 1364 2939 ante
1403 2898 1619 2952 thgressi‚
1677 2899 1952 2957 eandemque
1997 2911 2041 2945 et

1150 2952 1382 2998 Acidalius
1447 2954 1635 2997 deletam
1696 2955 1928 3015 cupidam,
1989 2966 2063 3002 ut·
2137 2958 2138 2965 ’

1368 3012 1614 3054 undecimo
1657 3044 1671 3056 .
1689 3056 1693 3062 ,
1711 3044 1720 3056 .
1758 3044 1771 3056 .

1153 3011 1281 3053 verba
1296 3027 1306 3053 ε
1819 3017 2039 3067 perluere

1151 3068 1412 3111 continuam
1472 3066 1702 3113 efficerent
1765 3071 2034 3118 orationem.

1148 3125 1235 3169 Sed
1267 3134 1470 3184 apertum
1503 3134 1566 3169 est
1598 3129 1789 3172 verbum
1819 3131 2035 3184 perluere

1147 3183 1200 3225 ad
1262 3191 1541 3282 postremum
1603 3191 1776 3229 tantum
1834 3194 2034 3245 spectare

1145 3255 1264 3283 men.)
1301 3256 1420 3284 Pum-

1202 3311 1305 3367 quis
1327 3311 1499 3366 fausta
1534 3311 1743 3355 nomina.
1821 3311 2029 3358 Primum
2089 3367 2093 3370 ι

1144 3367 1412 3411 vocabulum
1440 3369 1544 3424 quis
1576 3368 1660 3412 lac.
1696 3367 1958 3415 Gronovius
1990 3380 2031 3415 et

1144 3424 1372 3467 Ernestius
1396 3425 1685 3468 restituerunt
1705 3442 1729 3470 e
1743 3427 1882 3484 MSS.
1902 3427 2027 3473 Flor.

1142 3484 1259 3536 (test.
1283 3480 1400 3524 Vici.
1425 3498 1525 3525 cum
1547 3482 1633 3526 Iac.
1659 3481 1898 3530 Gronoxio
1920 3501 2027 3529 con-

1142 3549 1205 3582 tra
1220 3537 1453 3597 Ryekium,
1485 3540 1559 3597 qui
1581 3538 1641 3583 ibi
1657 3555 1750 3585 esse
1771 3541 2027 3599 prodiderat
