2138 4030
1607 0 1611 5 ’
1637 0 1647 3 ”
1658 0 1810 26 ᾟ-,·,ν”“;ῑῇ’
1827 0 1902 18 *vx-

2009 47 2016 57 .

201 272 369 344 585
747 272 1519 345 JHISTORIARUM.
1595 229 1606 238 ’
1724 272 1978 365 ·ε;ἕςθ”,ε;

201 452 236 475 „
251 405 440 474 subit,
492 405 764 481 quotiens
789 405 1068 463 recordor
1095 403 1337 473 feralem
1359 403 1770 476 introitumret,
1781 401 1938 476 hanc
1964 428 2061 479 sp..

199 492 368 561 „lam
387 487 628 548 Galbae
662 490 1002 560 victoriam,
1052 486 1190 546 cum
1225 487 1292 544 in
1326 489 1515 553 oculis
1554 490 1725 551 urbis
1742 492 2060 567 ,decumani

203 576 482 646 „deditos
515 576 775 645 iuberet,
831 594 980 652 quos
1013 575 1510 650 deprecantesin
1529 575 1707 635 fidem
1741 591 2058 654 acceperint.

139 690 145 695 1
200 657 347 731 „his
379 662 656 738 auspiciis
697 663 909 718 urbem
935 660 1229 732 ingressus
1247 704 1264 729 ,
1307 680 1488 736 quam
1507 661 1763 734 gloriam
1787 664 1864 727 ad
1890 665 2061 740 prin.-
2110 716 2117 726 ,

201 748 510 823 „cipetum
544 747 743 804 attulit
774 746 891 802 nisi
927 744 1106 802 occisi
1132 739 1486 803 Obultronii
1510 745 1723 804 Sabini
1745 759 1816 813 tet
1835 746 2059 817 Corne·

199 831 604 902 „liiMarceHi
628 830 1019 907 inHispania,
1062 827 1242 886 Betui
1255 825 1615 896 C,hilonisin
1629 830 1860 904 Gallia„
1898 833 2060 910 1²01!-

202 919 354 989 „zeii
387 916 694 994 Capitonis
740 918 806 972 in
846 914 1203 983 Germania,
1252 912 1465 977 ,Clodii
1501 915 1697 976 Macri
1731 919 1808 975 :.in
1844 914 2062 989 Africa,

191 1002 531 1078 „Cingonii
574 1004 640 1059 in
684 1002 810 1071 via,
878 1000 1222 1076 Turpiliani
1261 999 1546 1071 in‘i1rbe‚
1605 999 1958 1081 Nymphidii
1997 1004 2062 1079 in

199 1090 495 1160 ,‚castris?
583 1086 751 1160 Quae
774 1107 1024 1163 usquam
1053 1085 1389 1160 provincia,
1432 1088 1669 1163 quaein
1697 1089 1902 1147 castris
1925 1101 2063 1147 sunt

198 1176 364 1246 „nisi
384 1186 627 1232 cruenta
654 1184 710 1230 et
733 1171 1020 1229 maculata
1042 1183 1143 1229 aut
1162 1217 1177 1240 ‚
1228 1181 1294 1227 ut
1324 1171 1448 1246 ipse
1478 1174 1806 1247 praedieat,
1861 1195 2063 1238 emen-

199 1262 386 1331 „data
413 1271 470 1318 et
497 1258 797 1316 correcta?
880 1255 1031 1314 Nam
1059 1276 1208 1332 quae
1237 1256 1341 1315 alii
1365 1257 1580 1318 scelera
1597 1303 1614 1328 ‚
1666 1255 1766 1318 hic
1800 1261 2062 1330 remedia

200 1357 447 1416 ,·‚vocat‚
498 1345 646 1401 dum
678 1343 840 1401 falsis
873 1342 1220 1400 nominibus
1256 1343 1627 1400 severitatem
1658 1365 1768 1420 pro
1804 1345 2062 1415 saevitia,

201 1442 236 1502 '‚‚
247 1430 683 1507 parcimoniam
723 1449 832 1504 pro
873 1427 1150 1496 avaritia,
1235 1428 1523 1502 supplicia
1572 1439 1629 1486 et
1678 1431 2064 1489 contumelias

200 1529 468 1587 „vestras
510 1515 885 1591 disciplinam
927 1513 1199 1589 appellat.
1299 1512 1536 1588 Septem
1575 1533 1610 1571 a
1643 1512 1899 1572 Neronis
1944 1516 2061 1573 fine

132 1600 139 1606 ’
199 1622 480 1672 „menses
518 1612 658 1659 sunt
693 1612 750 1657 et
782 1600 903 1657 iam
935 1600 1069 1675 plus
1102 1597 1300 1674 rapuit
1327 1595 1518 1656 Icelus
1547 1596 1916 1677 quamquod
1941 1599 2061 1658 Po-

198 1688 445 1767 „lycleti
475 1699 532 1745 et
560 1686 791 1745 Vatinii
816 1696 874 1743 et
897 1685 1002 1761 qui
1025 1684 1129 1743 alii
1150 1683 1474 1760 perierunt.
1560 1685 1793 1744 minore
1818 1686 2062 1746 avaritia

260 1895 530 1938 Obultronii
542 1891 723 1936 Sabini.
756 1891 795 1934 E
814 1890 1101 1936 correctione

197 1953 353 2012 Lipsii.
402 1952 462 1999 cf.
498 1951 589 1995 An.
625 1951 692 2002 13,
725 1951 797 1993 28.
878 1948 1102 2007 Congruit

200 2012 297 2055 fere
319 2011 421 2054 MS.
447 2010 614 2061 Cori»,
651 2009 697 2051 in
714 2023 805 2065 quo
830 2016 918 2049 est:
951 2010 1098 2053 Abul-

200 2069 368 2112 troniis
393 2068 546 2111 Abini.
605 2067 684 2108 Ed.
709 2066 826 2122 Spir.
858 2067 917 2107 ab
952 2067 1101 2107 ultro-

198 2127 295 2169 niis
329 2142 361 2167 a
394 2132 557 2169 semet.
631 2123 768 2167 MSS.
804 2122 928 2166 Harl.
967 2120 1102 2165 Bodl.

1233 1889 1463 1943 Cingonii.
1524 1888 1612 1933 Sic
1643 1887 1750 1935 MS.
1785 1889 1912 1934 Flor.
1947 1890 2067 1945 (test.

1173 1949 1312 2003 Vict.)
1335 1946 1434 1991 edd.
1453 1945 1575 2006 Lips.
1599 1963 1698 2006 sqq.
1739 1975 1800 1985 --
1857 1947 2079 2002 Cingonii·

1175 2007 1247 2049 ed.
1273 2004 1388 2064 Spir.
1424 2028 1483 2037 —
1543 2004 1730 2058 Cyconii
1747 2003 1849 2048 edd.
1876 2004 1978 2048 Put.
2004 2005 2069 2050 M.

1174 2073 1217 2107 et
1242 2062 1298 2105 V.
1325 2063 1424 2106 Ber.
1464 2089 1523 2098 --
1585 2062 1766 2104 Ciconii
1787 2062 1887 2106 MS.
1911 2061 2066 2107 Guels.

1175 2121 1276 2164 edd.
1299 2119 1444 2176 Rhen.
1467 2118 1573 2163 Ald.
1610 2118 1671 2163 cf.
1695 2127 1791 2162 not.
1816 2119 1872 2162 ad
1896 2136 1935 2164 c.
1958 2120 2002 2163 6.

198 2184 283 2228 les.
309 2182 424 2227 Bud.
438 2181 588 2226 Guelf.
615 2181 716 2224 edd.
735 2181 837 2223 Put.
853 2181 954 2224 Ber.
978 2180 1101 2234 (cum

200 2241 346 2285 silent.
363 2240 502 2298 vict.)
525 2256 623 2299 sqq.
653 2240 706 2282 ad
719 2238 840 2294 Lips.
868 2237 1100 2281 ,Obultro-

202 2299 448 2343 niiAlbini.
509 2299 683 2356 Lipsius
706 2297 754 2340 in
776 2295 902 2340 libris
922 2294 1100 2341 invenit

203 2359 264 2401 ab
285 2357 499 2400 ultroniis
523 2356 695 2400 Albini.

262 2430 468 2473 Cornelii
487 2428 710 2471 Marcelli.
779 2427 956 2470 Vocem
983 2423 1099 2466 Cor-

202 2489 316 2530 nelii
329 2486 505 2547 Lipsius
532 2485 622 2528 fide
655 2485 879 2528 librorum
912 2481 1099 2526 addidit.

202 2545 316 2589 Nam
344 2545 409 2589 sic
427 2544 497 2588 ed.
520 2543 550 2586 S
582 2543 636 2587 ir.
661 2551 704 2585 et
729 2541 829 2584 MS.
858 2541 998 2585 Corb.
1042 2538 1102 2582 cf.

202 2605 294 2647 An.
310 2603 428 2652 16,8.
487 2602 540 2644 M
577 2602 620 2645 S.
645 2599 798 2643 Guelf.
819 2597 944 2642 Harl.
968 2597 1100 2641 Bodt.

204 2660 293 2705 les.
339 2660 439 2704 edd.
482 2659 583 2703 Put.
625 2659 730 2702 Ber.
784 2659 909 2712 (cum
955 2655 1099 2699 silent.

203 2718 345 2772 Vict.)
372 2733 466 2776 sqq.
500 2717 555 2761 ad
585 2717 704 2776 Lips.
739 2715 954 2759 omittunt
987 2713 1103 2756 Cor-

205 2778 337 2820 nelii.

264 2847 412 2889 Betui
434 2845 651 2888 Chilonis,
711 2844 787 2887 Sic
811 2841 947 2885 MSS.
971 2839 1098 2883 Flor.

206 2908 327 2961 (test.
340 2903 458 2946 Viet.
486 2918 589 2945 eum
612 2900 773 2959 Ryek.)
810 2899 947 2944 Corb.
969 2897 1100 2940 Bodl.

204 2961 319 3005 Bud.
334 2960 447 3018 Agr.
493 2959 597 3000 Vid.
619 2959 959 3015 inscriptionem
984 2953 1103 3013 apud

208 3018 395 3063 Gruter.
457 3033 500 3075 p.
549 3015 646 3059 375„
737 3013 1104 3059 Bethuichilonis

206 3077 343 3121 MSS.
357 3075 466 3131 Reg.
483 3072 633 3116 Guelf.
659 3074 726 3116 ed.
745 3073 865 3131 Spir.
898 3098 955 3106 ·—
1006 3071 1104 3114 Be-

206 3136 289 3178 rui
318 3133 511 3176 chilonis
547 3130 644 3176 edd.
668 3131 767 3174 Put.
791 3132 895 3175 Ber.
918 3145 1015 3189 sqq.
1045 3151 1100 3160 --

208 3191 357 3236 Vettii
392 3189 588 3234 Chilonis
629 3205 651 3230 e
689 3189 946 3232 coniectura
981 3185 1099 3229 Rhe-

207 3248 315 3295 nani
337 3247 485 3307 Lipsio
514 3247 698 3304 probata
720 3245 899 3290 edidere
925 3244 1100 3289 Freins-

207 3306 383 3351 hemius
421 3319 519 3364 sqq.
564 3302 619 3345 ad
666 3303 752 3347 lae.
799 3301 1102 3351 Gronovium,

209 3365 286 3426 qui
311 3379 464 3411 veram
484 3362 754 3418 scripturam
777 3361 985 3405 restituit.

268 3434 466 3483 Fonteii.
550 3431 629 3474 Sic
679 3430 778 3474 edd.
827 3430 951 3476 Pieli.
1007 3447 1103 3489 sqq.

211 3495 389 3539 Fontei,
409 3490 509 3539 MS.
530 3487 681 3532 Guelf.
718 3487 819 3530 edd.
852 3497 952 3532 autc
976 3487 1103 3532 Pieh.

208 3556 342 3607 (eum
360 3549 508 3594 silent.
523 3546 687 3602 Vict.).
719 3544 780 3591 cf.
804 3553 900 3589 not.
926 3546 981 3591 ad
1003 3563 1040 3592 c.
1061 3546 1102 3591 7.

274 3621 438 3666 Clodii.
500 3619 582 3665 Ed.
607 3618 723 3678 Spir.
747 3617 905 3661 Dodii.

1231 2192 1349 2234 quae
1379 2178 1428 2219 in
1458 2177 1626 2221 eastris
1649 2184 1775 2225 sunt.
1833 2176 1911 2222 sic
1933 2177 2069 2222 MSS.

1171 2235 1297 2279 Flor.
1341 2239 1462 2288 (test.
1495 2232 1635 2290 Vict.)
1676 2232 1791 2277 Bud.
1826 2233 1896 2278 ed.
1935 2233 2069 2292 spir„

1171 2293 1294 2337 unde
1335 2293 1426 2335 iam
1469 2291 1672 2349 restituo.
1749 2305 1869 2346 quae
1909 2299 2069 2335 eastra

1171 2358 1280 2395 sunt
1305 2348 1404 2394 MS.
1429 2347 1580 2394 Guelf.
1614 2347 1715 2392 edd.
1746 2347 1851 2392 Put.
1881 2364 1978 2407 sqq.
2011 2349 2067 2392 ad

1172 2410 1295 2452 hune
1334 2408 1472 2450 diem.
1542 2406 1667 2450 «Non
1708 2405 1867 2459 tacebo
1907 2409 1965 2452 in‘
1996 2406 2066 2451 ed.

1173 2465 1289 2524 Spir.
1316 2464 1448 2509 etiam
1473 2480 1594 2508 esse:
1635 2478 1756 2520 quae
1787 2478 1992 2521 usquam
2019 2465 2070 2508 in

1170 2523 1415 2579 provincia
1425 2539 1446 2580 ‚2
1490 2531 1534 2567 et
1575 2537 1680 2567 mox
1723 2530 1940 2578 correpta
1975 2538 2068 2581 ,pro

1174 2588 1400 2625 correcta.
2129 2618 2133 2625 .

1231 2638 1395 2682 Icelus.
1460 2636 1610 2689 Libri,
1660 2644 1711 2680 ut
1746 2653 1884 2696 supra
1919 2652 1962 2682 c.
1992 2636 2064 2682 83.

1173 2696 1276 2741 Ms.
1301 2693 1453 2738 Guelf.
1482 2694 1556 2738 hic
1581 2697 1755 2738 niellus.

1230 2752 1465 2809 Polycleti.
1522 2752 1671 2802 Libri,
1718 2759 1767 2795 ut
1787 2751 1879 2796 An.
1908 2752 1976 2804 14,
1994 2749 2066 2803 39.

1172 2811 1275 2855 MS.
1301 2809 1454 2853 Guelf.
1479 2808 1553 2853 hic
1571 2809 1802 2867 Polycleti.
1858 2810 1969 2855 Mox
1999 2809 2071 2854 ed.

1174 2868 1289 2928 Spir.
1315 2869 1462 2910 vatim
1485 2883 1568 2925 pro
1597 2867 1793 2911 Vatinii.
2047 2882 2053 2889 ’

1233 2933 1277 2968 et
1298 2924 1380 2981 qui
1395 2927 1482 2967 alii
1492 2927 1752 2978 perierunt.
1812 2922 1919 2968 MS.
1941 2922 2066 2969 Flor.

1174 2992 1285 3028 teste
1317 2983 1432 3026 Vict.
1477 2990 1524 3025 et
1569 2983 1644 3037 egi
1686 2984 1777 3027 alii
1807 2983 2068 3036 perierunt,

1176 3041 1266 3087 sive
1294 3048 1339 3082 et
1369 3040 1442 3103 ggi
1468 3041 1555 3082 alii
1571 3040 1821 3089 secundum
1844 3040 1879 3083 I.
1903 3037 2071 3094 Grou„

1177 3098 1273 3143 sive
1302 3105 1347 3140 et
1377 3099 1517 3152 egiali
1545 3114 1634 3142 see.
1666 3097 1924 3141 Pichenam.
1982 3095 2067 3140 Ed.

1172 3156 1290 3215 Spir.
1322 3162 1367 3197 et
1386 3156 1482 3208 Egi
1499 3163 1543 3198 et
1562 3155 1650 3198 alii
1664 3156 1920 3207 perierunt.
1966 3152 2070 3199 MS.

1173 3215 1287 3270 Agr.
1324 3220 1367 3255 et
1397 3212 1489 3265 Egi
1515 3220 1559 3255 et
1589 3213 1676 3256 alii
1705 3213 1788 3268 qui
1808 3212 2073 3266 perierunt.

1174 3271 1321 3314 Etiam
1357 3271 1459 3312 MS.
1491 3269 1608 3313 Bud.
1645 3270 1777 3319 habet
1807 3276 1854 3312 et
1874 3268 1972 3326 Egi
1997 3269 2069 3315 vel

1174 3329 1322 3382 Aegi,·
1376 3330 1433 3371 an
1474 3326 1537 3371 ibi
1570 3327 1629 3370 sit
1654 3328 1893 3382 perierunt
1931 3341 2068 3370 nemo

1174 3384 1389 3445 prodidit.
1457 3384 1561 3432 MS.
1600 3383 1757 3428 Guelf.
1797 3391 1857 3429 et.
1889 3385 1982 3439 egis
2025 3391 2070 3439 et

1174 3445 1261 3488 alii
1287 3450 1594 3497 paraverunt.
1632 3466 1688 3475 —-
1758 3449 1804 3498 et
1835 3441 1993 3497 aegris
2024 3450 2070 3485 et

1173 3503 1265 3546 alii
1295 3508 1587 3554 paraverunt
1630 3498 1734 3544 edd.
1776 3497 1881 3544 Put.
1919 3498 1988 3542 M.
2025 3507 2069 3541 et

1176 3559 1234 3602 V.
1266 3582 1323 3590 —
1383 3564 1429 3600 et
1448 3557 1557 3614 Egit
1586 3565 1632 3601 et
1666 3556 1769 3601 alii.
1812 3562 2069 3600 araverunt

1177 3616 1282 3661 edd.
1336 3614 1441 3660 Ber.
1495 3613 1592 3661 Alc.
1622 3572 1918 3664 RhempAld.
1955 3611 2075 3672 Lips.
