2138 4030
135 231 184 267 A·
200 228 249 264 1³-
267 226 352 263 ³2³·
540 223 714 288 Lm.
748 224 854 286 iv,
937 222 1048 284 CA.
1062 225 1126 286 P.
1164 226 1266 286 29.
1298 228 1399 288 30.
1770 234 1897 298 403

67 320 69 323 .
134 271 249 310 mc.
291 271 349 307 το.

3 360 432 444 providentia.
518 359 677 416 unde
717 357 940 414 clamor
969 354 1289 425 acciderat,
1334 357 1723 435 circumagere
1761 386 1921 422 cor..

45 471 219 528 pora,
273 447 512 505 tendere
539 462 730 500 arcus:
784 437 938 496 nihil
967 442 1241 515 prodesse
1267 441 1484 512 virtUS‚
1533 447 1655 503 fors
1684 462 1891 508 cuncta

2 565 7 568 ·
43 536 282 596 turbare
307 541 364 588 et
389 531 735 603 ignavorum
763 546 931 600 saepe
959 526 1090 584 telis
1115 526 1420 583 fortissimi
1446 531 1667 597 cadere.
1731 537 1890 610 apud

11 615 22 619 *⁴
43 619 374 679 Germanos
408 613 738 672 inconsulta
775 612 886 667 ira:
943 609 1252 668 Romanus
1284 612 1452 668 miles
1490 616 1890 688 periculorum

43 724 260 781 gnarus
304 703 547 758 ferratas
597 699 797 766 sudeS,
857 696 1054 769 gravia
1096 716 1229 752 saxa
1264 715 1387 753 non
1430 698 1582 756 forte
1623 701 1888 765 iaciebat.

41 791 165 850 Ubi
201 806 380 846 sonus
415 784 789 841 molientium
823 792 922 838 aut
973 782 1271 856 adpositae
1321 783 1505 839 scalae
1546 779 1774 843 hostem
1822 789 1888 846 in

42 880 252 932 manus
292 872 604 939 dederant,
644 867 972 943 propellere
1002 867 1292 936 umbone,
1333 867 1456 942 pilo
1495 871 1688 946 sequi:
1733 876 1890 930 mul-

39 973 131 1019 tos
157 960 222 1015 in
248 955 480 1015 moenia
508 973 763 1027 egressos
795 951 1151 1026 pugionibus
1190 953 1408 1012 fodere.
1495 954 1575 1011 sic
1614 951 1892 1015 exhausta

52 1056 224 1103 nocte
253 1061 471 1100 novam
494 1039 676 1096 aciem
711 1039 835 1094 dies
863 1036 1109 1112 aperuit.

209 1165 400 1228 XXX.
483 1165 829 1248 Eduxerant
861 1164 1067 1222 Batavi
1105 1165 1318 1222 turrim
1353 1167 1575 1244 duplici
1613 1169 1892 1242 tabulate,

42 1272 219 1336 quam
264 1254 588 1331 praetoriae
634 1264 836 1327 portae
877 1249 953 1329 (is
993 1250 1376 1327 aequissimus
1417 1251 1607 1332 locus)
1646 1257 1892 1331 propin-

43 1353 318 1420 quantem
346 1339 605 1416 promoti
636 1348 836 1394 contra
864 1335 1047 1392 validi
1073 1356 1291 1392 asseres
1323 1349 1378 1394 et
1406 1337 1670 1395 incussae
1699 1343 1893 1399 trabes

42 1429 367 1504 perfregere
396 1425 581 1480 multa
613 1421 1066 1497 superstantium
1090 1421 1366 1496 pernicie.
1452 1436 1894 1503 pugnatumque

44 1516 108 1569 in
136 1511 434 1587 perculsos
460 1509 651 1565 subita
690 1520 745 1564 et
781 1526 1061 1581 prospera
1100 1506 1427 1582 eruptione.
1511 1508 1701 1566 Simul
1738 1531 1770 1566 a
1807 1513 1893 1568 le..

41 1596 320 1673 gionariis
342 1594 552 1670 peritia
577 1605 633 1649 et
662 1605 784 1649 arte
822 1592 1252 1666 praestantibus
1292 1593 1462 1666 plura
1500 1596 1893 1656 struebantur.

41 1683 423 1759 praecipuum
463 1698 742 1754 pavorem
784 1677 987 1732 intulit
1031 1696 1376 1752 suspensum
1415 1688 1472 1734 et
1508 1691 1725 1736 nutans
1766 1702 1894 1738 ma-

44 1765 516 1833 chinamentum,
559 1784 676 1839 quo
701 1773 941 1836 repente
973 1762 1225 1818 demisso
1251 1775 1482 1836 praeter
1512 1783 1755 1821 suorum
1787 1787 1891 1823 ora

44 1851 262 1926 singuli
310 1850 580 1924 pluresve
631 1843 890 1903 hostium
941 1847 1191 1902 sublime
1235 1848 1388 1922 rapti
1427 1847 1593 1904 verso
1631 1851 1894 1925 pondere

44 1939 197 1995 intra
235 1947 418 1993 castra
453 1934 926 1990 effundebantur.
1011 1929 1219 1988 Civilis
1257 1933 1468 1989 omissa
1511 1937 1893 2009 oppugnandi

99 2193 349 2234 acciderat.
410 2185 512 2231 MS.
533 2186 903 2253 Aga-accideret.
1063 2183 1176 2227 CAP.
1211 2182 1282 2226 30.
1364 2186 1552 2230 turrim.
1643 2187 1723 2233 Ed.
1773 2189 1895 2248 Spir.

96 2250 424 2302 circumagere.
483 2244 565 2287 Ed.
589 2243 708 2301 Splr.
735 2245 931 2285 circum·
1006 2250 1204 2285 turrem.
1224 2265 1277 2274 -
1313 2242 1477 2285 Eadem
1497 2252 1597 2302 post
1611 2253 1782 2299 portae
1798 2263 1895 2304 per·

44 2313 204 2362 ageret
235 2305 317 2359 (sic
337 2302 603 2357 cira-laggt),
1007 2300 1091 2356 git:
1131 2300 1171 2341 is
1202 2300 1483 2355 equissimus
1511 2305 1610 2344 loco
1637 2305 1897 2359 propinquo

99 2366 292 2406 tendere
311 2374 466 2403 arcus.
526 2358 603 2401 Sic
616 2357 750 2401 MSS.
779 2366 823 2400 et
844 2355 933 2399 edi·
1002 2358 1210 2411 promoti
1250 2365 1417 2399 contra
1451 2361 1632 2403 validas
1657 2361 1793 2415 sores
1824 2377 1894 2404 m..

47 2421 205 2465 tiones.
235 2416 848 2475 Lipsiustentahatztendere
860 2428 933 2454 ar·
1006 2417 1154 2455 cussis
1178 2415 1390 2456 trabibus
1410 2415 1689 2470 perfregere.
1748 2417 1894 2462 Etiam

45 2475 422 2528 mis3Acidalius:
441 2477 629 2515 tendere
639 2473 803 2515 iactus.
834 2470 936 2512 Dis·
1006 2470 1106 2513 MS.
1118 2470 1241 2512 Harl.
1259 2471 1323 2524 (in
1338 2473 1551 2528 margine)
1569 2473 1742 2516 exhibet
1764 2475 1871 2520 haec
1884 2492 1898 2519 ς

45 2534 276 2596 plieebant
301 2531 472 2575 scilieet
497 2543 660 2576 arcus,
691 2529 794 2586 quia
817 2526 934 2570 Ger·
1006 2536 1051 2569 et
1093 2528 1280 2569 incussis
1327 2531 1550 2573 trabibus.
1640 2531 1710 2573 De
1749 2548 1799 2575 re
1837 2532 1898 2576 ef,

45 2591 184 2635 manis
217 2590 330 2633 haud
367 2588 523 2634 crebra
555 2603 603 2630 ea
633 2601 772 2629 arma.
844 2583 933 2627 Sed
1006 2584 1132 2628 Caes.
1157 2584 1209 2626 B.
1240 2584 1290 2627 C.
1322 2585 1363 2633 2,
1386 2586 1429 2627 Ξ.

44 2663 190 2695 arma,
220 2647 382 2706 quibus
408 2655 520 2689 tune
544 2643 720 2686 eminus
750 2643 934 2685 uteban-

44 2715 139 2755 tur,
172 2721 267 2748 non
297 2711 506 2761 poterant
537 2717 630 2744 esse
666 2699 751 2742 nisi
784 2713 935 2747 arcus,
1058 2712 1293 2752 prospera
1325 2699 1580 2753 eruptione.
1647 2699 1748 2745 MS,
1778 2701 1897 2746 Bud,

43 2779 130 2806 nec
166 2761 408 2818 quidquam
441 2759 648 2816 impedit,
693 2757 935 2814 quominus
1007 2758 1236 2810 ruptione.
1315 2755 1400 2798 Ed.
1434 2756 1552 2812 Spir.
1576 2771 1778 2813 propera
1812 2775 1894 2802 ru..

46 2833 173 2863 arcus
208 2818 383 2860 dicatur
413 2816 535 2860 tendi
567 2815 739 2873 aliquo,
775 2830 935 2873 quam-
1003 2814 1183 2867 ptione.

44 2878 107 2920 vis
133 2876 304 2918 dubitet
327 2873 570 2917 Ernestius.
607 2911 621 2917 ,

100 2947 262 2988 virtus.
319 2943 420 2988 Hoc
453 2944 500 2986 in
523 2941 628 2986 MS.
650 2941 759 2998 Reg.
793 2948 836 2984 et
864 2939 936 2982 ed·

48 3003 166 3060 Spir.
191 3018 282 3045 non
311 3000 485 3058 legitur.

72 3064 79 3068 ’
102 3076 284 3115 cadere.
343 3069 428 3115 Ed.
454 3068 573 3127 Spir.
601 3070 879 3112 ceciderunt.
1064 3077 1108 3111 et
1129 3077 1304 3111 nutans
1324 3072 1771 3116 machinamentum.
1816 3074 1898 3117 Ed.

103 3155 293 3197 gnarus.
380 3139 455 3183 Sic
499 3139 600 3182 MS.
637 3139 760 3183 Flor.
796 3138 935 3194 (teste
1007 3126 1126 3183 Splff'·
1163 3134 1213 3167 αἱ
1245 3141 1329 3182 ΡΙὈ
1364 3135 1421 3168 el·
1510 3127 1792 3173 Describitur
1827 3131 1899 3174 hie

50 3199 272 3252 Victor-io)
310 3196 411 3240 edd.
435 3196 580 3239 Rhen.
613 3196 718 3238 Ald.
751 3211 849 3252 sqq.
879 3222 937 3231 --
1009 3187 1238 3250 ἰ(ζῖἶθ”0”’
1281 3182 1334 3226 de
1359 3198 1450 3240 ‘11¹0
1474 3185 1558 3228 vid·
1587 3185 1737 3243 Veget.
1760 3190 1800 3239 4,
1825 3189 1896 3230 21.

46 3259 240 3312 ignarus
286 3254 420 3297 MSS.
476 3252 629 3298 Gneus.
679 3252 796 3294 Bud.
851 3251 938 3303 alii,
1009 3241 1103 3283 Lw-
1127 3240 1194 3291 38,
1222 3242 1264 3282 5-
1631 3252 1639 3266 *

49 3314 152 3356 edd.
172 3311 290 3370 Spir.
316 3303 412 3354 i'ut.
434 3326 531 3367 sqq.
571 3310 624 3352 ad
658 3310 939 3360 Rhenanam,

49 3372 167 3429 quod
200 3370 354 3413 vitium
375 3368 422 3410 in
450 3368 675 3411 veteribus
698 3367 820 3410 libris
852 3365 938 3408 fre-

1061 2925 1304 2965 pavorem.
1390 2912 1526 2956 MSS.
1565 2913 1671 2972 Reg.
1711 2917 1818 2974 Age.
1855 2926 1899 2961 et

1007 2969 1080 3012 ed.
1105 2968 1222 3025 Spir.
1244 2976 1492 3012 terrorem.

1067 3341 1281 3382 demisso.
1344 3338 1427 3382 Ed.
1452 3339 1570 3398 Spir.
1591 3344 1794 3385 dimisso.

51 3443 190 3484 quens
214 3434 292 3470 est.
563 3467 569 3480 Ι
1067 3426 1192 3464 intra
1236 3431 1404 3465 castra.
1486 3424 1587 3466 MS.
1621 3423 1744 3466 Flor.
1783 3427 1898 3477 (test.

102 3492 194 3541 pilo
226 3489 365 3544 sequi.
425 3487 524 3529 MS.
549 3485 698 3529 Guelf.
719 3487 836 3540 pillo
861 3499 934 3526 se-
1016 3481 1148 3533 Vici.)
1186 3479 1256 3524 ed.
1292 3479 1410 3535 Spir.
1448 3480 1577 3534 infra
1611 3490 1780 3524 castra.
1858 3485 1896 3522 A

50 3548 142 3600 qui.
204 3548 282 3589 Ed.
307 3545 423 3601 Spir.
448 3545 600 3597 pilos:
631 3546 751 3597 equi.
1012 3538 1108 3578 MS.
1141 3537 1370 3598 leffilabest
1398 3547 1570 3581 castra.

1211 3598 1298 3653 (jc
1345 3599 1381 3653 2
