2138 4030
591 281 762 342 LIB.
800 279 844 340 Ι.
922 278 1115 339 CAP.
1159 277 1260 339 45.
1293 276 1392 335 46.
1837 282 1919 339 67

68 422 142 477 ad
177 414 616 495 prohibendum
650 411 881 468 scelus:·
905 408 1107 464 iubere
1143 406 1263 462 iam
1295 415 1542 481 poterat.
1631 409 1709 467 ita
1737 413 1922 470 simu..

68 504 287 560 latione
321 503 441 559 irae
474 497 690 566 vinciri
729 496 952 551 iussum
988 503 1046 549 et
1078 491 1331 547 maiores
1375 511 1596 565 poenas
1644 495 1919 555 daturum

69 589 384 646 adfirmans
410 581 703 659 praesenti
730 579 907 636 exitio
938 575 1242 636 subtraxit.

154 288 200 323 A.
227 268 379 320 mim.

151 335 204 369 A.
226 328 272 364 c,
319 327 381 364 το.

238 690 452 751 XLVI.
495 685 721 746 Omnia
748 687 962 743 deinde
983 684 1229 742 arbitrio
1252 683 1514 756 militum
1538 697 1683 745 acta.
1751 709 1923 763 prae-

72 779 209 839 torii
242 778 559 854 praefectos
595 774 708 830 sibi
735 772 849 847 ipsi
878 773 1098 846 legere,
1140 767 1409 833 Plotium,
1427 766 1698 826 Firmum
1737 792 1768 827 e
1795 794 1922 831 ma-

71 863 441 940 nipularibus
473 860 804 937 quondam,
847 868 975 913 tum
997 854 1275 928 vigilibus
1299 856 1700 929 praepositum
1737 868 1792 913 et
1828 858 1924 913 in-

71 948 291 1006 columi
327 943 518 1003 adhuc
556 943 750 1001 Galba
786 954 980 1017 partes
1006 934 1269 996 Othonis
1301 942 1619 995 secutum:
1652 941 1925 1016 adiungi-

71 1047 169 1091 tur
230 1031 496 1090 Licinius
562 1028 851 1085 Proculus
918 1024 1128 1082 intima
1200 1024 1598 1081 familiaritate
1663 1022 1927 1083 Othonis

71 1129 368 1193 suspectus
407 1115 652 1172 consilia
690 1113 814 1169 eius
846 1111 1077 1169 fovisse.
1164 1105 1316 1167 Urbi
1341 1107 1615 1168 Flavium
1638 1109 1928 1168 Sabinum

71 1204 396 1279 praefecere
422 1200 707 1256 iudicium
729 1195 982 1255 Neronis
1016 1192 1225 1263 secuti,
1266 1195 1377 1251 sub
1404 1215 1522 1271 quo
1550 1197 1795 1252 eandem
1823 1219 1928 1254 cu·—

74 1309 200 1344 ram
241 1288 599 1354 obtinuerat,
652 1282 946 1358 plerisque
983 1278 1414 1354 Vespasianum
1453 1279 1696 1337 fratrem
1747 1282 1811 1338 in
1857 1303 1924 1339 eo

75 1370 535 1445 respicientibus,
622 1367 995 1439 Flagitatum,
1029 1375 1097 1421 ut
1120 1365 1452 1421 vacationes
1475 1367 1759 1439 praestari
1789 1387 1929 1424 cen-

73 1455 408 1512 turionibus
445 1454 648 1509 solitae
682 1452 1135 1508 remitterentur.
1209 1469 1464 1525 namque
1493 1451 1788 1523 gregarius
1812 1454 1929 1508 mi-

74 1543 156 1597 les
192 1552 258 1597 ut
289 1540 577 1596 tributum
609 1542 884 1593 vannuum
918 1535 1232 1611 pendebat.
1319 1545 1526 1610 quarta
1562 1556 1697 1610 pars
1733 1538 1928 1592 mani-

72 1618 201 1702 puli
228 1645 422 1700 sparsa
444 1643 549 1697 per
582 1633 934 1678 commeatus
960 1631 1061 1676 aut
1087 1619 1151 1674 in
1173 1618 1314 1694 ipsis
1340 1620 1541 1676 castris
1567 1639 1742 1694 vaga,
1786 1623 1930 1678 dum

73 1712 403 1766 mercedem
441 1707 774 1764 centurioni
810 1706 1155 1762 exsolveret:
1211 1724 1404 1779 neque
1443 1706 1689 1762 modum
1730 1708 1930 1763 oneris

76 1796 385 1871 quisquam
411 1812 601 1868 neque
626 1811 807 1864 genus
838 1802 1110 1867 quaestus
1143 1789 1312 1863 penSi
1343 1785 1614 1850 habebat.
1701 1812 1808 1866 per
1841 1793 1931 1848 la..

75 1879 338 1938 trocinia.
384 1889 439 1933 et
502 1888 702 1951 raptus
759 1887 859 1931 aut
907 1874 1219 1930 servilibus
1272 1873 1619 1932 ministeriis
1672 1877 1931 1933 militare

78 1965 263 2021 otium
300 1962 687 2019 redimebant.
785 1972 911 2016 tum
946 1958 1439 2032 locupletissimus
1474 1960 1722 2037 quisque
1759 1962 1930 2018 miles

79 2051 278 2106 labore
330 2062 409 2104 ac'
439 2046 679 2102 saevitia
727 2045 984 2118 fatigari,
1059 2045 1246 2099 donec
1287 2043 1653 2102 vacationem
1700 2058 1931 2108 emeret.

136 2293 200 2332 ad
229 2289 571 2344 prohibendum
604 2290 773 2338 scelus.
819 2289 970 2331 iubere

79 2350 176 2391 iam
195 2354 396 2402 poterat.
448 2345 623 2388 Desunt
645 2345 755 2389 haec
774 2347 820 2388 in
835 2344 969 2389 MSS.

80 2405 195 2448 Bud.
223 2402 377 2446 Guelf.
401 2401 525 2445 Harl.
550 2402 680 2445 Bodl.
710 2402 790 2446 les.
870 2404 969 2445 Ad-

81 2463 169 2505 dita
202 2469 304 2504 sunt
332 2460 524 2517 margini
543 2460 642 2502 MS.
669 2458 789 2504 Harl.
869 2461 967 2503 Ad-

81 2527 187 2562 sunt
208 2517 338 2561 etiam
365 2516 412 2559 in
434 2525 537 2560 vett.
561 2517 663 2560 edd.
691 2534 797 2562 cum
820 2518 967 2561 silent.

80 2574 292 2620 Victorii.
550 2595 555 2598 ·

141 2647 300 2689 exitio.
362 2644 445 2688 Ed.
467 2644 583 2703 Spir.
606 2645 799 2687 auxilio.

140 2745 253 2789 CAP.
284 2745 355 2788 46.
427 2753 527 2788 tum
563 2746 783 2800 vigilibus.
868 2745 968 2788 MS.

84 2803 235 2847 Guelf.
256 2811 357 2845 tum
379 2803 559 2856 vaginis.
619 2801 704 2844 Ed.
721 2801 837 2860 Spir.
866 2818 972 2845 cum

84 2862 307 2916 vigilibus.
397 2859 565 2902 Eadem
616 2875 720 2901 mox
762 2867 973 2913 suspecta

85 2934 169 2976 pro
187 2924 431 2973 suspectus
447 2934 461 2968 ;
497 2919 763 2959 detinuerat
785 2932 866 2974 pro
889 2919 973 2959 ob-

86 2976 307 3018 tinuerat.

142 3059 428 3101 vacationes.
487 3055 625 3100 Vetus
657 3058 855 3116 querela.
917 3057 976 3102 cf.

93 3117 180 3159 An.
202 3117 242 3166 1,
269 3116 334 3158 17.

146 3205 317 3254 quarta
333 3212 451 3253 pars
466 3198 694 3252 manipuli
702 3211 874 3250 sparsa
891 3213 980 3253 per

89 3263 394 3299 commeatus.
465 3255 539 3298 Sic
576 3256 674 3298 edd.
706 3255 977 3313 Bernegger.

90 3328 185 3372 sqq.
204 3327 250 3353 ex
267 3310 579 3354 emendatione
591 3311 825 3360 Pichenae‚
842 3329 977 3370 quam

91 3371 185 3427 ipse
217 3369 407 3425 margini
433 3368 714 3425 adposuerat.
773 3369 978 3427 Namque

92 3425 226 3472 MSS.
263 3426 379 3467 Flor.
415 3426 549 3479 (teste
583 3425 802 3481 Pichena)
835 3426 974 3470 Con-b.

95 3486 201 3541 Agr.
236 3481 391 3525 Guelf.
447 3484 485 3536 (a
522 3499 610 3526 sec.
643 3499 779 3525 manu
812 3483 872 3525 ibi
914 3492 977 3526 est

96 3546 265 3595 quarta
279 3539 325 3581 in
345 3539 543 3596 margine
560 3539 825 3596 adpositum,
838 3556 980 3597 quum

98 3599 141 3640 in
169 3604 373 3640 contextu
400 3595 644 3650 defecisset)
669 3595 739 3639 ed.
763 3596 881 3655 Spir.
907 3598 982 3642 ha-

1042 2287 1170 2329 bent:
1213 2295 1385 2343 quarta
1403 2301 1525 2343 pars
1546 2286 1796 2340 manipulis
1815 2301 1934 2342 pars

1036 2359 1124 2399 per
1144 2348 1397 2389 em'l‘zeatus.
1461 2344 1630 2389 Contra
1653 2345 1788 2389 MSS.
1816 2345 1935 2388 Bud.

1041 2400 1165 2444 Harl.
1183 2401 1313 2445 Bodl.
1338 2403 1420 2446 les.
1456 2402 1555 2444 edd.
1579 2402 1681 2446 Put.
1711 2403 1778 2445 M.
1804 2410 1847 2443 et
1872 2401 1930 2445 V.

1040 2457 1252 2502 Beroald.
1275 2463 1399 2515 (cum
1424 2459 1492 2502 sil.
1509 2458 1644 2516 Vict.)
1668 2459 1767 2503 Alc.
1791 2459 1934 2503 Rheu.

1040 2532 1138 2573 sqq.
1176 2531 1292 2568 ραι-,ς
1338 2518 1622 2570 mampulis:
1684 2531 1800 2570 pars
1844 2531 1935 2570 per

1039 2581 1350 2621 commeatus,
1381 2574 1543 2616 omissa
1565 2574 1721 2616 vocula
1747 2582 1935 2629 quarta.

1039 2630 1123 2673 Ed.
1169 2630 1289 2688 Spir.
1342 2630 1497 2673 scribit
1545 2638 1808 2682 contentus,
1869 2630 1935 2674 uti

1042 2688 1171 2732 solet.
1234 2686 1491 2744 Bipontini:
1519 2689 1757 2741 pendebat
1787 2703 1932 2743 quar·-

1043 2752 1146 2787 tam
1188 2761 1212 2787 e
1246 2742 1505 2787 coniectura
1534 2743 1697 2801 Lipsii,
1753 2745 1832 2803 qui
1865 2753 1933 2788 ta-

1042 2818 1147 2844 men
1183 2810 1226 2845 et
1259 2802 1351 2857 ipse
1386 2799 1448 2842 nil
1474 2800 1694 2845 Pichenae
1718 2803 1936 2846 emenda-

1045 2859 1168 2902 tione
1189 2859 1349 2901 melius
1369 2858 1576 2904 vei-iusve
1598 2858 1820 2903 iudicavit.

1105 2944 1383 2984 exsolveret.
1444 2941 1520 2985 Sic
1541 2941 1643 2986 MS.
1667 2941 1791 2988 Flor.
1819 2948 1935 2999 (test.

1046 2997 1186 3054 Vict.)
1212 2998 1315 3041 edd.
1334 2997 1452 3054 Lips.
1479 3014 1577 3058 sqq.
1597 3027 1655 3036 -
1697 3004 1936 3044 exolvent

1049 3056 1147 3098 MS.
1174 3054 1324 3099 Guelf.
1350 3055 1449 3100 edd.
1473 3065 1583 3101 vett.

1109 3133 1346 3181 quaestus.
1405 3124 1482 3170 Sic
1504 3127 1607 3170 edd.
1619 3127 1825 3172 Beroald.
1841 3146 1939 3188 sqq.

1048 3210 1106 3220 .....
1139 3191 1328 3239 questus
1359 3182 1458 3227 MS.
1491 3183 1645 3228 Guels.
1682 3185 1786 3229 edd.
1819 3187 1937 3243 Spir-

1049 3241 1150 3284 Put.
1175 3240 1240 3282 M.
1265 3248 1307 3283 et
1329 3238 1411 3289 V.‚
1446 3240 1614 3299 vulgari
1638 3242 1761 3285 vitio.
1830 3243 1939 3286 Mox

1048 3297 1117 3340 ed.
1159 3296 1275 3354 Spir.
1300 3297 1465 3341 omittit
1504 3307 1588 3341 aut
1623 3310 1723 3344 ante
1754 3302 1940 3344 servili-

1048 3358 1145 3398 bus.

1109 3434 1208 3467 turn
1251 3426 1648 3478 locupletes-simus.
1710 3426 1939 3473 Particula

1052 3490 1152 3525 tum
1175 3482 1407 3524 continuat
1430 3483 1679 3526 orationem
1701 3483 1729 3528 i.
1753 3500 1795 3542 q.
1817 3500 1940 3543 prae-

1053 3548 1194 3590 terea,
1248 3539 1446 3596 insuper.
1536 3539 1592 3582 cf.
1632 3541 1819 3595 Sueton.
1857 3543 1939 3589 lul.

1054 3613 1092 3641 c.
1112 3596 1182 3640 27.
1205 3595 1251 3638 T
1247 3612 1326 3638 um
1350 3610 1539 3639 reorum
1565 3605 1651 3640 etc.
1712 3596 1715 3600 ’

1210 3655 1346 3715 ΕΞ
