2138 4030
171 259 291 320 150
739 258 1445 322 HISTORIARUM
1524 278 1533 286 ⁸

167 403 429 463 retenta,
495 412 570 449 ne
612 392 891 450 omnibus
932 391 1118 468 copiis
1152 392 1218 448 in
1251 391 1667 452 'terrestre-'iter
1700 389 1883 458 ve‘rsis
1918 421 2023 460 va...

170 500 280 537 cuo
326 477 480 534 mari
515 479 712 536 classis
751 480 1127 537 adceleraret.
1225 478 1540 535 duodecim
1579 472 1844 558 equitum
1893 490 2066 544 tur-‘f‘
2106 508 2109 509 ⁷

167 584 298 621 mae
326 574 384 621 et
420 563 555 640 lecti
595 584 626 620 e
664 559 1005 621 cohortibus
1041 565 1318 620 adversus
1351 559 1578 620 hostem
1613 567 1765 638 iere,
1787 559 2041 646 quibust

166 648 442 709 adiuncta
467 648 757 724 Ligurum
786 643 1026 716 cohorS,
1070 659 1239 705 vetus
1265 649 1381 705 loci
1407 649 1722 722 auxilium,
1763 665 1819 711 et
1846 657 2042 732 quin-⁷
2122 668 2127 675 '

168 737 330 810 genti
360 733 661 792 Pannonii
696 735 967 790 nondum
1003 733 1112 789 sub
1151 733 1348 807 signiS.
1433 754 1541 791 nec
1575 756 1742 794 mora
1777 742 2034 814 proelio,

171 823 273 878 sed
298 821 420 879 acie
444 821 525 878 ita
551 821 864 887 instructa,
905 829 973 875 ut
999 837 1134 894 pars
1159 819 1533 875 classicorum
1556 821 1756 885 mixtis
1781 829 2025 899 paganis

173 907 237 962 in
286 907 463 964 colles
509 904 658 961 mari
699 901 1068 979 propinquos
1103 917 1461 977 exsurgeret,
1528 918 1817 982 quantum
1869 911 2037 971 inter*

169 992 347 1050 colles
373 1012 439 1048 ac
465 991 605 1047 litus
632 990 805 1065 aequi
834 990 951 1046 loci
982 989 1386 1065 praetorianus
1425 989 1595 1046 miles
1631 994 1916 1067 expleret,
1960 999 2026 1079 iq

171 1078 300 1154 ipso
328 1076 480 1132 mari
513 1086 580 1135 ,ut
615 1075 838 1130 adnexa
867 1075 1065 1131 classis
1087 1087 1142 1132 et
1163 1092 1394 1149 pugnae
1417 1087 1616 1148 parata
1651 1098 1932 1139 conversa
1971 1083 2036 1152 et¹

169 1161 391 1219 minaci
415 1162 608 1219 fronte
641 1161 1149 1236 praetenderetur,
1196 1157 1531 1229 Vitelliani,
1573 1162 1790 1237 quibus
1827 1169 2028 1226 minor

115 1246 119 1250 ’
171 1248 440 1323 peditum
475 1246 597 1316 viS,
648 1246 714 1301 in
751 1246 945 1321 equite
983 1247 1199 1314 robur,
1253 1243 1507 1318 Alpinos
1545 1247 2028 1326 proximis-iugis,

172 1329 442 1390 cohortes
489 1331 687 1388 densis
727 1331 1038 1389 ordinibus
1080 1341 1214 1406 post
1263 1329 1519 1404 equitem
1558 1331 1774 1394 locant.
1877 1335 2030 1395 Tre-

171 1423 453 1498 verorum
478 1429 704 1474 turmae
733 1417 1001 1473 obtulere
1040 1436 1098 1472 se
1138 1411 1295 1471 hosti
1323 1414 1582 1484 incaute,
1624 1438 1757 1473 cum
1799 1422 2029 1499 excipe..

171 1514 263 1560 ret
293 1513 497 1560 contra
534 1514 842 1559 veteranus
877 1502 1078 1572 miles,
1122 1500 1300 1556 simul
1336 1520 1369 1555 a
1397 1498 1577 1556 latere
1613 1503 1764 1559 saxis
1797 1521 2031 1580 urgeret

172 1600 306 1668 apta
339 1589 416 1645 ad
456 1587 790 1645 iaciendum
816 1588 991 1646 etiam
1026 1603 1391 1663 paganorum
1417 1605 1659 1656 manu5,
1706 1590 1811 1666 qui
1844 1595 2031 1668 sparsi

1713 250 1844 296 mx:-

1711 300 1829 339 Asc.
1896 302 1960 340 ..ὲν-

230 1837 565 1882 adcelerat-et„
600 1835 678 1879 Sic
693 1834 929 1879 MS.F101·.
954 1842 1064 1878 teste
1134 1831 1290 1874 bonici
1317 1829 1383 1873 vel
1416 1828 1622 1874 Santoni
1650 1831 1722 1879 vel
1754 1833 1852 1888 alii,
1888 1839 2032 1884 nescit

176 1891 400 1937 victorio.
444 1890 608 1952 'Vulgo
635 1897 937 1937 acceleraret.

232 1995 463 2036 adversus
487 1996 682 2038 hostem.
743 1994 826 2037 Ed.
841 1993 960 2052 Spir.
984 1996 1065 2035 ad-

174 2066 366 2094 versum
389 2054 586 2095 hostem.
645 2051 745 2096 ΜΒ.
771 2053 884 2096 Bud.
905 2053 970 2093 ad
991 2054 1065 2093 ho-

176 2117 315 2152 stem.

234 2218 282 2253 et
319 2209 564 2266 quingenti
589 2209 828 2253 Pannonii
856 2213 1069 2254 nondum

174 2270 263 2312 Sub
292 2269 452 2322 signis.
511 2268 609 2311 -Sie
634 2269 735 2312 libri
761 2277 868 2313 vett.
896 2284 1069 2311 omnes.

178 2325 427 2369 Oberlinus
454 2342 503 2369 ex
531 2325 688 2370 Savilii
720 2326 938 2384 opinione
972 2324 1071 2368 edi-

179 2383 245 2428 dit
276 2384 439 2439 Alpini
467 2392 509 2426 et
544 2399 649 2427 cum
682 2383 934 2441 Bipontinis
966 2389 1068 2426 ante

177 2444 386 2484 nondam
427 2440 596 2484 addidit
632 2442 725 2498 qui.
805 2440 1069 2484 Pannonios

177 2499 299 2542 enim
331 2498 392 2542 ait
416 2497 612 2542 Othonis
647 2507 790 2556 partes
820 2514 913 2541 esse
946 2513 1072 2541 secu·

178 2566 249 2601 tos
286 2558 537 2610 seeundum
574 2572 616 2599 c.
653 2559 721 2599 11.
752 2565 795 2599 et
830 2557 897 2598 17.
936 2555 1070 2610 (addo

180 2630 223 2658 e.
247 2614 341 2671 32.)
369 2622 412 2656 et
442 2630 544 2656 mox
568 2612 727 2656 Tacito
758 2615 950 2667 Alpinos
982 2629 1072 2655 nie-

178 2672 365 2716 morari.
425 2672 486 2715 At
522 2671 597 2728 qui
629 2669 853 2714 Pannonii
877 2668 1073 2713 Othonis

211 2739 325 2772 artes
358 2731 657 2786 sequebantur
693 2737 819 2772 erant
856 2727 1072 2773 exereitus

178 2745 392 2830 ῗῖοηιεηί.
475 2787 559 2830 Hie
599 2786 840 2829 commode
885 2783 1072 2842 intelligi

180 2854 370 2902 possunt
415 2844 573 2887 auxilia
605 2860 655 2886 ex
687 2842 781 2901 ipsa
814 2842 1074 2886 Pannoniae

181 2911 314 2960 gente
351 2900 520 2945 delecta
558 2910 601 2944 et
636 2910 741 2948 ante
782 2900 927 2944 civilis
968 2898 1073 2941 belli

179 2958 362 3003 initium
402 2959 549 3005 missa.
612 2957 750 3013 Quod
783 2974 888 3003 mox
915 2955 1081 3010 Alpini

182 3024 518 3068 memorantur,
557 3017 660 3059 satis
694 3023 868 3059 constat
899 3023 942 3057 et
963 3013 1076 3056 Pan·

117 3075 128 3078 “
182 3074 349 3117 nonios
382 3089 474 3116 esse
504 3075 729 3129 Alpinos:
775 3088 911 3131 quare
946 3072 1074 3114 Pan-

184 3132 314 3175 nonii
344 3138 386 3173 et
412 3129 612 3184 Ligures
650 3146 740 3172 uno
774 3130 959 3175 nomine
993 3129 1077 3170 Al-

182 3190 288 3245 pini
307 3187 394 3231 dici
418 3199 615 3245 potuere.
667 3187 750 3229 Vix
775 3185 989 3230 credibile
1014 3191 1078 3228 est

187 3249 273 3290 tale
306 3245 465 3291 vitium
502 3244 546 3290 in
575 3261 730 3286 omnes
754 3244 929 3288 venisse
957 3242 1078 3286 codi-

185 3321 259 3349 ces
291 3303 348 3345 ob
385 3302 631 3345 litterarum
661 3300 1078 3345 dissimilitudinem.

185 3360 342 3405 Savilii
383 3359 690 3402 coniecturam
731 3358 833 3401 satis
866 3357 952 3400 iam
983 3357 1076 3414 Ry-

187 3419 312 3463 ckius
352 3416 647 3461 refutaverat:
700 3416 886 3457 retinuit
928 3424 1079 3458 tamen

187 3474 444 3524 Bekkerus,
485 3488 743 3530 quanquam
777 3472 941 3515 delevit
972 3473 1078 3515 inu-

187 3534 264 3578 tile
288 3532 396 3576 illud
423 3532 517 3591 qui.
578 3529 794 3586 Rupertio
829 3530 1080 3585 improbata

189 3591 342 3637 Savilii
379 3588 690 3634 emendatione
735 3586 911 3645 placent
946 3588 1080 3629 Nar-

1205 1890 1214 1899 ·
1231 1889 1252 1916 v

1139 1904 1280 1989 (1υέἐά
1299 1930 1400 1989 aeie
1423 1945 1493 1988 ita
1514 1948 1744 1991 instructa
1766 1957 1851 1995 etc.
1909 1952 2032 1998 Editi

1137 2002 1239 2047 libri
1291 2019 1449 2046 omnes
1490 2004 1618 2048 huius
1656 2005 1746 2060 loci
1790 2009 2031 2065 periodum
2110 2052 2125 2059 ,

1138 2061 1300 2104 finiunt
1329 2060 1375 2103 in
1400 2062 1541 2104 verbo
1561 2069 1955 2117 praetenderetur
1991 2080 2033 2114 et

1141 2127 1361 2177 punctum
1417 2129 1594 2175 ponunt
1633 2131 1736 2165 ante
1778 2123 2033 2179 Vitelliani,

1141 2175 1264 2233 quod
1305 2175 1549 2218 absurdum
1584 2185 1663 2221 est.
1733 2178 1846 2224 Nam
1881 2184 2033 2230 omnia

1142 2233 1232 2276 loci
1268 2232 1471 2274 membra
1494 2235 1720 2291 usquead
1748 2245 2032 2290 praetende-

1141 2298 1271 2333 retur
1301 2289 1498 2347 pendent
1531 2307 1578 2333 ex
1607 2292 1797 2337 ablativo
1830 2302 1928 2340 acie
1957 2302 2032 2342 in-

1140 2354 1350 2396 structa,
1387 2362 1470 2390 nec
1501 2357 1682 2414 apparet
1714 2353 1899 2398 verbum
1938 2355 2037 2401 fini-

1141 2415 1263 2455 tum,
1292 2404 1346 2448 ad
1377 2403 1500 2460 quod
1527 2415 1608 2448 iste
1632 2407 1851 2454 ablativus
1875 2405 2039 2458 referri·

1143 2462 1299 2521 possit.
1363 2460 1516 2521 Quare
1542 2462 1782 2523 Rupertius
1808 2469 1925 2514 vult:
1954 2476 2038 2516 sed

1142 2521 1264 2562 acies
1297 2519 1364 2562 ita
1383 2523 1614 2563 instructa
1638 2531 1746 2575 etc„
1777 2541 1862 2584 qua
1887 2544 2036 2573 emen·

1144 2578 1328 2620 datione
1384 2577 1441 2620 ita
1509 2594 1560 2620 su
1598 2581 1928 2637 ersedebimus,
1988 2588 2037 2631 ut

1143 2643 1367 2692 punctum
1397 2643 1499 2677 ante
1577 2637 1781 2683 itelliam·
1808 2643 2006 2688 tollatur.

1201 2693 1250 2732 in
1273 2695 1411 2734 colles
1435 2695 1564 2735 mari
1576 2698 1882 2753 propinquos.
1945 2699 2039 2745 Vo-

1145 2750 1300 2792 cabula
1337 2749 1428 2792 duo
1459 2750 1508 2792 in
1539 2754 1676 2795 colles
1703 2769 1797 2799 nou
1821 2757 2046 2825 apparent

1146 2808 1192 2849 in
1222 2806 1290 2874 ed'.
1319 2806 1439 2875 Spin.
1473 2836 1533 2848 -,-
1595 2809 1696 2854 MS.
1727 2812 1840 2871 Agr.
1875 2818 2038 2862 meoli-s·

1147 2877 1274 2905 marz
1289 2877 1566 2921 propmquo.

1200 2928 1309 2976 pose
1350 2923 1563 2978 equitem.

1149 2982 1362 3035 quietem.

1206 3051 1407 3096 incaute.
1468 3051 1545 3095 Sic
1573 3052 1674 3099 edd.
1698 3054 1818 3114 Spir.
1842 3054 1947 3104 Put.
1968 3058 2038 3103 M.

1150 3117 1192 3149 et
1215 3107 1270 3151 V,
1306 3106 1451 3152 Rben.
1481 3124 1579 3168 sqq.
1610 3138 1670 3150 --
1727 3116 1906 3178 meante
1935 3116 2039 3161 MS.

1151 3163 1312 3266 ἓῇἳὲῑι
1323 3165 1392 3208 ed.
1417 3165 1627 3213 Beroald.
1648 3170 1782 3251 (c‘unl
1803 3170 1872 3221 sil.
1902 3173 2039 3229 Vict.)

1207 3294 1353 3336 simul
1390 3312 1421 3338 α
1469 3298 1619 3339 latere
1667 3300 1804 3342 saxis
1853 3307 2040 3355 urgeret

1151 3359 1264 3404 apta
1285 3355 1402 3396 adi.
1428 3368 1467 3397 e,
1487 3359 1534 3404 μ’.
1562 3370 1625 3398 m.
1686 3355 1769 3398 Ed.
1790 3356 1907 3413 Spir.
1929 3360 2046 3401 saxi

1151 3418 1380 3462 surgeret.
1462 3411 1597 3455 MSS.
1634 3411 1754 3455 Harl.
1789 3414 1923 3456 Bodl.
1954 3415 2039 3458 les.

1152 3465 1304 3510 Guelf.
1347 3467 1452 3512 edd.
1485 3468 1590 3514 Put.
1621 3469 1686 3513 M.
1718 3478 1760 3513 et
1797 3471 1851 3513 V.
1898 3474 2041 3514 etiam

1155 3523 1304 3566 locant
1327 3533 1429 3567 ante
1452 3527 1602 3569 saxis.
1636 3525 1877 3570 Omittitur
1896 3531 2041 3572 eliam

1153 3582 1198 3625 in
1235 3581 1335 3626 edd.
1370 3583 1468 3627 Ale.
1498 3582 1701 3628 Rhenan.
1725 3584 1827 3628 ΑΜ.
1851 3601 1945 3644 sqq.
1985 3587 2041 3630 ad

1653 2924 1736 2970 Ed.
1775 2927 1894 2987 spir,
1930 2922 2048 2985 'post'⁸
