2138 4030
44 2422 46 2425 v
119 2395 219 2439 Ale.

204 219 235 255 A
270 220 317 254 U.
334 217 418 250 823.

203 263 320 301 Μ,
356 261 416 295 70.
636 215 811 277 Lm.
846 214 924 275 11.
1001 212 1194 275 CAP.
1231 215 1330 274 81.
1369 216 1467 274 82.
1854 219 1979 301 229

122 354 339 421 additis
377 345 781 426 Cappadociae
818 343 1168 417 legionibus.
1262 340 1595 401 Consilium
1634 346 1705 400 de
1748 365 1975 418 summa

41 468 47 481 x
121 459 322 497 rerum
351 434 555 512 Beryti
589 429 873 488 habitum.
959 429 1103 485 illuc
1131 425 1450 496 Mucianus
1478 448 1609 484 cum
1635 430 1839 502 legatis
1863 431 1973 488 tri-

117 524 412 599 bunisque
448 528 505 576 et
539 512 1014 594 splendidissimo
1056 532 1291 593 quoque
1321 513 1735 569 centurionum
1762 535 1827 571 ac
1853 515 1968 571 mi-

119 610 294 667 litum
326 605 491 663 venit
527 614 583 660 et
622 621 652 657 e
679 597 919 656 Iudaico
960 598 1218 655 exercitu
1254 597 1400 653 lecta
1427 598 1656 653 decora.
1741 609 1971 657 tantum

38 767 39 771 Ἰ
121 694 300 751 simul
321 691 587 768 peditum
625 684 1006 761 equitumque
1043 694 1099 739 et
1137 682 1563 738 aemulantium
1595 681 1751 739 inter
1783 703 1841 738 se
1876 705 1971 740 re-

119 799 260 854 gum
289 786 526 853 paratus
549 769 1098 848 speciem‘fortunae
1127 766 1471 842 principalis
1500 766 1827 824 effecerant.

285 908 594 995 LXXXII.
624 907 833 966 'Prima
853 907 999 964 belli
1023 927 1160 963 cura
1187 924 1356 978 agere
1381 906 1669 976 delectUS‚
1697 926 1970 964 revocare

118 1013 442 1059 veteranos.
528 993 899 1052 destinantur
938 993 1167 1048 validae
1205 990 1468 1046 civitates
1508 991 1842 1056 exercendis
1876 1013 1969 1047 ar—

120 1106 354 1143 morum
389 1080 668 1139 officinis:
724 1078 881 1152 apud
920 1071 1347 1134 Antiochenses
1380 1095 1591 1132 aurum
1631 1088 1970 1149 argentum-

119 1193 232 1250 que
269 1171 557 1243 signatur:
627 1183 808 1239 eaque
850 1174 1056 1218 cuncta
1088 1181 1194 1236 per
1232 1161 1476 1216 idoneos
1512 1161 1813 1217 ministros
1850 1161 1968 1216 suis

120 1275 384 1334 quaeque
433 1250 579 1307 locis
626 1247 1071 1304 festinabantur.
1173 1245 1296 1319 ipse
1346 1243 1741 1319 Vespasianus
1789 1246 1971 1314 adire,

119 1338 383 1409 hortari,
432 1338 624 1393 bonos
656 1334 1123 1409 laude.„³segnes
1162 1330 1425 1404 exemplo
1464 1330 1708 1386 incitare
1741 1331 1971 1405 saepius
2034 1334 2041 1338 ’

119 1445 298 1502 quam
319 1439 581 1480 coercere
598 1464 614 1487 ‚
657 1412 1005 1492 vitia-ffi'agis
1031 1415 1354 1471 amicorum
1377 1435 1555 1491 quam
1577 1414 1823 1472 virtutes
1848 1416 1971 1471 dis-

119 1510 420 1566 simulans.
503 1503 722 1560 multos
755 1500 1136 1576 praefecturis
1175 1511 1230 1556 et
1257 1499 1800 1575 procurationibUS‚
1843 1501 1970 1575 ple-

118 1614 331 1671 rosque
357 1588 636 1649 senatorii
661 1587 887 1644 ordinis
914 1582 1141 1642 honore
1163 1585 1483 1659 percoluit,
1529 1585 1788 1658 egregios
1808 1585 1968 1642 viros
2042 1574 2048 1582 ⁸

125 1693 183 1737 et
207 1699 344 1735 mox
370 1694 596 1734 summa
625 1673 893 1747 adeptos:
951 1661 1305 1746 quibusdam
1332 1671 1573 1725 fortuna
1599 1663 1706 1744 pro
1731 1670 1971 1727 virtuti—

118 1768 231 1822 bus
256 1763 387 1820 fuit.
468 1757 833 1816 Donativum
857 1755 1034 1811 militi
1056 1775 1246 1830 neque
1272 1752 1587 1810 Mucianus
1611 1755 1800 1829 prima
1826 1776 1969 1811 con-

120 1850 288 1907 cione
325 1846 443 1903 nisi
473 1842 703 1899 modice
741 1842 1102 1909 ostenderat,
1157 1860 1264 1894 nec
1293 1837 1687 1913 Vespasianus
1727 1828 1966 1915 quidem

121 1935 254 2010 plus
280 1931 441 1989 civili
459 1929 616 1985 bello
642 1926 860 1982 obtulit
885 1946 1062 2000 quam
1087 1924 1192 1979 alii
1218 1925 1282 1978 in
1306 1943 1475 1996 pace,
1520 1924 1742 1998 egregie
1766 1925 1968 1980 firmus

123 2020 404 2076 adversus
431 2013 748 2069 militarem
774 2010 1146 2083 largitionem
1187 2028 1376 2084 eoque
1413 2008 1669 2064 exercitu
1709 2010 1969 2064 meliore.

119 2103 295 2161 Missi
345 2101 421 2158 ad
462 2092 754 2155 Parthum
793 2090 1263 2170 Armeniumque
1311 2092 1486 2168 legati
1533 2092 1970 2170 provisumque,

1119 2324 1490 2380 festl'nabantur.
1521 2325 1623 2369 MS.
1643 2326 1753 2384 Agr.
1777 2344 1799 2369 a
1823 2330 1967 2385 prima

1076 2399 1210 2426 manu
1224 2382 1535 2437 festinantur.

1132 2454 1358 2483 coercere.
1427 2439 1502 2482 Sic
1535 2440 1637 2484 MS.
1672 2439 1824 2486 Guelf.
1863 2443 1963 2488 edd.

1076 2495 1194 2554 Spir.
1240 2496 1358 2554 Lips.
1399 2512 1497 2554 sqq.
1570 2501 1810 2540 cohercere
1862 2500 1965 2543 edd.

1077 2554 1182 2596 Put.
1210 2554 1312 2596 Ber.
1358 2554 1480 2607 (eum
1512 2553 1657 2597 silent.
1694 2554 1828 2612 Vict.)
1867 2557 1962 2601 Alc.

1078 2627 1175 2670 sqq.
1202 2611 1255 2653 ad
1278 2610 1394 2667 Lips.

1135 2667 1427 2710 donativum.
1487 2668 1562 2712 Sic
1587 2668 1685 2712 edd.
1706 2668 1831 2714 Pich.
1851 2671 1967 2714 Gru-

1077 2733 1158 2768 ter.
1195 2740 1294 2782 sqq,
1335 2741 1357 2766 e
1393 2724 1497 2768 cod.
1529 2726 1676 2775 Πομ,
1760 2726 1803 2769 ui
1837 2728 1967 2771 habet

1078 2785 1351 2824 donativom
1375 2782 1489 2835 (test.
1511 2781 1665 2838 Vict.).
1749 2784 1836 2830 'dd.
1865 2791 1968 2830 ante

1079 2839 1207 2883 Pieh.
1242 2847 1285 2880 et
1316 2839 1475 2894 vulgus
1504 2838 1778 2883 MSStorum
1813 2846 1963 2886 dona-

1077 2898 1191 2940 tiva.
1249 2895 1352 2938 MS.
1376 2896 1491 2938 Bud.
1516 2897 1753 2940 donativo.

116 2341 233 2381 dum
261 2334 363 2380 edd.
397 2332 502 2377 Put.
534 2332 602 2374 M.
635 2338 678 2373 et
701 2327 760 2390 V.
792 2328 1001 2372 Beroald.

175 2463 344 2506 additis
378 2461 427 2506 C.
462 2457 728 2513 legionibus.
797 2455 859 2499 cf.
893 2454 1004 2499 Sue·

119 2530 217 2565 ion.
237 2519 372 2579 Vesp.
402 2534 442 2562 c.
465 2518 507 2559 8.
568 2515 660 2558 Dio
685 2515 753 2566 55,
773 2513 845 2556 23.

182 2591 360 2647 Beryti.
452 2587 527 2631 Sic
575 2585 680 2629 MS.
722 2583 849 2626 Flor.
904 2582 1005 2625 edd.

119 2649 262 2692 Rhen.
290 2647 392 2691 Ald.
418 2660 512 2701 sqq.
574 2643 760 2685 Berithi
788 2640 857 2684 ed.
891 2639 1007 2697 Spir.

119 2707 276 2750 Beriti
301 2705 402 2747 MS.
431 2700 584 2745 Guelf.
616 2700 715 2743 edd.
738 2698 842 2740 Put.
866 2696 936 2740 M.
965 2704 1008 2739 et

123 2762 180 2806 V.
203 2762 309 2805 Ber.
332 2761 430 2804 Ale.

179 2835 300 2876 lecta
321 2835 505 2872 decora.
566 2835 751 2869 tantum
776 2833 861 2868 ete.
919 2823 1005 2867 Ed.

122 2890 240 2948 spir.
263 2892 391 2931 laeta
411 2891 577 2928 decora
599 2892 783 2926 tantum
807 2890 891 2926 etc.

180 2959 293 3008 Cal),
323 2959 393 3001 82.
452 2969 592 3010 agere
625 2956 843 2996 delectus.
905 2951 1007 2994 MS.

122 3018 246 3062 Flor.
266 3023 374 3074 teste
395 3010 600 3055 Victorio
623 3012 836 3060 dilectus,
877 3017 920 3051 et
944 3008 1010 3052 sic

122 3075 224 3121 edd.
250 3073 365 3130 Lips.
393 3079 435 3115 et
456 3069 641 3113 Gruter.
666 3074 936 3112 constanter.

180 3145 399 3173 revocare
438 3135 695 3168 veteranos.
761 3122 841 3167 Sic
875 3121 1013 3166 MSS.

124 3197 170 3232 et
209 3187 308 3231 edd.
351 3199 524 3229 omncs.
606 3181 777 3240 Lipsius
819 3180 1010 3223 malebat

56 3251 59 3253 ’
127 3258 344 3294 evocare,
382 3241 485 3298 quia
509 3239 644 3295 vulgo
667 3239 878 3281 dicuntur
901 3252 1008 3280 evo-

125 3304 231 3346 cati.
288 3299 374 3347 Sed
397 3297 629 3342 invenitur
655 3296 785 3338 etiam
817 3309 1010 3337 revoca-

129 3367 203 3402 tus
238 3359 291 3403 in*
309 3356 461 3419 ‚lapide
491 3353 607 3412 apud
636 3352 821 3395 Gruter.
852 3366 896 3409 p.
919 3350 1014 3393 524.

126 3431 176 3460 n.
199 3416 243 3458 7.

185 3473 279 3516 suis
303 3483 523 3527 quaeque.
588 3463 687 3508 MS.
713 3463 865 3510 Guelf.
890 3466 930 3522 (a
954 3483 1016 3509 se·

132 3528 277 3574 cunda
299 3530 453 3583 manu)
476 3525 573 3570 suis
600 3538 790 3580 quoque.

1136 2968 1214 2995 nec
1236 2953 1556 3008 Vespasianus
1580 2955 1781 3009 quidem.
1824 2957 1962 3003 MSS.

1079 3011 1204 3053 Flor.
1238 3012 1352 3064 (test.
1375 3008 1514 3067 Vict.)
1540 3009 1664 3062 Bud-
1688 3012 1825 3056 Corb.
1862 3015 1963 3059 edd.

1081 3067 1227 3135 Rhen.
1270 3067 1372 3109 Ald.
1408 3083 1508 3126 sqq.
1548 3083 1608 3110 ne
1651 3069 1967 3123 Vespasianus

1080 3127 1366 3225 {4‘1‘3‘33311afi
1406 3139 1560 3225 ..2551
1591 3124 1732 3226 ζῖῗὲἕζ
1761 3133 1968 3230 i‘fs'sie'gi

1079 3239 1181 3281 edd.
1198 3238 1310 3294 spir.
1324 3238 1424 3282 Put.
1435 3253 1534 3296 sqq.
1546 3239 1599 3282 ad
1616 3237 1894 3286 Rhenanum.
1910 3270 1966 3281 ·--

1082 3310 1229 3350 neque
1257 3295 1313 3336 V.
1337 3312 1378 3351 q.
1400 3295 1496 3339 MS.
1518 3295 1627 3353 Reg.
1690 3297 1818 3352 Quae
1851 3302 1967 3343 scri-

1084 3360 1215 3410 ptura
1248 3353 1344 3395 sine
1374 3352 1513 3397 dubio
1548 3361 1640 3396 erat
1660 3395 1665 3406 Ἰ,
1679 3357 1966 3400 restituenda.

1088 3410 1199 3451 Nam
1241 3418 1391 3467 aperte
1425 3407 1619 3454 invicem
1660 3412 1740 3453 sibi
1777 3429 1968 3470 respon-2

1090 3466 1195 3508 dent
1244 3482 1387 3522 neque
1427 3467 1666 3511 Mucianus
1708 3500 1722 3510 s.
1753 3502 1762 3512 .
1794 3501 1803 3511 .
1833 3502 1843 3517 ‚
1885 3485 1968 3520 nec

1094 3524 1401 3578 Vespasianus
1423 3533 1506 3570 ete.
