2138 4030
22 252 27 257 ·
197 297 278 353 70

768 292 1481 356 HISTORIARUM

1746 290 1799 328 A.
1813 291 1871 329 U.
1882 291 1970 328 823.

1748 333 1804 372 Α.
1819 333 1868 372 c.
1909 335 1972 375 τι»,

200 422 634 502 redemptisque
661 426 969 502 caphibm,
998 445 1146 503 quae
1174 424 1407 482 venalia
1434 424 1839 485 interfectores
1861 446 2059 506 serva-

202 520 427 569 verant.

374 604 654 669 XLVIII.
706 606 845 666 Piso
880 628 1069 665 unum
1106 619 1162 665 et
1197 608 1559 666 tricesimum
1597 610 1799 666 aetatis
1836 623 2060 668 annum

208 691 511 767 explebat,
574 693 730 749 fama
781 693 1025 749 meliore
1079 713 1257 769 quam
1308 694 1565 752 fortuna.

1674 695 1886 752 fratres
1938 696 2064 753 eius

209 775 500 851 Magnum
538 775 823 835 Claudius
839 823 865 847 ‚,
897 775 1175 835 Crassum
1207 777 1365 836 Nero
1404 778 1835 840 interfecerant.
1897 799 1899 801 ·
1932 779 2066 856 Ipse

212 861 320 919 diu
368 864 557 933 exsul,
612 862 928 939 quatriduo
955 860 1208 933 Caesar,
1262 874 1574 939 properata
1621 865 1940 939 adoptione
1991 867 2066 922 ad

212 942 327 1004 hoc
349 958 581 1004 tantum
609 946 824 1004 maiori
856 948 1026 1005 fratri
1059 949 1351 1023 praelatus
1385 960 1500 1017 est,
1542 959 1610 1005 ut
1641 949 1807 1024 prior
1839 947 2070 1007 occide-

215 1043 398 1093 retur.

485 1031 560 1098 T.
581 1031 798 1089 Vinius
828 1032 1254 1109 quinquaginta
1280 1044 1499 1108 septem
1527 1053 1716 1090 annos
1737 1035 1918 1091 variis
1939 1055 2071 1092 mo-

216 1117 383 1177 ribus
420 1114 556 1192 egit.
638 1127 806 1193 pater
844 1118 936 1175 illi
969 1119 1261 1194 praetoria
1292 1118 1547 1189 familia,
1589 1130 1891 1177 maternus
1928 1139 2072 1178 avus

282 1377 396 1422 cim.
421 1378 492 1421 48.

225 1450 400 1479 Olllnes·

571 1381 808 1433 explebat.
887 1379 965 1424 Sic
1009 1379 1111 1423 libri

269 1480 283 1502 s
480 1435 711 1480 Ernestius
747 1435 842 1480 vult
876 1440 1111 1493 expleret.

226 1492 297 1535 De
329 1499 511 1535 mortuo
548 1495 666 1536 enim
709 1509 963 1538 sermonem
1006 1510 1115 1538 esse.

226 1550 457 1617 Broterjus
477 1551 740 1609 respondet:
774 1553 898 1603 ‚,At,
929 1561 980 1596 ut
998 1552 1116 1594 vide·

224 1616 313 1659 tur,
335 1608 612 1652 tneesimum
629 1625 769 1655 unum
785 1609 938 1653 aetatis
951 1625 1120 1653 annum

225 1664 332 1708 Piso
355 1665 560 1709 nondum
590 1666 887 1727 expleverat.”
931 1666 1121 1710 Fallitur

227 1731 433 1780 uterque.
497 1723 609 1766 Nam
635 1733 816 1782 recepto
839 1740 920 1770 usu
938 1723 1120 1768 Tacitus

229 1780 359 1839 ponit
381 1783 599 1834 explebat
623 1797 706 1839 pro
730 1797 810 1832 eo,
841 1782 962 1839 quod
985 1781 1121 1823 Erne-

228 1838 339 1880 stius
351 1837 541 1890 volebat,
557 1841 848 1894 expleverat.
887 1837 947 1884 cf.
961 1838 1065 1881 infr.
1081 1836 1124 1888 3,

231 1895 301 1938 86.
331 1896 582 1949 septimum
617 1903 663 1938 et
695 1897 1123 1953 quinquagesimum

231 1954 405 1995 aetates
434 1968 617 1996 armum.
645 1956 876 2010 explebat.
935 1953 1012 1997 Sic
1034 1953 1123 1995 An.

233 2010 276 2059 6,
298 2010 366 2052 29.
386 2014 656 2054 statuebant
682 2021 723 2054 et
747 2013 815 2061 12,
836 2011 911 2055 32.
937 2018 1124 2065 coepta-

233 2071 362 2111 bant.
459 2068 577 2112 Infra
619 2069 673 2117 2,
715 2070 786 2113 71.
834 2071 1126 2112 celebrabat.-

234 2125 291 2170 nd
315 2141 428 2183 quos
449 2125 574 2169 locos
600 2127 689 2170 vid.
711 2135 808 2170 not.
876 2128 1127 2180 Explebot,

236 2197 292 2225 et·
323 2187 466 2225 stand
497 2185 545 2226 in
574 2186 682 2226 dem
703 2188 839 2227 Alter
873 2187 1022 2225 voller
1052 2183 1126 2224 ein

235 2243 335 2284 und
372 2241 562 2300 dregssagv
593 2241 756 2286 Jahre.
836 2242 1128 2296 Expleverat

235 2297 443 2357 exprimit
489 2299 534 2343 id
577 2299 702 2357 quod
744 2308 868 2343 certo
910 2296 1130 2356 temporis

235 2365 471 2400 momento
489 2356 658 2400 factum
680 2365 768 2400 est:
799 2372 962 2414 nempe
987 2369 1129 2397 unum

239 2421 284 2457 et
314 2412 595 2457 tricesimum
633 2415 785 2458 aetatis
819 2429 988 2458 annum
1022 2412 1129 2454 Piso

238 2473 516 2525 expleverat
536 2487 588 2515 eo
616 2470 712 2524 die,
743 2487 833 2530 quo
854 2470 1021 2530 incepit
1043 2468 1131 2512 tri-

241 2527 459 2573 cesimum
483 2530 750 2574 seeundum.

309 2612 537 2668 Magnum
597 2614 847 2665 Claudius,
907 2612 1132 2655 Crassum

243 2672 385 2715 Nero.
465 2670 542 2715 Sic
576 2672 676 2714 edd.
714 2671 820 2714 Ber.
853 2669 956 2715 Ale.
984 2669 1131 2710 Rhen.

244 2744 343 2786 sqq.
372 2757 431 2764 -—
479 2744 705 2784 magnum
742 2729 957 2770 Claudius
991 2726 1132 2768 Cras-

244 2800 381 2830 sum:
403 2834 406 2839 ,
429 2787 559 2829 Nero
592 2794 675 2830 ete.
723 2785 823 2829 edd.
856 2783 1034 2828 Puteol.
1076 2807 1134 2815 —-

244 2843 474 2897 Magnum
516 2843 766 2887 Claudium
818 2850 864 2885 et
917 2842 1134 2885 Crassum

244 2900 373 2943 Nero
394 2909 481 2944 ete.
508 2902 575 2944 ed.
599 2901 714 2959 Spir.
737 2917 840 2946 cum
864 2900 963 2942 MS.
984 2896 1136 2942 Guelf.

247 2959 289 3013 (a
311 2973 399 3002 sec.
426 2959 536 3012 m.)‚
568 2958 615 3001 in
652 2973 742 3016 quo
776 2957 898 3016 prius
921 2955 1006 2998 fuit
1030 2955 1137 2997 Ma·-

248 3030 394 3074 gnum
418 3015 664 3065 Claudius,
697 3016 916 3060 Crassum
939 3014 1084 3056 Nero.

305 3098 654 3154 interfecerunt.
731 3099 810 3144 Sic
844 3097 978 3141 MSS.
1010 3095 1137 3139 Flor.

250 3160 370 3215 (test.
394 3156 541 3210 Pich.)
576 3156 729 3202 Guelf.
763 3158 803 3211 (a
823 3171 892 3214 pr.
918 3155 1000 3209 m.)
1037 3153 1139 3195 edd.

249 3216 354 3261 Put.
390 3214 458 3257 Μ.
497 3223 539 3258 et
571 3215 625 3256 V.
662 3213 866 3257 Ber-eald.
900 3213 1033 3269 (cum
1066 3209 1140 3255 sil.

251 3273 406 3328 Vict.)
430 3272 530 3316 Ale.
560 3278 603 3313 et
626 3270 786 3313 deinde
810 3270 933 3314 Pich.
960 3284 1058 3326 sqq.
1084 3272 1142 3302 -'-·

250 3333 545 3388 interjecerat
568 3327 702 3371 MSS.
717 3326 865 3370 Guelf.
895 3328 936 3382 (a
957 3342 1045 3370 see.
1063 3326 1142 3378 m.)

253 3389 372 3434 Bud.
409 3398 451 3432 et
483 3388 582 3432 edd.
618 3385 737 3443 Spir.
774 3383 916 3427 Rhen.
954 3397 1052 3441 sqq.
1087 3381 1143 3425 ad

254 3445 514 3490 Pichenam.
573 3442 634 3485 ef.
659 3449 756 3490 not,
786 3441 838 3484 ad
860 3443 951 3485 An.
985 3441 1050 3492 13,
1076 3440 1142 3482 12.

256 3505 338 3549 sub
364 3523 402 3548 v.
423 3505 621 3560 genitu&
1100 3523 1101 3526 ¹

315 3581 468 3622 exsul.
541 3576 623 3618 Ed.
655 3576 686 3618 S
721 3576 774 3617 ir.
804 3576 964 3615 nexui.
1037 3573 1143 3615 Mox

258 3653 343 3700 pro
367 3636 615 3693 quatriduo
631 3633 681 3679 M
721 3665 730 3677 .
744 3631 864 3676 Flor.
881 3631 996 3686 (test.
1009 3631 1145 3684 Vici.)

1185 2445 1191 2454 fs
1202 2394 1326 2439 Harl.
1365 2394 1500 2438 Bodl.

1184 1380 1260 1422 dat
1289 1379 1564 1435 quadriduo.
1636 1377 1813 1421 Deinde
1842 1377 1947 1421 edd.
1968 1377 2074 1422 Put.

1185 1438 1254 1480 M.
1282 1445 1325 1480 et
1346 1437 1402 1479 V.
1427 1443 1603 1494 ponunt
1626 1435 1781 1494 puncti
1801 1443 1953 1478 notam
1977 1444 2078 1493 post

1185 1495 1454 1550 adoptione.

1246 1568 1311 1606 ad
1340 1567 1439 1611 hoc.
1517 1563 1592 1608 sie
1625 1562 1756 1606 codd.
1787 1547 1923 1605 MSS.
1959 1561 2077 1607 Eud.

1164 1662 1166 1664 ,
1193 1621 1346 1667 Guelf.
1380 1629 1424 1664 et
1459 1621 1646 1665 fortasse
1675 1620 1797 1672 atii,.s
1825 1619 1928 1663 edd.
1962 1619 2079 1677 Spir.

1191 1680 1334 1724 Rhen.
1356 1695 1408 1736 sq
1443 1710 1453 1721 .
1478 1702 1535 1711 —
1576 1682 1642 1720 ad
1661 1680 1776 1731 haee
1794 1677 1930 1720 MSS.
1954 1677 2080 1724 Harl.

1193 1739 1277 1782 les.
1303 1736 1403 1780 edd.
1468 1744 1529 1779 ut.
1551 1736 1619 1780 M.
1643 1746 1683 1779 et
1701 1734 1761 1778 V.
1787 1732 1996 1777 Beroald.
2022 1736 2080 1787 (c.

1194 1795 1339 1839 silent.
1365 1793 1502 1850 Vict.)
1525 1792 1627 1836 Ale.
1693 1791 1863 1836 Eadem
1894 1791 2085 1836 varietas

1194 1852 1366 1911 saepius
1397 1851 1628 1896 invenitur
1659 1849 1706 1894 in
1736 1848 1826 1892 illis
1846 1848 1974 1893 libris
1996 1849 2084 1892 ori-

1195 1908 1435 1968 ginemque
1456 1908 1588 1952 traxit
1602 1924 1625 1951 e
1638 1905 1910 1962 compendio
1931 1909 1997 1949 ad
2017 1905 2087 1958 Is',

1197 1967 1320 2024 quod
1354 1973 1490 2009 exstat
1523 1966 1571 2009 in
1607 1965 1710 2020 eod.
1731 1962 1886 2008 Guetf.
1914 1971 1958 2008 et
1983 1964 2088 2006 for-

1195 2034 1309 2068 tasse
1334 2025 1518 2081 ponitur
1532 2039 1615 2080 pro
1637 2026 1704 2064 ad
1720 2025 1849 2067 haec.
1909 2021 1971 2066 ef.
1989 2029 2088 2066 not.

1195 2082 1251 2126 ad
1275 2082 1365 2124 An.
1392 2081 1459 2132 12,
1480 2081 1550 2123 20.
1584 2079 1652 2131 13,
1672 2079 1744 2123 34.
1777 2078 1845 2127 14,
1867 2078 1942 2123 24.

1255 2165 1595 2231 quinquagz'ttta
1617 2170 1807 2218 septem.
1865 2161 1942 2206 Sic
1954 2161 2089 2208 MSS.

1197 2225 1464 2325 {¹⁰¹‘·1‘3‘3{1²·
1487 2220 1610 2322 {252²ss
1631 2217 2089 2321 ⁶2ffd¹²3³·2‘‚?.'‘iz¹¹⁰.tz)

1201 2297 1465 2382 Iaff'Gron'.
1487 2352 1538 2395 sq
1571 2366 1581 2377 .
1611 2359 1668 2369 -
1718 2307 1808 2377 1152
1855 2334 1925 2378 ῙῙ.
2008 2307 2090 2378 88:

1567 2410 1627 2437 es.
1669 2390 1818 2436 Guelf.
1849 2390 1952 2436 edd.
1983 2390 2089 2437 Put.

1200 2453 1305 2498 Ber.
1329 2468 1426 2511 sqq.
1454 2451 1513 2495 ad
1530 2448 1774 2511 Ryckium.

1255 2537 1500 2592 praetoria
1533 2535 1749 2591 familia.
1837 2531 1914 2578 Sic
1953 2530 2091 2578 MSS.

1202 2596 1330 2639 Flor.
1356 2600 1473 2645 (test.
1504 2594 1592 2637 lac.
1620 2591 1791 2648 Gron.)
1817 2590 1932 2636 Bud.
1954 2589 2094 2638 Corb.

1204 2654 1276 2697 ed.
1303 2652 1423 2710 Spir.
1493 2651 1559 2692 lta
1588 2664 1694 2692 mox
1725 2664 1765 2693 c.
1787 2649 1859 2692 52.
1893 2648 2099 2703 equestri

1192 2711 1395 2768 fizmilz’a
1429 2717 1471 2751 et
1500 2706 1542 2759 4,
1577 2707 1643 2750 13.
1678 2707 1806 2760 regia
1834 2706 1995 2759 stirpe.
2037 2728 2097 2738 —

1208 2767 1308 2810 MS.
1341 2765 1491 2809 Guelf.
1526 2765 1627 2807 edd.
1658 2763 1763 2807 Put.
1797 2763 1899 2807 Ber.
1930 2765 1994 2818 (c.
2026 2761 2097 2805 sil.

1206 2825 1348 2877 Viet.)
1383 2821 1483 2866 Ale.
1521 2821 1664 2865 Rhen.
1692 2836 1791 2878 sqq.
1816 2836 1839 2864 e
1857 2821 2098 2874 praetoria

1194 2883 1402 2939 familia.
1460 2878 1538 2924 Sic
1571 2880 1659 2923 An.
1693 2878 1760 2930 12,
1785 2882 1824 2922 1.
1857 2890 1881 2920 e
1901 2876 2099 2933 familia

1210 2940 1257 2984 T
1251 2942 1534 2988 uberonum3
1581 2938 1647 2988 15,
1679 2936 1748 2980 22.
1782 2934 2006 2984 Cornelia
2037 2948 2100 2977 ex

1196 2997 1393 3054 familia
1430 2996 1698 3038 Cossorum.
1777 2992 1878 3037 Sed*
1899 2991 1947 3034 in
1978 2990 2101 3035 hisee

1210 3054 1324 3099 locis
1358 3052 1610 3111 quaeritur,
1666 3051 1787 3094 unde
1826 3048 1983 3106 aliquis
2023 3048 2100 3092 sit:

1210 3113 1258 3156 in
1279 3110 1366 3154 illis
1390 3109 1528 3159 locis,
1558 3108 1700 3167 qualis
1731 3108 1788 3151 sit
1815 3107 1883 3151 vel
1917 3121 2005 3163 qua
2036 3105 2100 3148 di·

1212 3170 1394 3227 gnitate,
1421 3184 1558 3224 eaque
1584 3167 1695 3209 ratio
1722 3162 2101 3223 praepositionem

1212 3225 1405 3283 respuit,
1438 3241 1549 3282 quae
1579 3223 1668 3266 hue
1687 3223 1811 3267 venit
1842 3236 1864 3262 e
1899 3219 2102 3277 sequenti

1212 3297 1343 3327 voce:
1380 3297 1405 3325 e
1422 3281 1770 3338 proscrzptis.—-
1798 3277 1906 3321 Mox
1920 3277 2102 3342 postin-

1202 3341 1359 3397 samis
1397 3339 1552 3397 puncti
1597 3347 1752 3381 notam
1799 3349 2008 3378 revocavl
2051 3349 2103 3376 ex

1215 3397 1315 3441 edd.
1337 3396 1438 3439 Put.
1460 3395 1668 3440 Beroald.
1691 3393 1792 3439 Alc.
1825 3391 1968 3434 Rhen.
1999 3390 2104 3434 Ald.

1215 3454 1332 3512 Lips.
1362 3454 1519 3512 prima.
1543 3477 1601 3486 —
1650 3451 1733 3495 Ed.
1751 3449 1868 3508 Spir.
1893 3447 1953 3491 ibi
2007 3448 2107 3492 tane

1217 3510 1828 3568 omittitinterpunctionem.
1861 3463 2034 3550 Eddffa'
2070 3520 2107 3549 s.

1218 3568 1506 3669 poffteriores,
1548 3566 1670 3611 Pieh.
1696 3581 1793 3624 sqq.
1817 3570 1993 3624 ponunt
2019 3577 2104 3609 vir·

1219 3644 1273 3684 gl!
1298 3642 1384 3669 am.
