2138 4030
390 345 581 419 ¹XIV.
622 343 954 410 'At‘Civilis
995 363 1129 426 post
1161 352 1382 410 malam
1419 354 1485 412 in
1522 354 1805 418 Treveris
1835 377 2096 436 pugnam

240 447 511 510 reparato
564 455 671 511 per
714 433 1098 494 Germaniam
1153 438 1428 496 exercitu-
1452 443 1610 516 apud
1652 442 1868 503 Vetera
1909 457 2095 504 castra

241 521 532 578 consedit:
587 531 747 578 tutus
782 522 945 590 loc0‚
1002 533 1059 579 et
1095 534 1163 580 ut
1201 525 1484 582 memoria
1522 546 1938 603 prosperarum
1971 530 2095 589 illic

240 626 447 679 rerum
482 617 856 680 augescerent
891 607 1284 665 barbarorum
1319 611 1520 671 animi.
1606 612 1856 671 Secutus
1881 627 1967 674 est
1994 636 2094 674 eo-

241 692 376 747 dem
407 689 682 762 Cerialis‚
738 692 1261 768 duplicatis'copiis
1283 694 1543 754 adventu
1565 701 1855 758 secundae
1880 712 1936 758 et
1965 721 2094 758 sex-

237 787 332 833 tae
371 788 426 842 et
465 777 998 853 quartaedecumae-
1023 778 1346 850 legionum.
1431 778 1814 861 cohortesque
1867 797 1925 843 et
1967 787 2094 844 alae

237 860 590 938 iampridem
620 861 834 918 accitae
861 874 996 937 post
1027 863 1335 920 victoriam
1371 882 1846 941 properaverant.
1931 870 2094 929 Neu-

237 957 328 1005 t'er
371 949 589 1004 ducum
634 958 957 1007 cunctator.
1045 950 1423 1006 sed‘arcehat
1461 952 1711 1015 latitudo
1750 976 2094 1030 camporum

237 1044 443 1107 suopte
477 1032 716 1105 ingenio
747 1028 1141 1090 humentium.
1226 1036 1534 1094 addiderat
1559 1037 1765 1096 Civilis
1789 1042 2094 1119 obliquam
2132 1102 2138 1106 ,

236 1117 304 1174 in
329 1114 613 1176 Rhenum
638 1118 859 1174 molem
879 1164 895 1188 ‚
940 1119 1107 1176 cuius
1131 1121 1364 1178 obiectu
1386 1124 1690 1180 revolutus
1711 1126 1902 1182 amnis
1929 1127 2094 1184 adia-'

234 1203 505 1260 centibus
545 1204 1089 1278 superfunderetur.
1178 1227 1243 1262 ea
1280 1207 1398 1263 loci
1430 1208 1620 1266 forma
1654 1210 1893 1270 incertis
1927 1213 2094 1268 vadis

234 1289 485 1345 subdola
511 1299 567 1345 et
593 1289 764 1345 nobis
790 1290 1051 1350 adversa.
1140 1292 1358 1366 quippe
1386 1294 1555 1349 miles
1575 1293 1889 1353 Romanus
1915 1298 2093 1354 armis

235 1374 429 1447 gravis
468 1385 526 1431 et
562 1375 749 1430 nandi.
784 1376 1063 1450 pavidus:
1131 1374 1464 1434 Germanos
1504 1379 1853 1439 fluminibus
1898 1394 2093 1440 suetos

232 1459 440 1517 levitas
465 1480 770 1517 armorum
794 1471 849 1517 et
870 1460 1191 1536 proceritas
1215 1475 1529 1538 corporum
1559 1467 1794 1527 attollit.
1904 1459 1906 1462 V

1705 278 1708 282 ·
1787 224 1842 306 ἐζ
1859 207 1912 305 ἕῑ
1929 223 2017 305 ’ξ’ΐῑ

399 1568 537 1631 XV.
581 1569 773 1647 Igitur
795 1572 1215 1629 lacessentibus
1231 1571 1469 1629 Batavis
1490 1575 1852 1632 ferocissimo
1879 1575 2092 1652 cuique

231 1669 576 1716 nostrorum
619 1669 894 1733 coeptum
933 1670 1242 1717 certamen.
1330 1658 1547 1715 deinde
1585 1672 1714 1717 orta
1760 1661 2092 1736 trepidati0‚

228 1764 366 1802 cum
386 1743 664 1819 praealtis
687 1744 1007 1818 paludibus
1038 1765 1228 1814 arma,
1281 1740 1850 1820 equi'haurirentur.
1879 1763 1888 1766 ”
1938 1743 2091 1802 Ger-

219 1828 391 1887 mani
423 1829 581 1886 notis
611 1828 780 1886 vadis
807 1831 1242 1905 persultabant,
1285 1830 1497 1886 omissa
1526 1832 1875 1908 plerumque
1898 1831 2093 1907 fronte

287 2032 400 2077 CAP.
440 2033 511 2077 14.
565 2039 674 2086 post
713 2023 899 2075 malam
934 2034 997 2081 vin
1041 2032 1123 2076 Tr.

218 2105 464 2191 Ραῗξείίιιζῗὲι
477 2089 673 2191 csglrfclzlp
662 2107 712 2190 ξι
717 2090 884 2191 α41ἰ1ῖς7έ.
897 2156 939 2191 et
953 2156 1124 2191 veteres

1197 2032 1310 2075 tium
1343 2033 1644 2090 relinquitur,
1675 2048 1766 2091 quo
1791 2033 1941 2077 deesse
1963 2049 2093 2078 voca·

1195 2090 1358 2133 bulum
1379 2091 1670 2149 significetur.

1253 2157 1541 2191 nostrorum.
1633 2149 1734 2194 MS.
1792 2147 1946 2195 Guelf.
2002 2165 2092 2193 no·-

224 2205 462 2250 editiones.
485 2233 546 2242 -
584 2204 757 2264 Lipsius
781 2207 931 2248 omisit
954 2213 1125 2254 castra,

226 2262 353 2323 quod
375 2262 571 2307 Pichena
597 2263 792 2306 restituit
824 2279 847 2307 e
871 2263 975 2307 cod.
999 2263 1128 2306 Flor.

227 2321 288 2368 cf.
308 2336 435 2379 supr.
458 2321 501 2369 4,
527 2320 594 2364 13.
616 2329 657 2364 et
678 2322 750 2362 21.

283 2385 599 2434 augescerent.
657 2378 742 2421 Ed.
766 2376 888 2435 Spir.
913 2393 1127 2434 augesce-

221 2445 403 2482 rentur.
463 2435 633 2483 Eadem
656 2444 758 2495 post
781 2444 968 2478 secutus
990 2435 1128 2492 negli-

225 2494 291 2553 git
319 2502 401 2537 est.
462 2493 631 2537 ibidem
669 2502 930 2537 constanter
965 2493 1128 2550 legitur

227 2551 435 2598 Cerealis
462 2567 544 2609 pro
571 2551 784 2596 Cerialis.

282 2613 518 2654 secundae
548 2617 797 2657 et1sextae
828 2617 873 2650 et
906 2617 1126 2665 quartae-

222 2668 468 2715 decuma'e.
560 2667 623 2710 Ita
683 2666 916 2711 Ernestius
973 2665 1125 2710 locum

225 2725 460 2769 constituit
485 2741 536 2768 ex
570 2725 884 2769 emendatione
909 2725 1127 2767 Merceri.

223 2781 364 2827 MSS.
377 2790 420 2824 et
435 2792 608 2826 veteres
622 2783 839 2825 editiones
859 2799 942 2841 pro
959 2789 1127 2828 sextae

224 2856 390 2900 habent
404 2843 548 2898 X’VI‘.
620 2853 680 2897 At
700 2853 811 2896 haec
835 2853 1010 2896 dudum
1041 2853 1126 2897 fuit

228 2929 333 2957 cum
358 2911 536 2956 Ceriali.
598 2912 803 2972 Sextatn
837 2926 887 2953 ex
911 2910 1122 2965 Hispania

223 2979 340 3016 tunc
359 2969 541 3013 missam
568 2969 758 3027 legimus
782 2984 906 3036 supr.
927 2970 969 3019 4,
991 2969 1061 3012 68.
1087 2977 1130 3012 et

224 3028 338 3072 infr.
372 3044 413 3071 c.
441 3027 507 3072 16.
538 3034 831 3072 recensentur
867 3044 911 3069 in
942 3025 1127 3070 Cerialis
1156 3062 1158 3066 ,

224 3085 419 3130 exercitu
455 3085 896 3141 quartadecumani,
924 3088 1129 3137 se-xtani,

224 3145 500 3189 secundani.

286 3203 584 3257 cohortesque
620 3208 665 3243 et
697 3203 821 3245 alae.
881 3199 981 3244 MS.
1016 3200 1127 3260 Reg.

226 3259 299 3306 ed.
325 3260 446 3317 Spir.
469 3261 770 3316 cohortesque
793 3261 1007 3314 alaeque.

283 3317 475 3360 incertis
505 3319 651 3361 vadis.
708 3318 794 3361 Ed.
824 3316 942 3375 Spir.
972 3319 1126 3360 incer-

225 3375 288 3419 tis
310 3375 496 3417 validis.

286 3431 401 3486 CAP.
427 3432 496 3476 15.
544 3429 860 3487 ferocissimo.
919 3433 1021 3477 Hoc
1041 3448 1127 3476 vo-

228 3489 442 3535 cabulum
465 3488 512 3532 iu
534 3489 635 3534 MS.
661 3490 807 3533 Vatic.
838 3490 964 3534 1863.
989 3499 1032 3534 et
1058 3490 1128 3535 ed.

224 3548 345 3607 Spir-
385 3563 479 3592 non
515 3546 692 3633 legitur.
767 3548 819 3592 ln
855 3546 997 3596 vatic.
1029 3564 1126 3607 spa-

1197 2212 1370 2247 strum.

1256 2278 1421 2314 orma,
1452 2265 1560 2318 equi
1578 2263 1901 2308 haurirentur.
1957 2263 2093 2307 MSS.

1201 2318 1353 2363 Guelf.
1378 2319 1500 2363 Harl.
1522 2319 1653 2363 Bodl.
1682 2320 1761 2363 les.
1783 2319 1882 2365 edd.
1897 2320 1999 2367 Put·
2014 2321 2093 2364 Be-

1196 2376 1343 2420 roald.
1375 2377 1496 2431 (cuni
1519 2377 1670 2422 silent.
1691 2376 1830 2433 Vict.)
1852 2380 1950 2436 sqq.
1978 2380 2097 2434 equi·

1199 2448 1299 2491 que.
1363 2434 1552 2478 Iacobus
1585 2435 1848 2479 Gronovius
1883 2436 2094 2494 copulam

1199 2508 1286 2550 que
1309 2492 1497 2542 delevit,
1530 2494 1633 2551 quia
1656 2509 1752 2536 eam
1776 2493 1822 2535 in
1847 2493 1949 2537 cod.
1969 2493 2096 2537 Flor-

1199 2566 1294 2594 non
1338 2551 1469 2595 vidit.
1552 2552 1654 2596 MS.
1695 2550 1812 2594 Bud.
1861 2552 1932 2594 ed.
1971 2549 2094 2609 Spir-

1198 2623 1334 2650 arme
1381 2608 1473 2663 qui.
1545 2609 1645 2653 MS.
1676 2608 1792 2665 Agr.
1834 2623 2092 2665 arenaque.

1195 2664 1260 2708 Ex
1287 2680 1372 2722 qua
1395 2667 1691 2725 corruptione
1722 2665 1826 2709 satis
1857 2673 1978 2724 patet
2009 2682 2095 2710 co-

1196 2722 1351 2780 pulam
1406 2738 1488 2779 que
1546 2739 1640 2767 non
1694 2739 1787 2767 esse
1862 2722 2094 2766 enuinam.

1195 2781 1288 2824 Pro
1309 2782 1617 2829 haurirentur
1635 2781 1678 2824 in
1701 2780 1804 2825 cod.
1829 2738 1954 2824 {lor⁴
1976 2782 2095 2836 (test.

1196 2838 1284 2883 Iac.
1320 2837 1551 2895 Gronov.)
1599 2839 1762 2897 legitur
1805 2837 2094 2883 aurirentur.

1195 2894 1427 2939 Victorius
1468 2895 1689 2940 intactum
1733 2894 1919 2957 reliquit
1958 2897 2094 2939 hui-i-

1197 2962 1387 3002 rentur,
1420 2956 1539 3011 quod
1564 2956 1610 2997 in
1635 2954 1702 2997 ed.
1731 2951 1938 2998 Beroald.
1961 2962 2094 2997 exstat

1200 3027 1222 3053 e
1257 3011 1422 3054 mendo
1457 3022 1638 3070 typogr.
1708 3011 1877 3056 Littera
1921 3013 1952 3053 h
1990 3019 2093 3054 ante

1197 3070 1466 3112 aurirentur
1487 3069 1618 3112 etiam
1641 3069 1687 3111 in
1710 3068 1813 3112 MS.
1826 3068 1976 3112 Guelf.
1999 3083 2092 3111 non

1199 3134 1266 3169 est
1300 3143 1381 3170 suo
1417 3128 1545 3181 loce,
1585 3125 1663 3170 sed
1693 3127 1897 3185 superius
1927 3124 2094 3170 addita.

1199 3184 1410 3227 Ceterum
1480 3199 1625 3227 arma
1691 3186 1863 3227 hausta
1931 3183 2094 3240 cogita,

1198 3244 1378 3298 quando
1413 3243 1539 3285 mites
1570 3242 1686 3287 inter
1720 3241 1861 3284 undas
1894 3239 2093 3298 trepidus

1198 3307 1240 3341 et
1272 3301 1409 3343 nandi
1442 3299 1626 3358 pavidus
1658 3314 1781 3342 arma
1814 3295 1990 3348 omisit,
2042 3306 2092 3341 ut

1197 3357 1252 3401 de
1275 3374 1355 3401 sua
1379 3358 1518 3401 salute
1547 3355 1778 3416 cogitaret.

1251 3432 1599 3486 persultabant.
1672 3427 1805 3487 MSS.
1839 3428 1950 3486 Reg.
1979 3428 2091 3529 ffb

1199 3489 1271 3533 ed.
1309 3489 1428 3547 Spir.
1471 3488 1775 3552 exultabant3
1849 3485 1957 3528 Mox
2047 3487 2093 3529 S.

1201 3546 1318 3593 Eud.
1355 3561 1439 3604 pro
1473 3548 1652 3592 amissa
1686 3544 1855 3589 exhibet
1888 3543 2088 3612 divorsa,

2088 3715 2113 3726 A
