2138 4030
1746 274 1803 315 A.
1816 275 1871 312 U.
1880 276 1966 313 823.

195 278 321 340 546
771 273 1466 338 HISTORIARUM
1742 317 1864 366 Aue,
1907 321 1969 358 τυ.

133 461 135 464 ⁴
189 430 356 484 murm
390 418 702 485 paternum
745 408 1020 464 clientem
1061 405 1222 463 iuxta
1263 403 1591 466 Velabrum
1639 409 1890 473 delituit.
1986 433 2052 473 ac

191 484 452 571 potiente
475 513 673 550 rerum
700 504 865 567 patre
893 491 1137 548 disiecto
1171 491 1390 549 aeditui
1427 494 1818 553 contubernio
1855 498 2053 556 modi-

192 601 324 636 cum
352 579 631 638 sacellum
661 573 840 634 IOVI
870 572 1528 636 CONSERVATORI
1553 599 1831 657 aramque
1854 583 2051 657 posuit

190 685 355 722 casus
381 683 517 720 suos
542 665 603 718 in
629 662 921 718 marmore
939 680 1284 735 expressam.
1325 682 1462 719 mox
1477 660 1792 739 imperium
1807 668 2051 742 adeptus

190 747 373 807 IOVI
397 744 760 808 CUSTODI
790 746 1076 820 templum
1096 745 1302 819 ingens
1321 766 1494 824 seque
1511 749 1576 804 in
1593 751 1726 808 sinu
1744 752 1843 808 dei
1857 771 2048 809 sacra-

187 835 290 892 vit.
378 833 636 893 Sabinus
673 843 729 888 et
753 826 984 887 Atticus
1018 831 1248 889 onerati
1285 833 1502 889 catenis
1544 846 1600 892 et
1633 836 1709 896 ad
1736 833 2048 894 Vitellium

187 921 352 978 ducti
383 937 757 996 nequaquam
794 917 1006 972 infesto
1049 935 1318 972 sermone
1346 917 1630 995 vultuque
1659 921 2049 996 excipiuntur,

186 1005 573 1062 frementibus
598 1002 702 1078 qui
730 1001 822 1058 ius
846 1001 1039 1057 caedis
1066 1012 1123 1057 et
1154 1001 1414 1076 praemia
1440 1017 1685 1063 navatae
1698 1026 1908 1080 operae
1942 1028 2047 1082 pe-

185 1093 406 1149 tebant.
463 1088 739 1146 Clamore
766 1108 798 1142 a
823 1086 1107 1161 proximis
1130 1098 1260 1143 orto
1287 1088 1523 1144 sordida
1540 1110 1675 1163 pars
1693 1091 1882 1166 plebis
1907 1112 2047 1167 sup-

114 1201 118 1215 1
183 1177 430 1253 plicium
470 1172 684 1230 Sabini
723 1172 1009 1246 exposcit,
1056 1172 1253 1228 minas
1295 1173 1779 1251 adulationesque
1827 1178 2047 1235 miscet.

183 1273 432 1319 stantem
465 1279 573 1334 pro
615 1257 894 1331 gradibus
930 1257 1137 1331 palatii
1163 1256 1477 1314 Vitellium
1511 1270 1568 1316 et
1602 1280 1800 1335 preces
1832 1281 2048 1336 paran-

183 1359 300 1405 tem
333 1344 662 1422 pervicere‚
704 1353 774 1400 ut
802 1335 1124 1402 absisteret.
1210 1353 1338 1400 tum
1367 1345 1702 1403 confossum
1734 1346 2047 1404 collacera-

181 1619 223 1648 e.
245 1601 318 1646 23.
350 1600 557 1658 ignorati
581 1629 647 1643 ...
669 1598 998 1650 abscidissem,
1033 1606 1076 1642 et

178 1660 286 1704 infr.
320 1662 362 1712 4,
389 1659 460 1702 36.
494 1658 587 1700 nisi
613 1656 775 1698 seruili
806 1657 966 1699 habitu
999 1686 1010 1699 .
1031 1687 1044 1699 .
1065 1688 1077 1700 .

179 1720 425 1773 ignoratus
450 1717 692 1758 euasi-sset.

230 1827 508 1874 paternum.
600 1814 685 1858 Ed.
726 1813 846 1874 Spir.
890 1823 1073 1858 mater-

177 1892 314 1921 num.

236 1993 291 2021 ac
313 1976 535 2032 potiente.
594 1973 696 2018 MS.
722 1971 875 2017 Guelf.
901 1988 957 2017 ao
983 1988 1071 2028 po-

178 2037 334 2101 lentis.

233 2133 462 2175 aramque
495 2117 652 2171 posuit
693 2128 832 2158 casus
871 2128 984 2157 suos
1023 2115 1072 2156 in

176 2191 415 2222 marmore
460 2188 752 2228 expressam.
827 2172 902 2215 Sic
933 2172 1070 2215 MSS.

162 2237 299 2281 'Floxu
321 2237 439 2289 (test.
461 2231 580 2277 Vict.
604 2246 707 2273 cum
735 2229 819 2272 Iac.
842 2227 1070 2284 Gronov.)

176 2291 438 2352 Agr.Corb.
458 2287 676 2346 ed.Spir.‚
707 2286 793 2329 nisi
820 2286 941 2344 quod
962 2285 1072 2352 haec

176 2349 346 2394 omittit
384 2362 497 2392 suos
549 2354 592 2389 et
633 2344 842 2402 copulam
888 2357 974 2399 que
1024 2359 1071 2385 m

175 2422 421 2462 aramque,
481 2404 708 2461 Recepere
732 2400 849 2444 hanc
869 2400 1068 2458 scriptu-

176 2482 276 2510 ram
295 2463 440 2521 Ryck.
466 2461 554 2506 lac.
566 2460 771 2504 Gronov.
794 2457 1070 2500 Lanemand.

137 2568 144 2577 s
174 2524 303 2568 Brot.
324 2521 512 2579 Bipont.
537 2546 596 2555 -
649 2530 878 2571 oramque
905 2515 1070 2569 posuit

173 2594 398 2636 casusque
437 2591 550 2620 suns
595 2577 644 2618 in
687 2587 929 2616 marmore
979 2587 1068 2614 ex-

110 2652 114 2655 ·
170 2639 341 2697 pressit
365 2635 469 2679 MS.
493 2632 645 2677 Guelf.
675 2631 824 2687 (etiam
841 2629 1069 2673 Oxonien-

175 2713 243 2742 ses
287 2694 415 2743 libri,
464 2700 513 2736 ut
559 2690 761 2739 videtur,
811 2703 1069 2747 quanquam

175 2751 405 2797 Broterius
438 2750 493 2794 de
527 2748 614 2791 illis
647 2749 781 2802 tacet)
823 2745 922 2787 edd.
961 2744 1068 2787 Put.

174 2813 244 2857 M.
268 2817 312 2851 et
325 2810 379 2852 V.
400 2805 610 2850 Beroald.
632 2821 730 2863 sqq.
755 2802 810 2845 ad
826 2800 1068 2860 Ryckium.

174 2893 228 2903 --
252 2865 354 2909 MS.
380 2865 498 2909 Bud.
521 2865 741 2918 expremit
774 2861 920 2914 (more
950 2859 1068 2914 libri)

173 2942 260 2986 pro
284 2923 534 2978 expressit.
604 2920 680 2965 An
709 2919 877 2961 ibidem
903 2917 957 2959 sit
986 2932 1067 2958 ca-

174 2997 365 3038 susque,
420 2977 672 3023 Oberlinus
713 2991 809 3019 non
850 2972 1066 3032 prodidit.

177 3043 276 3099 lpse
309 3038 473 3082 edidit:
514 3049 741 3091 casusque
771 3063 810 3076 ..
828 3063 839 3075 .
868 3045 1065 3085 expres-

175 3113 301 3144 sam.
380 3093 611 3136 Ernestius
650 3101 692 3135 et
723 3089 950 3133 Bekkerus
992 3103 1062 3130 ree

175 3156 298 3201 diere
320 3151 374 3194 ad
387 3148 623 3194 Puteolani
645 3148 930 3206 scripturam.
979 3144 1067 3188 Sed

175 3213 315 3258 codex
345 3207 633 3252 Florentiuus
663 3204 735 3248 hic
769 3203 944 3247 videtur
970 3202 1067 3246 sine

175 3271 276 3314 labe
299 3283 405 3310 esse.
463 3264 734 3316 Expressae
754 3261 990 3310 dicuntur,
1017 3267 1066 3301 ut

176 3327 317 3372 multa
340 3323 446 3371 alia,
487 3321 546 3362 ita
581 3329 624 3363 et
657 3319 792 3361 facies
823 3318 1064 3374 imagines-

175 3400 266 3445 que
300 3393 592 3440 quaecunque
635 3377 680 3418 in
716 3375 900 3427 tabulis,
940 3373 1069 3425 ceris,

174 3438 480 3487 marmoribus
513 3442 555 3476 et
587 3433 661 3477 tali
697 3433 879 3476 materia
909 3431 1069 3480 factae,

174 3500 266 3544 sive
295 3496 440 3555 pictae
470 3506 547 3535 seu
577 3491 790 3546 sculptae.
865 3488 927 3533 cf.
948 3487 1069 3531 Plin.

176 3573 248 3614 ep.
269 3556 310 3606 7,
329 3553 400 3597 23.
423 3551 551 3595 Nam
576 3547 620 3590 si
647 3561 745 3588 esse
772 3549 901 3589 nobis
931 3560 1068 3588 curae

176 3617 318 3662 solet,
357 3619 408 3653 αι
432 3609 584 3665 faeie-s
618 3612 785 3646 nostra
812 3607 871 3650 ab
894 3604 1068 3656 optimo

1147 1612 1324 1653 quoque
1373 1596 1550 1652 artifice
1603 1598 1906 1652 exprimatur
1945 1606 2038 1642 etc.

1147 1654 1266 1697 Tum
1312 1661 1354 1696 et
1405 1669 1632 1709 expressa
1685 1654 1900 1698 dicuntur
1949 1655 2041 1713 ipsa

1147 1712 1300 1770 signa,
1329 1718 1521 1763 statuae,
1553 1728 1677 1754 arma
1699 1712 1904 1769 lanaque,
1929 1728 2042 1770 quae

1146 1770 1288 1813 facies
1325 1778 1401 1812 aut
1434 1769 1652 1826 imagines
1682 1777 1758 1812 aut
1786 1768 1951 1813 litteras
1976 1785 2041 1813 re-

1145 1827 1315 1870 ferunt.
1401 1827 1460 1872 cs.
1494 1826 1644 1870 Valcr.
1684 1825 1832 1870 Flacc.
1870 1827 1908 1877 1,
1937 1827 2039 1870 491.

1146 1898 1370 1940 casusque
1426 1892 1531 1927 tuos
1578 1899 1803 1939 expressa
1846 1883 2044 1926 Phalere

1146 1956 1287 1984 arma
1330 1944 1454 1996 geris
1496 1940 1555 1995 (h.
1600 1957 1641 1984 e.
1681 1958 1804 1985 arma
1848 1951 1941 1985 arte
1982 1942 2042 1987 ita

1143 2000 1285 2050 facta,
1327 2007 1376 2041 ut
1409 1998 1687 2057 exprimant).
1761 1998 1879 2042 Plin.
1904 2015 1926 2041 e
1963 2031 1975 2042 .
1998 1997 2042 2048 3,

1143 2057 1188 2100 6.
1220 2057 1406 2110 signum
1453 2057 1741 2099 Corinthium
1789 2089 1802 2101 .
1825 2088 1837 2099 .
1864 2087 1876 2099 .
1897 2015 2042 2113 fcisti-

1143 2129 1254 2159 vum
1283 2121 1328 2155 et
1360 2129 1654 2168 expressum.
1712 2113 2040 2158 Accusativum

1143 2185 1275 2214 casus
1295 2186 1410 2213 suos
1428 2171 1520 2214 acci
1558 2187 1580 2212 e
1605 2169 1883 2214 Graecorum
1898 2186 2038 2221 ,more

1141 2229 1340 2286 positum
1430 2227 1489 2271 cs.
1565 2227 1794 2270 anishorn.
1826 2227 2034 2271 Gramm.

1140 2290 1168 2340 §
1202 2285 1298 2329 132.
1330 2287 1401 2336 4.,
1441 2284 1516 2342 qui
1552 2285 1674 2328 hune
1705 2285 1850 2342 ipsum
1888 2284 2033 2328 Taciti

1142 2343 1297 2386 locum
1338 2358 1420 2401 pro
1467 2342 1666 2399 exemplo
1709 2341 1869 2385 adfert.
1946 2343 2034 2385 lam

1141 2416 1246 2443 vero
1276 2399 1535 2442 Ernestium
1580 2400 1863 2442 offenderunt
1903 2399 2035 2442 verba

1139 2458 1188 2500 in
1215 2471 1490 2508 marmore,
1521 2471 1636 2515 quae
1664 2456 1748 2515 ipsi
1777 2455 1940 2522 frigere
1965 2456 2032 2499 vi-

1141 2515 1380 2558 debantur.
1411 2511 1413 2529 ²
1444 2513 1536 2571 Ego
1560 2513 1603 2556 id
1629 2529 1723 2557 non
1747 2522 1918 2564 sentio,
1951 2529 2036 2558 nec

1143 2572 1304 2623 video,
1333 2571 1439 2629 quid
1465 2571 1540 2615 hic
1565 2570 1727 2628 frigere
1750 2579 1826 2615 aut
1855 2570 2035 2617 fervere

1143 2630 1299 2687 possit.
1361 2629 1551 2672 Materia
1583 2628 1831 2680 indicatur,
1865 2644 1914 2671 ex
1945 2643 2034 2685 qua

1142 2703 1255 2744 opus
1297 2686 1408 2729 illud
1450 2685 1620 2729 factum
1663 2692 1746 2728 est.
1828 2685 2034 2743 Signum,

1141 2751 1283 2786 statua
1323 2743 1391 2788 vel
1429 2743 1514 2785 tale
1549 2742 1654 2800 quid
1692 2742 1953 2798 exprimitur
1986 2742 2035 2786 in

1140 2817 1390 2851 marmore,
1419 2815 1521 2843 aere
1547 2799 1616 2844 vel
1639 2800 1685 2843 in
1710 2799 1795 2843 alia
1821 2800 2030 2847 numeria:

1139 2857 1228 2900 hoc
1249 2858 1354 2901 satis
1377 2866 1498 2901 reete
1521 2857 1701 2902 dicitur.

1196 2965 1406 3000 navatae
1451 2972 1640 3012 operae.
1729 2956 1864 3002 mss,
1897 2931 2027 3004 3031.

1139 3016 1182 3070 (a
1208 3031 1296 3058 sec.
1320 3019 1477 3071 manu)
1508 3014 1626 3058 Bud.
1654 3014 1694 3058 A
1726 3030 1763 3056 r.
1792 3015 1861 3058 ed.
1886 3014 2028 3074 Ryck.

1137 3081 1394 3121 mutuatae,
1435 3072 1558 3129 quod
1590 3072 1676 3116 iam
1697 3031 1913 3116 ithenano
1939 3073 2028 3131 pla-

1116 3139 1314 3177 ‚cuer-<m
1373 3130 1474 3174 MS.
1504 3129 1642 3175 Corb.
1671 3137 1942 3174 euacuaeae.

1197 3247 1229 3272 a
1249 3230 1504 3285 proximis.
1562 3229 1663 3274 MS.
1679 3227 1798 3274 Bud.
1820 3229 1890 3273 ed.
1913 3229 2027 3288 Spir.

1139 3287 1373 3346 negligunt
1397 3287 1771 3347 praepositionem
1797 3304 1846 3332 u.

1939 3385 2023 3430 Ed.

1193 3389 1429 3442 pervicere
1443 3420 1455 3438 ‚
1505 3394 1556 3428 ut
1596 3386 1850 3430 absisteret.

1140 3445 1258 3503 Spir.
1281 3447 1550 3500 pervincere
1571 3451 1622 3485 ut
1643 3445 1936 3486 absisterent.

1199 3553 1297 3586 tum
1341 3545 1621 3598 confossum.
1712 3542 1848 3587 MSS.
1884 3544 2022 3589 Corb.

1140 3607 1254 3659 Agr.
1279 3602 1345 3646 cd.
1370 3602 1489 3660 Spir.
1511 3610 1615 3644 tunc
1636 3602 1915 3657 corfiifflm.

2091 3605 2126 3628 l..
