2138 4030
24 1654 27 1660 ·
102 1633 250 1675 otium
277 1638 322 1674 et
344 1631 488 1686 finem
511 1630 828 1673 miseriarum.

103 1691 270 1733 chena:
301 1689 350 1731 in
375 1695 443 1730 tot
462 1690 600 1730 malis
621 1689 757 1729 hodie
779 1693 829 1728 ut
835 1686 1009 1746 finem«

35 1770 39 1772 -
104 1756 188 1790 etc.

657 183 826 249 LIB.
866 187 966 248 lv.

185 184 238 222 A.
256 184 306 220 U.
319 184 404 219 824.

183 230 236 265 A.
255 227 302 263 C.
349 229 406 264 71.

1046 184 1244 249 CAP.
1273 140 1386 248 fia
1815 187 1941 250 443

105 319 304 391 „tium
350 316 578 393 parari,
635 315 828 374 libens
865 317 1042 375 audio
1056 339 1078 374 ετ
1133 326 1499 392 montemque
1539 316 1604 372 in
1645 329 1735 375 tot·
1766 312 1942 382 malis

104 398 193 477 ,ᾗ
232 401 533 470 hostium,
559 411 627 457 ut
662 401 840 456 finem
871 403 1240 458 miseriarum
1265 412 1546 474 exspecto.

1630 403 1808 459 vestri
1845 424 1940 460 me

100 491 330 564 „pudet
353 487 730 561 miseretque,
770 488 1047 543 adversus
1072 505 1219 563 quos
1244 505 1368 541 non
1394 486 1682 559 proelium
1710 500 1766 545 et
1790 489 1943 550 acies

100 585 455 649 „parantum
511 572 574 627 id
604 570 762 626 enim
798 572 886 626 fas
927 591 1228 628 armorum
1263 581 1319 627 et
1353 569 1445 625 ius
1484 564 1769 628 hostium:
1813 573 1943 631 hel-

98 670 133 732 3,
143 659 268 715 lum
291 677 425 716 cum
451 657 672 731 populo
697 653 971 712 Romano
995 657 1202 713 vestris
1241 674 1300 711 se
1337 653 1610 717 manibus
1647 668 1945 728 gesturum

100 742 438 815 „Classicus
473 752 664 816 sperat
698 741 1129 816 imperiumque
1170 753 1227 798 et
1260 749 1685 813 sacramentum
1718 739 1947 802 Gallia-

102 849 283 902 „rum
319 837 587 886 ostentat.

672 820 840 881 Adeo
874 845 983 881 nos
996 871 1014 894 ‚

1055 826 1106 880 si
1138 827 1377 882 fortuna
1419 823 1492 879 inv
1519 817 1791 898 praesens
1825 827 1948 883 vir-

105 920 358 990 {susque
401 911 685 979 deseruit,
729 910 902 966 etiam
937 921 1132 966 vetera
1161 910 1423 983 exempla
1447 908 1756 977 deficiunt,
1797 932 1948 986 quo-

101 1000 302 1071 „tiens
321 997 629 1057 Romanae
654 995 912 1068 legiones
941 995 1134 1070 perire
1168 993 1672 1070 praeoptaverint,
1712 1014 1788 1050 ne
1819 996 1949 1052 loco

158 1232 204 1273 in
244 1237 316 1272 tot
347 1230 484 1273 malis
513 1229 542 1259 *
568 1229 790 1272 hostium.
865 1226 988 1270 Haec

101 1290 238 1333 verba
259 1296 363 1330 sunt
383 1287 433 1328 in
455 1286 685 1330 codicibus
698 1286 834 1330 MSS.
853 1294 896 1328 et
917 1299 987 1326 ve-

101 1346 269 1389 teribus
283 1345 569 1388 editionibus.
613 1344 822 1386 Plurimis
840 1351 987 1385 tamen

100 1403 416 1460 interpretibus
441 1418 528 1444 vox
549 1403 751 1443 hostium
777 1407 989 1455 corrupta

103 1469 168 1504 est
196 1462 304 1505 visa.
366 1459 519 1512 Quare
552 1458 723 1515 Lipsius
765 1456 988 1500 coniecit:

98 1526 293 1573 portum
315 1524 360 1559 et
367 1516 545 1572 finem,
577 1515 670 1559 vel:
703 1516 752 1556 in
778 1521 849 1556 tot
879 1529 988 1555 ma·-

100 1577 450 1626 lishonestam.
528 1574 561 1615 Ι.
599 1573 676 1616 Fr.
711 1571 990 1670 Gronovilgis:

947 1644 989 1669 ι..

270 1744 514 1788 Trillerus:
565 1746 736 1786 ostium
765 1750 809 1784 et
828 1745 993 1799 finem,

103 1813 151 1846 ut
184 1805 244 1847 ita
275 1818 398 1846 mors
430 1802 595 1845 ostium
627 1801 720 1846 sive
749 1801 880 1843 ianua
904 1799 991 1842 mi-

103 1861 318 1905 seriarum
347 1859 535 1902 dicatur.
606 1858 741 1900 Hunc
764 1857 994 1900 Ernestius

103 1921 217 1963 bene
240 1918 451 1962 refutavit
476 1916 684 1959 docendo
708 1917 879 1957 ostium
902 1917 993 1956 mi-

101 1979 340 2019 seriarum
385 1974 532 2032 potius
581 1988 674 2016 esse
725 1972 895 2015 aditum
939 1972 993 2014 ad

104 2032 304 2082 miserias
338 2047 471 2090 quam
505 2029 686 2073 exitum.
776 2028 993 2073 Colerus:

104 2095 152 2134 in
180 2099 250 2133 tot
284 2090 499 2132 manibus
529 2087 742 2130 hostium.
816 2086 992 2144 Bipon-

104 2148 207 2191 tini1
236 2163 320 2204 pro
368 2148 574 2188 hostium
618 2144 778 2189 volunt
831 2151 994 2185 extre-

105 2220 256 2248 mum.
345 2201 593 2246 Oberlinus
646 2200 816 2258 recepit
858 2199 994 2258 Lipsii

105 2263 438 2308 coniecturam:
480 2262 748 2309 honestam,
789 2273 900 2313 quae
933 2265 994 2299 ta-

104 2335 210 2364 men
245 2317 373 2361 nihili
403 2332 496 2360 esse
533 2315 728 2362 videtur.
786 2314 901 2357 Nam
939 2315 996 2356 de

104 2378 334 2421 honestate
355 2374 428 2418 hic
453 2373 583 2431 plane
617 2388 707 2415 non
741 2380 807 2414 est
830 2387 995 2419 sermo,

106 2450 192 2478 nec
221 2441 426 2490 apparet,
467 2446 548 2473 cur
578 2446 705 2479 mors
727 2428 774 2470 in
807 2436 874 2471 tot
905 2444 996 2469 ma-

107 2491 162 2534 lis
185 2497 362 2546 accepta
385 2489 560 2531 dicatur
587 2486 789 2530 honesta.
850 2484 996 2527 lmmo

106 2564 204 2605 cap.
238 2546 310 2589 59.
345 2545 530 2589 eandem
548 2544 883 2599 foedissimam
915 2541 995 2584 ha-

106 2606 244 2649 bitam
264 2604 475 2662 legemus.
538 2600 664 2644 Mala
681 2599 837 2643 saltem
859 2596 997 2643 morti

106 2663 169 2706 nil
193 2661 364 2705 addunt
391 2659 648 2702 honestatis.
710 2656 998 2699 Gutmannus

108 2717 402 2777 adplaudente
455 2713 701 2758 Ricklefsio
769 2713 998 2757 emendat:

108 2779 157 2820 in
189 2783 258 2818 tot
291 2776 433 2817 malis
464 2788 560 2815 non
594 2777 862 2814 maestam.-
915 2769 999 2812 Vix

109 2832 245 2877 credo
271 2832 404 2875 verba
425 2845 516 2871 non
541 2837 773 2871 maestam
799 2830 858 2871 ita
879 2826 1001 2870 abire

109 2889 307 2950 potuisse
335 2888 383 2931 in
417 2888 646 2934 hostium,
687 2896 733 2928 ut
765 2902 823 2928 ne
858 2883 999 2928 vesti-

111 2948 233 3006 gium
272 2944 455 3005 quidem
498 2943 715 2999 genuinae
753 2943 1001 3000 scripturae

110 3007 158 3047 in
202 3004 430 3047 veteribus
481 2999 606 3043 libris
655 2999 999 3057 relinqueretur.

110 3060 341 3104 Broterius
373 3074 478 3102 cum
505 3056 665 3100 Hu‘etio
699 3055 747 3099 in
780 3055 1000 3098 vocabulo

111 3120 311 3162 hostium
345 3115 610 3182 acquiescit,
664 3121 714 3155 ut
747 3116 878 3155 mala
912 3115 1002 3154 ho-

51 3225 55 3228 (
111 3178 254 3218 stium
286 3172 591 3230 intelligantur
626 3170 738 3213 mala
772 3185 822 3213 ex
858 3169 1001 3212 hosti-

112 3234 197 3276 bus
228 3231 524 3274 imminentia.
593 3226 822 3270 Ernestius
849 3225 1005 3270 obiicit

114 3289 227 3332 mala
250 3286 448 3330 Voculae
479 3301 571 3329 non
602 3284 740 3327 modo
775 3285 829 3326 ab
861 3283 1005 3329 hosti-

112 3348 221 3397 bus,
253 3343 385 3388 etiam
409 3358 433 3384 a
456 3342 547 3387 suis
565 3342 715 3384 fuisse.
771 3340 827 3383 Ni
852 3341 1005 3383 onmia

115 3419 188 3446 me
230 3401 415 3461 fallpnt,
474 3399 583 3442 olim
630 3399 846 3456 scriptum
898 3396 1003 3440 fuit:

117 3466 317 3502 mortem
374 3459 423 3501 in
476 3463 543 3498 tot
583 3455 724 3498 malis
767 3457 1005 3498 haustam.

117 3516 196 3563 Sic
233 3514 354 3573 virg.
389 3515 504 3558 Aen.
544 3514 588 3562 4.
617 3512 716 3555 382.
753 3528 817 3570 sq.
856 3513 1007 3566 Spero

1059 1226 1271 1282 equidem
1304 1227 1492 1276 mediis,
1537 1226 1581 1268 si
1612 1227 1723 1283 quid
1746 1229 1829 1282 pia
1855 1242 1950 1275 nu-

1057 1287 1188 1326 mina
1207 1293 1418 1338 possunt,
1456 1283 1768 1339 Supplicia
1801 1286 1950 1326 hau-

1056 1357 1260 1385 surum
1298 1343 1496 1395 scopulis
1531 1348 1575 1382 et
1607 1344 1792 1386 nomine
1824 1342 1950 1385 Dido

1057 1398 1208 1453 Saepe
1238 1406 1527 1441 vocaturum.
1597 1398 1751 1442 Simile
1771 1394 1835 1442 est.
1869 1402 1950 1442 lu·

1058 1464 1181 1498 ctum
1215 1458 1405 1498 haurire
1438 1454 1554 1513 apud
1581 1456 1674 1499 Cic.
1707 1473 1790 1514 pro
1824 1457 1944 1504 Sext.

1060 1529 1102 1556 c.
1126 1515 1196 1556 29.
1275 1514 1399 1556 Idem
1442 1528 1524 1570 pro
1565 1512 1686 1557 dom.
1722 1530 1763 1558 c.
1792 1515 1951 1568 11,'3o.

1060 1570 1195 1613 Tusc.
1229 1579 1398 1628 quaest.
1435 1576 1473 1621 1,
1497 1570 1569 1619 35,
1597 1570 1665 1615 86.
1701 1575 1949 1615 calamita-

1061 1636 1153 1671 tem
1181 1631 1386 1671 haurire.
1622 1653 1625 1655 —
1682 1650 1683 1660 2

1121 1728 1197 1755 me
1225 1715 1382 1768 pudet.
1452 1711 1555 1756 MS.
1586 1711 1741 1756 Guelf.
1773 1726 1835 1755 ne
1862 1728 1952 1768 pu-

1065 1771 1157 1813 dec.

1122 1881 1214 1908 non
1241 1867 1485 1919 proelium.

1063 1926 1310 1978 proelium.
1328 1943 1339 1947 ·

1557 1865 1643 1910 Ed.
1674 1865 1796 1926 Spir.
1833 1868 1956 1911 nunc

1050 2019 1061 2025 i
1120 2020 1196 2063 ius
1227 2021 1450 2063 hostium.
1511 2020 1647 2064 MSS.
1671 2020 1797 2064 Flor.
1829 2022 1956 2078 (teste

1064 2076 1274 2133 Pichena)
1292 2078 1404 2122 Bud.
1420 2078 1528 2135 Agr.
1550 2086 1591 2120 et
1614 2078 1750 2120 editio
1766 2077 1956 2123 Bekkeri

1065 2135 1234 2179 addunt
1265 2143 1357 2186 est,
1399 2136 1519 2193 quod
1553 2135 1776 2179 omittitur
1810 2137 1856 2180 in
1888 2155 1958 2182 ce·

1065 2192 1172 2234 teris
1192 2192 1317 2235 libris
1337 2209 1442 2236 cum
1456 2192 1649 2236 *silentio
1673 2193 1881 2237 Victorii.

1123 2291 1243 2330 adeo
1271 2303 1374 2332 nos.
1433 2288 1570 2333 MSS.
1596 2289 1706 2348 Agr.
1729 2288 1855 2338 Harl.
1883 2290 1954 2334 ed.

1067 2344 1212 2404 Ryek.
1253 2350 1373 2388 adeo
1407 2361 1515 2397 vos,
1568 2346 1703 2405 idque
1743 2347 1959 2404 postulari

1068 2404 1126 2445 ob
1181 2404 1399 2447 commoti
1452 2405 1817 2461 obiurgantisque
1862 2421 1959 2448 ora-

1011 2474 1022 2489 ·
1067 2460 1239 2502 tionem
1275 2461 1417 2504 et'ob
1463 2462 1770 2518 praecedentia
1820 2464 1964 2510 vestri

1069 2533 1145 2559 me
1163 2521 1307 2573 pudet
1330 2525 1415 2562 etc.
1440 2518 1613 2561 censuit
1634 2517 1852 2575 Ryckius.
1900 2519 1962 2564 At

1069 2573 1342 2620 vocabulum
1375 2589 1462 2617 nos
1498 2591 1590 2617 non
1626 2572 1848 2633 significat
1869 2577 1960 2626 Vo-

1070 2632 1216 2675 culam
1253 2632 1438 2690 eiusque
1471 2633 1740 2684 exercitum,
1772 2633 1960 2677 sed1Ro-

1070 2704 1228 2732 manos
1259 2688 1304 2730 in
1333 2691 1609 2734 universum.
1632 2714 1690 2723 —
1744 2689 1960 2734 Ceterum

1070 2746 1168 2797 edd.
1203 2746 1320 2802 Spir.
1355 2747 1456 2802 Put.
1492 2746 1560 2788 M.
1593 2755 1635 2789 et
1659 2747 1717 2790 V..
1750 2748 1960 2799 Beroald.

1071 2802 1233 2846 Alciat.
1262 2804 1438 2862 signum
1473 2803 1836 2863 interrogationis
1873 2822 1960 2864 poz-

1072 2869 1188 2903 nunt
1227 2861 1328 2918 post
1368 2857 1615 2917 deficiunt;
1669 2860 1768 2906 MS.
1805 2852 1959 2919 Guelf.

1072 2933 1182 2960 vero
1224 2926 1267 2959 et
1311 2918 1411 2960 edd.
1455 2917 1598 2960 Rhen.
1637 2917 1744 2961 Ald.
1779 2919 1961 2979 Micylt.

1073 2975 1190 3031 Lips.
1226 2974 1269 3017 id
1294 2973 1522 3018 collocant
1545 2983 1644 3033 post
1657 2979 1961 3032 pellerentur.

1072 3031 1264 3074 Pichena
1296 3033 1460 3090 abegit.

1474 3115 1575 3160 MS.
1625 3116 1743 3160 Bud.
1795 3118 1970 3161 omittit

1074 3172 1221 3214 virtus
1272 3180 1530 3216 remanente
1570 3173 1732 3232 copula
1772 3190 1873 3231 que.
1903 3202 1963 3211 --

1075 3228 1187 3271 Mox
1207 3228 1308 3271 MS.
1331 3227 1480 3273 Guelf.
1507 3238 1550 3272 ee
1571 3246 1654 3288 pro
1679 3233 1850 3285 etiam5
1887 3233 1959 3277 ed.

1076 3285 1193 3344 Spir.
1216 3285 1341 3341 acies
1363 3301 1446 3344 pro
1467 3287 1682 3342 legiones.
1940 3285 1941 3288 ¹

1131 3114 1385 3170 virtusque.

1129 3397 1532 3460 praeoptaverint.
1580 3396 1811 3442 Editiones
1824 3399 1960 3458 Lipsii

1079 3460 1350 3518 posteriores
1375 3461 1801 3509 praeoptaverunt,
1852 3473 1964 3517 pully

1080 3519 1156 3553 cto
1178 3517 1326 3568 posito
1346 3519 1448 3570 post
1468 3512 1699 3569 deficiunt.
