2138 4030
1758 280 1992 363 22-2323321

192 289 302 353 ,60
349 284 386 337 .’
792 279 1506 345 H'ISTORIARUM
1563 227 1574 237 ¹

219 415 629 488 „cunctationi
664 416 828 485 locus
865 425 951 471 est
983 414 1049 469 in
1086 434 1154 469 eo
1193 412 1473 481 consiliu,
1528 413 1688 489 quod
1723 429 1848 472 non
1881 416 2072 493 potest

218 502 502 575 „laudari
535 500 652 558 nisi
687 510 1009 576 peractum.
1025 497 1052 517 ”
1135 492 1387 572 Aperire
1425 496 1642 554 deinde
1677 514 2069 560 armamenta-
2097 566 2107 573 ‚

213 589 375 645 rium
410 587 595 646 iussit.
681 582 848 660 rap'ta
886 582 1080 639 statim
1115 602 1278 638 arma
1309 583 1434 638 sine
1457 584 1622 639 more
1645 596 1702 641 et
1723 586 1937 644 ordine
1950 588 2067 644 mi-

218 673 408 742 litiae,
466 683 534 729 ut
566 670 974 746 praetorianus
1018 678 1119 723 aut
1162 667 1522 740 legionarius
1568 667 1901 743 insignibus
1948 673 2068 730 suis

216 758 699 832 distingueretur:
761 754 1083 809 miscentur
1123 752 1509 809 auxiliaribus
1545 754 1724 827 galeis
1759 757 2066 835 scutisque.
2127 759 2133 768 ”

215 844 380 901 nullo
419 843 800 900 tribunorum
835 837 1322 907 centurionumve
1358 834 1709 905 adhortante
1749 841 1862 898 sibi
1905 843 2067 918 quis-

219 950 334 1007 que
358 930 477 985 dux
502 939 558 984 et
577 924 916 997 instigator,
960 934 1017 979 et
1035 922 1415 998 praecipuum
1445 915 1832 999 pessimorum
1858 927 2068 986 incita-

213 1026 481 1072 mentum
499 1059 515 1083 ,
558 1011 718 1088 quod
746 1007 894 1065 boni
917 1008 1278 1067 maerebant.

248 1195 251 1204 1
381 1120 668 1182 XXXIX.
713 1119 839 1176 Iam
874 1119 1180 1176 exterritus
1206 1118 1343 1175 Piso
1379 1119 1618 1177 fremitu
1653 1123 2075 1183 crebrescentis

215 1209 524 1268 seditionis
550 1219 607 1264 et
627 1205 874 1262 vocibus
895 1205 959 1260 in
983 1205 1190 1260 urbem
1217 1224 1403 1281 usque
1429 1206 1842 1266 resonantibus
1875 1230 2068 1285 egres—

215 1317 345 1354 sum
370 1292 612 1368 interim
636 1289 892 1347 Galbam
920 1300 975 1345 et
1000 1289 1130 1346 foro
1161 1290 2070 1367 adpropinquantemadsecutus

214 1392 362 1437 erat:
417 1379 534 1435 iam
560 1376 793 1434 Marius
817 1373 1024 1432 Celsus
1047 1370 1209 1431 haud
1235 1375 1386 1431 laeta
1411 1376 1745 1448 rettulerat,
1800 1400 1935 1437 cum
1965 1381 2067 1438 alii

213 1467 280 1522 in
330 1464 616 1541 palatium
669 1462 892 1530 redire,
957 1460 1060 1516 alii
1103 1457 1466 1536 Capitolium
1515 1472 1741 1537 petere,
1800 1457 2071 1544 plerique

212 1563 403 1608 rostra
458 1548 797 1623 occupanda
844 1556 1175 1615 censerent,
1237 1546 1439 1620 plures
1485 1557 1717 1604 tantum
1768 1548 2069 1608 sententiis

213 1637 469 1693 aliorum
496 1633 992 1700 contradicerent,
1033 1642 1216 1707 utque
1245 1631 1439 1687 evenit
1475 1631 1541 1687 in
1576 1634 1838 1692 consiliis
1869 1635 2070 1693 infeli-

213 1723 405 1790 cibus,
492 1719 714 1794 optima
769 1717 1118 1772 viderentur
1173 1722 1429 1792 quorum
1485 1728 1715 1793 tempus
1771 1720 2070 1796 effugerat.

213 1807 478 1882 Agitasse
505 1803 663 1861 Laco
693 1804 898 1876 ignaro
926 1798 1121 1857 Galba
1160 1802 1231 1857 de
1261 1801 1583 1858 occidendo
1611 1802 1685 1864 T.
1707 1802 1891 1863 Vinio
1921 1807 2071 1864 dici-

212 1892 363 1973 tur,=
404 1891 525 1948 sive
571 1901 639 1947 ut
683 1907 876 1965 poena
925 1885 1049 1944 eius
1087 1886 1318 1944 animos
1350 1887 1616 1949 militum
1648 1890 1931 1950 mulceret
1967 1912 2068 1951 seu

1182 2116 1320 2159 modo
1357 2118 1554 2162 armatis.
1622 2119 1702 2164 Ed.
1736 2118 1856 2178 spir.
1898 2131 1940 2165 et
1972 2122 2069 2167 Ms-
2111 2113 2116 2117 ’

1180 2174 1290 2231 Agr.
1324 2177 1659 2220 auxiliatoriis.
1728 2178 1776 2220 lu
1816 2178 1918 2222 MS.
1956 2179 2072 2224 Bud.

1182 2231 1304 2275 deest
1327 2248 1430 2277 voc.
1458 2234 1626 2287 galeis.

1241 2303 1531 2346 maerebant.
1631 2302 1708 2347 Sic
1780 2305 1882 2349 edd.
1951 2306 2070 2365 Lips-

1182 2375 1279 2416 sqq.
1303 2383 1357 2392 —
1387 2362 1659 2404 moerebant
1681 2362 1781 2406 edd.
1798 2362 1913 2420 Spir.
1931 2363 2073 2406 Rhen.

1181 2417 1290 2460 Ald.
1334 2440 1392 2449 -
1459 2419 1700 2461 merebant
1731 2420 1830 2463 edd.
1866 2420 1970 2464 Put.
2000 2421 2069 2463 M.

1182 2482 1225 2517 et
1246 2473 1301 2518 V.
1330 2475 1429 2518 Ber.
1467 2477 1588 2530 (curn
1621 2476 1689 2520 sil.
1715 2477 1854 2534 vict.)
1879 2479 1979 2524 Alc.
2013 2501 2070 2512 -—

210 2124 327 2168 Bud.
362 2125 448 2167 hoc
479 2123 659 2173 solum,
696 2135 798 2162 cum
830 2119 1016 2174 signum
1041 2133 1106 2159 m.

211 2181 462 2236 acceperit,
493 2181 577 2223 erit
604 2187 862 2222 certamen.

268 2265 566 2315 cunctationi.
655 2261 733 2306 Sic
776 2258 911 2303 MSS.
955 2258 1108 2302 Guelf.

210 2323 328 2366 Bud.
371 2321 471 2365 edd.
512 2321 614 2363 Put.
660 2318 962 2374 (cantationi)
1006 2316 1109 2359 Ber.

217 2380 481 2434 (enotatiom'
511 2395 616 2422 cum
650 2377 798 2421 silent.
828 2374 966 2428 vict.)
1006 2374 1106 2416 Alc.

168 2480 175 2497 x
211 2438 357 2482 Rhen.
380 2452 478 2494 sqq.
539 2437 602 2479 At
621 2433 820 2493 Ryckius
850 2441 1037 2476 testatur
1063 2431 1108 2473 in

213 2495 350 2539 MSS.
374 2493 500 2537 Flor.
533 2503 575 2536 ‹·t
599 2493 710 2548 Agr,
738 2507 830 2533 esse
854 2489 1109 2532 cunctatio-

212 2554 312 2602 nis,
353 2550 476 2610 quod
500 2567 593 2593 non
617 2550 826 2592 abhorret
850 2547 903 2589 ab
929 2563 1010 2590 usu
1044 2545 1111 2589 la-

213 2611 421 2658 tinitatis,
452 2618 494 2652 et
518 2607 581 2651 sie
602 2607 731 2651 habet
754 2606 884 2649 etiam
907 2603 1108 2660 ed.>Spii·.

213 2667 379 2710 Eadem
406 2683 507 2709 mox
530 2674 632 2708 ante
656 2680 749 2707 non
765 2671 919 2719 potest
942 2661 1108 2704 omittit

216 2727 338 2781 quod
352 2756 363 2772 ‚
403 2724 564 2780 datque
585 2723 692 2765 inde
713 2737 797 2780 pro
819 2722 987 2762 deinde
1010 2728 1110 2776 post

214 2784 424 2836 aperire,
458 2789 500 2822 et
528 2781 654 2834 rapit
684 2795 768 2838 pro
799 2785 959 2833 rapta.
1018 2775 1109 2818 Pro

216 2840 396 2894 aperire
410 2836 602 2880 Pichena
626 2836 910 2879 suadentibus
923 2834 1004 2876 lMu
1012 2842 1108 2875 reto

217 2905 262 2939 et
284 2894 486 2938 Acidalio
522 2895 717 2936 ediderat
741 2893 942 2948 aperiri,
987 2891 1110 2949 quod

218 2953 393 2996 duravit
431 2967 570 3009 usque
614 2952 667 2994 ad
702 2950 954 2993 Ernestium
970 2980 982 2997 ,
1035 2948 1111 3004 qui

219 3019 346 3055 vetus
366 3007 572 3052 restituit.
631 3009 729 3051 MS.
748 3006 902 3049 Guels.
925 3006 1112 3061 aperire

215 3070 381 3115 deinde
401 3066 533 3110 iussit
555 3066 999 3107 armamentarium.

275 3151 526 3193 miscentur
575 3149 722 3190 auxil.
777 3164 820 3203 g.
869 3147 1108 3202 scutisque.

221 3209 370 3266 Vulgo
391 3206 772 3263 interpretantur:
810 3207 875 3247 sie
913 3206 1113 3247 misenen

219 3268 314 3310 sich
347 3272 482 3306 unter
511 3263 587 3304 die
620 3261 947 3316 Hc'ilssvb'lker,
990 3261 1112 3318 quasi

219 3332 316 3366 tum
333 3322 503 3365 Romae
529 3320 682 3376 copiae
706 3319 929 3363 auxiliares
952 3317 1114 3362 adfuis-

222 3390 338 3425 sent.
408 3378 578 3420 Verum
619 3378 870 3418 miscentur
890 3385 977 3432 ,est
1012 3391 1113 3433 pro-

221 3439 393 3482 miscue
415 3442 459 3477 et
481 3443 637 3478 contra
661 3434 795 3476 decus
819 3435 1114 3489 ordinemque

222 3503 482 3543 armantur,
505 3499 554 3534 ut
576 3490 634 3533 ita
653 3485 818 3533 milites
839 3489 1118 3540 auxiliaribus

225 3553 362 3610 galeis
388 3549 614 3606 scutisque
637 3547 791 3591 armati
822 3547 944 3590 mixti
976 3554 1118 3590 essent

224 3609 440 3654 militibus
465 3605 750 3666 praetoriano
775 3613 849 3647 aut
872 3603 1117 3662 legionario

1182 2534 1424 2598 mfrebant
1449 2532 1554 2576 MS.
1578 2532 1731 2587 Guelf.

1225 2617 1444 2673 fremitu.
1503 2617 1602 2662 MS.
1616 2617 1762 2661 Guelf.
1788 2621 1998 2675 strepitu.
2064 2620 2081 2646 ’-

1241 2699 1351 2744 CAP.
1399 2701 1469 2743 39.
1555 2704 1897 2747 crebrescentis.
1985 2705 2070 2749 Ed.

1182 2758 1302 2816 Spir.
1355 2760 1666 2803 crebescentis.
1753 2760 1920 2804 Eadem
1969 2779 2070 2806 mox

1182 2831 1326 2871 usque
1365 2815 1414 2857 in
1453 2819 1642 2867 urbem;
1692 2817 1856 2861 deinde
1901 2821 2072 2864 iterum

1181 2889 1264 2930 pro
1298 2874 1519 2927 1'nterim3
1564 2877 1955 2931 propinquantem
1988 2894 2071 2935 pro

1179 2932 1668 2987 adpropinquantem;
1705 2936 1967 2976 retulerant
1991 2952 2072 2993 pro

1180 2990 1450 3031 rettulerat.
1509 2989 1611 3032 MS.
1637 2988 1789 3033 Guelf.
1819 2999 1921 3034 ante
1945 2996 2072 3046 capi-

1179 3046 1344 3087 toltum
1367 3045 1487 3088 addit
1509 3047 1572 3090 in.
1631 3046 1722 3089 Pro
1744 3054 1933 3091 tantum
1954 3048 2072 3093 idem

1179 3102 1311 3145 habet
1338 3110 1513 3146 tamen.

1243 3181 1382 3228 utque
1406 3173 1570 3218 evenit.
1626 3173 1708 3226 Ed,
1733 3176 1850 3235 Spir.
1881 3186 1931 3220 ut
1955 3182 2078 3234 quod

1188 3233 1351 3273 evenit.
1423 3231 1524 3274 MS.
1561 3231 1671 3289 Agr,
1715 3243 1855 3290 utque
1892 3237 2077 3278 evenire

1187 3291 1234 3331 in
1265 3303 1301 3339 c,
1334 3289 1364 3331 i.
1396 3292 1531 3332 solet.
1593 3290 1702 3334 Mox
1725 3292 1796 3339 ed.
1821 3292 1939 3349 Spir.
1971 3308 2072 3342 mo-

1187 3360 1297 3387 rum
1320 3360 1403 3404 pro
1427 3361 1643 3401 quorum.

1247 3417 1302 3470 T.
1329 3407 1484 3463 Vinio.
1543 3419 1692 3469 Libri,
1723 3428 1773 3464 ut
1796 3437 1945 3480 supra.

1249 3490 1344 3530 sive
1368 3498 1418 3532 ut
1441 3504 1611 3541 poena.
1670 3489 1752 3539 Ed.
1775 3491 1892 3550 Spir.
1922 3486 2007 3538 scu
2028 3499 2077 3540 ut

1185 3562 1351 3613 poena.
1431 3547 1540 3591 Mox
1586 3549 1794 3594 consciam
1839 3564 1923 3607 pro
1962 3563 2076 3594 con·

1188 3617 1352 3652 scmm.
