2138 4030
621 232 714 292 LI
729 233 817 295 B.
836 232 881 293 I.
962 232 1011 290 C
1026 228 1080 290 A
1098 232 1162 294 P.
1193 232 1294 297 65.
1321 235 1426 297 66.
1870 243 1951 306 95

100 380 165 429 ,et
199 378 423 443 partem
463 363 748 422 exercitus
783 374 840 420 et
873 381 1290 438 prosperarum
1327 367 1819 449 adversarumque
1857 392 1954 430 re·-

104 473 237 510 rum
264 451 468 509 socios,
555 448 604 504 si
625 449 865 505 fortuna
887 460 1088 506 contra
1113 450 1304 518 daret,
1347 451 1514 508 iratis
1542 473 1616 509 ne
1651 447 1952 535 relinque-

103 549 329 597 renulf-

192 235 242 270 A.
258 231 410 268 U.7823.

192 278 243 313 A.
262 274 310 313 C.
347 276 407 312 70.

269 639 487 702 LXVI.
530 641 642 698 His
667 654 724 699 et
746 643 1017 717 pluribus
1039 643 1105 699 in
1130 644 1383 701 eundem
1403 645 1649 700 modum
1680 651 1953 726 perpule-
2032 645 2034 648 ’

105 741 272 799 rant,
333 739 401 785 ut
435 749 542 784 nec
577 728 751 801 legati
784 729 1024 803 quidem
1059 749 1123 786 ac
1160 730 1336 784 duces
1374 729 1632 804 partium
1654 734 1953 807 ,restingui

99 835 267 890 posse
313 813 680 870 iracundiam
731 814 1014 869 exercitus
1062 813 1518 884 arbitrarentur,
1599 835 1730 871 cum
1786 812 1948 875 haud

104 899 294 973 ignari
341 899 698 954 discriminis
743 899 836 954 sui
870 896 1237 954 Viennenses
1273 899 1602 958 velamenta
1641 912 1698 957 et
1734 902 1952 959 infulas

100 985 518 1060 praeferentes,
561 984 668 1039 ubi
692 1003 905 1061 agmen
934 980 1283 1053 incesserat,
1329 1004 1534 1055 arma,¹
1571 1004 1793 1058 genua,
1830 1008 1952 1054 ⁹ve-

102 1070 267 1143 stigia
292 1069 626 1144 prensando
653 1069 862 1123 flexere
885 1069 1143 1124 militum
1171 1069 1416 1128 animOS.
1484 1070 1716 1128 addidit
1731 1069 1952 1128 Valens

96 1166 365 1213 trecenos
388 1153 634 1226 singulis
653 1153 943 1208 militibus
967 1153 1276 1212 sestertios,
1323 1165 1448 1210 tum
1473 1167 1728 1212 vetustas
1751 1157 1949 1230 digni-

97 1251 300 1316 tasque
325 1239 589 1295 coloniae
614 1238 828 1306 valuit,
872 1248 929 1293 et
955 1239 1131 1294 verba
1162 1235 1334 1294 Fabii
1359 1239 1605 1296 salutem
1632 1241 1951 1298 incolumi-

98 1336 400 1400 tatemque.
416 1321 844 1379 Viennensium
871 1324 1338 1381 commendantis
1361 1326 1562 1401 aequis
1587 1327 1829 1383 auribus
1855 1347 1954 1384 ac-

99 1559 280 1602 οικίσαι.
354 1556 431 1598 καὶ
475 1549 618 1602 οὕτως
660 1554 827 1597 ἐκεῖνοι
868 1551 989 1598 ὑπο..

95 1620 335 1674 μείναντες
387 1613 439 1657 τὸ
487 1606 853 1668 Λουγοίδουνον
899 1614 989 1671 μὲν

96 1673 393 1730 ὀνομασθέν,
455 1671 542 1712 νῦν
585 1670 636 1714 δὲ
676 1666 989 1726 Λούγδουνον

95 1727 383 1788 καλούμενον
437 1727 633 1771 ἔκτισαν.
714 1727 986 1785 Lugdunum

96 1790 230 1847 igitur
250 1803 356 1832 vera
378 1785 556 1830 colonia
568 1785 789 1828 Romana:
810 1785 986 1829 Vienna

94 1847 155 1889 ita
181 1846 314 1887 dicta.

154 1923 197 1959 ec
234 1927 567 1967 prosperarum
603 1915 710 1956 adv.
750 1927 790 1955 r.
823 1914 986 1956 socios.

93 1974 177 2016 Ed.
222 1972 336 2030 Spir.
381 1978 428 2012 et
463 1985 713 2038 persurum
758 1974 986 2014 adversa-

94 2044 286 2085 rumque
308 2042 472 2070 rerum
497 2042 633 2070 εοειο.

149 2107 311 2143 contra
342 2101 491 2139 daret.
553 2096 627 2140 Sic
661 2094 794 2140 MSS.
829 2095 982 2140 Guelf.

92 2157 208 2200 Bnd.
251 2156 352 2198 edd.
391 2155 491 2197 Put.
525 2154 628 2196 Ber.
676 2155 977 2210 (eum'silent.

93 2215 230 2271 Viet.)
258 2213 356 2256 Alc.
383 2211 526 2254 Rhen.
553 2228 654 2269 sqq.
716 2213 773 2254 cf.
798 2212 886 2254 An.
920 2213 983 2264 15,

95 2273 164 2316 13.
223 2269 419 2327 Ryekius
450 2276 637 2311 testatur
661 2269 706 2311 in
731 2270 835 2313 MS.
860 2269 983 2313 Fior.

93 2329 201 2387 legi:
231 2332 335 2370 atra
353 2331 507 2377 deret,
540 2326 665 2383 quod
688 2325 793 2369 facit
813 2343 894 2384 pro
916 2343 984 2370 re-

95 2402 145 2430 ce
178 2394 218 2427 ta
242 2383 327 2427 seri
362 2393 477 2427 tura.
521 2385 828 2426 Contraderet
848 2383 981 2427 etiam

94 2443 147 2487 M
186 2474 197 2486 .
234 2440 324 2485 Cor
359 2457 398 2493 .;
453 2450 616 2484 contra
657 2445 835 2483 cederet
874 2441 977 2484 MS.

94 2500 233 2559 Agr.;
289 2496 620 2542 contradiceret
641 2498 745 2541 MS.
770 2499 879 2555 Reg.
911 2499 980 2542 ed.

95 2558 210 2616 Spir.

147 2628 530 2682 relinquerentur.

91 2687 386 2740 linqueretur.

155 2754 266 2798 CAP.
285 2752 356 2795 66.
413 2761 463 2794 uc
488 2768 570 2795 nec
603 2754 752 2808 legati
781 2754 978 2808 quidem.

91 2811 166 2856 Sic
188 2809 318 2854 MSS.
342 2817 383 2851 et
408 2818 507 2854 vett.
531 2811 629 2854 edd.
652 2811 849 2853 unanimi
874 2826 980 2852 con·

92 2883 235 2912 sensu.
293 2867 328 2908 Ι.
352 2866 427 2909 Fr.
449 2865 710 2910 Gronovius
739 2867 978 2910 suadebat:

92 2934 142 2967 ut
169 2939 230 2966 ne
251 2925 284 2964 l.
312 2939 382 2980 q„
423 2931 464 2966 et
497 2923 561 2967 sic
594 2925 692 2967 edd.
716 2924 803 2968 lac.
828 2922 976 2968 Gron.

91 2998 190 3040 sqq.
251 2980 506 3037 Perperaui.
564 2997 646 3023 nec
676 3015 686 3024 .
714 3013 723 3022 .
752 3014 759 3021 .
792 2983 977 3036 quidem

91 3049 156 3083 est
187 3039 304 3079 auch
333 3039 455 3080 nicht
493 3038 668 3080 ez‘nmal
707 3038 976 3095 graviusque

91 3102 221 3153 negat
245 3109 376 3150 quam
398 3110 457 3137 ne
477 3127 488 3138 .
509 3125 518 3135 .
536 3126 546 3137 .
568 3098 765 3152 quidem.
800 3095 857 3138 cf.
879 3103 972 3139 not.

89 3154 142 3198 ad
169 3152 258 3196 An.
282 3150 323 3198 4,
346 3150 418 3193 35.

144 3225 199 3252 ac
223 3211 374 3251 duces.
432 3207 514 3250 Ed.
537 3206 655 3265 Spir.
686 3216 731 3251 et
756 3211 904 3253 duces,

146 3265 383 3317 restingui.
454 3264 555 3308 MS.
588 3268 696 3322 Agr.
735 3267 972 3322 restringi.

89 3324 213 3367 Idem
247 3322 359 3365 liber
396 3322 468 3364 dat
500 3323 624 3364 iram
660 3339 743 3380 pro
779 3324 970 3367 iracun-

88 3383 232 3423 diam.
457 3406 463 3415 ·

144 3435 424 3479 discriminis
445 3436 532 3479 sui.
592 3434 693 3479 MS.
712 3435 865 3481 Guelf.
890 3455 977 3481 vo-

91 3492 236 3536 culam
269 3495 344 3536 sui
371 3507 464 3536 non
505 3492 635 3536 habet
669 3491 718 3535 in
755 3503 974 3548 contextu,

90 3547 168 3593 ned
187 3547 233 3593 iu
252 3564 394 3608 marg.
417 3565 441 3593 a
465 3549 661 3595 secunda
687 3565 821 3595 manu
835 3585 848 3605 ,
874 3568 973 3596 cen·

611 2624 694 2668 Ed.
737 2625 857 2684 Spir.
899 2640 980 2668 re-

1059 1556 1267 1612 sebatque
1334 1555 1566 1599 Ernestius
1635 1571 1731 1599 eam
1799 1559 1952 1602 abesse

1060 1629 1202 1670 posse.
1261 1613 1347 1657 Sed
1371 1613 1532 1666 ignari
1547 1615 1829 1657 dz‘scrimim‘s
1847 1625 1954 1660 sunt

1058 1671 1104 1712 in
1138 1670 1397 1712 universum
1436 1671 1510 1728 qui
1546 1672 1755 1729 ignorant
1787 1673 1955 1716 discri-

1059 1743 1189 1769 men:
1233 1728 1393 1782 ignari
1420 1730 1702 1772 discriminis
1734 1732 1830 1780 sui,
1872 1732 1951 1787 qui

1057 1784 1267 1841 ignorant
1288 1793 1459 1827 certum
1481 1785 1662 1844 aliquod
1695 1787 1955 1840 discrimen,

1057 1840 1104 1882 in
1130 1858 1220 1899 quo
1244 1858 1366 1885 nunc
1387 1854 1632 1887 versantur.
1683 1842 1766 1886 Vir
1788 1844 1951 1889 doetus

1058 1897 1132 1941 ille
1164 1915 1291 1957 saepe
1313 1899 1400 1942 hoe
1422 1901 1695 1943 vocabulum
1719 1901 1949 1947 iaeessivit.

1060 1955 1117 1999 cf.
1137 1964 1232 1998 not.
1257 1955 1310 1998 ad
1335 1973 1374 1999 c.
1396 1956 1472 2000 46.
1495 1966 1537 2000 et
1561 1958 1629 2001 31.
1654 1956 1863 2016 alibique.

1120 2013 1432 2056 Viennenses.
1522 2015 1623 2058 MS.
1668 2014 1821 2060 Guenf.
1874 2018 1949 2062 ed.

1059 2069 1178 2127 Spir.
1217 2073 1464 2114 vienenses.
1523 2072 1690 2117 Eadem
1726 2074 1799 2117 ed.
1833 2074 1951 2134 Spin

1056 2144 1158 2169 mox
1183 2129 1271 2169 sibi
1290 2144 1373 2185 pro
1397 2131 1485 2171 ubi.

1108 2189 1397 2239 prensando.
1456 2186 1532 2230 Sic
1546 2186 1680 2231 MSS.
1694 2189 1817 2232 Flor.
1832 2190 1950 2244 (test.

1055 2241 1143 2284 lae.
1179 2241 1347 2297 Gron.)
1386 2243 1500 2286 Rud.
1542 2244 1642 2287 edd.
1678 2247 1766 2290 Iac.
1800 2246 1948 2291 Gron.

1055 2314 1153 2356 sqq.
1195 2301 1250 2342 cf.
1276 2301 1364 2343 An.
1390 2303 1430 2352 1,
1453 2301 1522 2343 21.
1555 2302 1596 2351 2,
1622 2301 1689 2347 30.
1724 2302 1766 2355 4,
1789 2302 1859 2348 51.
1891 2329 1950 2339 --

1049 2359 1384 2410 prehensando
1409 2358 1511 2401 MS.
1534 2357 1687 2402 Guetf.
1716 2361 1816 2405 edd.
1843 2362 1947 2406 Pus.

1052 2414 1154 2456 Ber.
1199 2416 1323 2467 (curn
1365 2414 1512 2458 silent.
1552 2416 1689 2473 Vici.)
1732 2434 1829 2474 sqq.
1888 2443 1950 2452 —

1047 2475 1316 2526 pressando
1350 2472 1452 2516 MS.
1481 2473 1592 2528 Agr.
1627 2475 1697 2518 ed.
1730 2476 1849 2532 Spir.
1889 2499 1948 2510 -—

1054 2527 1112 2571 ef.
1141 2528 1267 2584 Caes.
1291 2527 1343 2571 B.
1371 2528 1422 2571 C.
1446 2531 1487 2578 2,
1514 2531 1584 2574 1‘2.
1646 2533 1742 2578 Liv.
1773 2534 1843 2586 30,
1873 2532 1946 2580 36·

1051 2586 1122 2638 24,
1148 2586 1216 2628 30.
1246 2586 1316 2635 45,
1341 2586 1413 2629 26.

1112 2653 1341 2685 trecenos.
1401 2644 1476 2688 sic
1507 2644 1643 2689 MSS.
1668 2646 1791 2692 Flor.
1827 2651 1946 2704 (test.

1051 2699 1198 2755 Pieh.)
1244 2700 1432 2743 covarr.
1480 2704 1602 2757 (test.
1645 2705 1783 2763 Lips.)
1825 2707 1943 2751 Bud.

1052 2757 1151 2799 edd.
1180 2756 1302 2798 Pieh.
1332 2773 1429 2814 sqq.
1464 2784 1519 2792 —-
1582 2761 1787 2806 tricenos
1809 2765 1945 2809 MSS.

1051 2813 1172 2856 llari.
1195 2812 1326 2856 Bodl.
1343 2815 1423 2857 les.
1437 2814 1589 2860 Guelf.
1610 2818 1710 2862 edd.
1724 2818 1824 2864 Put.
1839 2822 1942 2866 Ber.

1053 2874 1177 2923 (cum
1202 2871 1346 2913 silent.
1368 2870 1509 2925 Vici.)
1536 2890 1635 2932 sqq.
1657 2876 1711 2918 ad
1731 2877 1853 2921 Pieh.
1886 2908 1945 2916 —

1050 2928 1154 2971 MS.
1180 2928 1273 2984 Reg
1313 2936 1354 2970 et
1376 2929 1432 2972 ed
1469 2932 1583 2989 Spir.
1612 2932 1827 2979 omittunt
1853 2953 1942 2980 nu-

1048 3002 1249 3035 merum,
1310 2985 1388 3041 qui
1429 2988 1557 3030 etiam
1601 2989 1647 3032 in
1691 2992 1791 3035 MS.
1832 2995 1944 3051 Agr.

1047 3043 1225 3100 punctis
1250 3044 1487 3099 suppositis
1510 3055 1687 3091 notatus
1711 3058 1789 3092 est.

1106 3106 1311 3142 vetustas
1344 3101 1648 3158 dignitasque.
1706 3106 1790 3149 Ed.
1818 3107 1939 3166 Spir.

1046 3166 1089 3199 et
1117 3155 1213 3198 MS.
1239 3157 1345 3212 Agr.
1374 3166 1553 3201 vetusta
1576 3163 1794 3214 dignitas.

1100 3216 1305 3255 salutem
1325 3216 1788 3276 zhcolumitutemque.
1818 3220 1939 3278 Syn-

1045 3286 1225 3327 onyma.
1282 3271 1339 3314 cf.
1377 3272 1510 3316 Roth.
1547 3291 1587 3332 p.
1619 3275 1663 3321 9.
1734 3277 1799 3322 Ita
1833 3294 1937 3321 mox

1042 3329 1222 3381 stupris
1243 3335 1286 3369 et
1309 3331 1565 3375 adulteriis.
1590 3372 1598 3384 .

1106 3389 1476 3430 commendantis
1523 3385 1606 3433 etc.
1693 3390 1774 3435 Ed.
1815 3392 1934 3450 Spir.

1048 3451 1284 3498 corrupte:
1315 3447 1439 3487 datis
1460 3447 1587 3501 equis
1604 3449 1938 3505 safaribusque

1048 3507 1234 3552 accepta
1251 3502 1457 3553 publice.-
1480 3511 1639 3547 tamen
1659 3515 1746 3548 etc.
1785 3506 1934 3551 Etiam

1048 3555 1146 3597 edd.
1180 3555 1281 3600 Put.
1322 3558 1427 3602 dant
1470 3563 1597 3615 equis
1639 3576 1722 3619 pro
1763 3566 1935 3620 aequis,
