2138 4030
0 2747 14 2802 h?

145 224 197 260 A.
215 222 268 258 U.
285 219 369 265 823.

147 267 198 302 A.
219 267 266 302 C.
313 266 373 299 70.

584 219 875 286 LIB.'11.
939 213 1134 286 CAP'.
1173 226 1276 288 44.
1314 227 1413 287 45.
1805 224 1924 294 185
1974 224 1976 227 ’

68 356 168 416 aut
206 349 408 434 pavidi
447 366 702 411 extrema
738 356 1143 429 desperatione
1183 358 1261 413 ad
1298 356 1449 452 i'ram
1482 358 1709 433 saepius
1747 383 1926 439 quam

70 445 134 500 in
159 443 541 499 formidinem
570 440 1042 499 stimulabantur.
1813 496 1830 505 a
1896 479 1906 482 »

237 525 423 585 XLV.
474 521 556 581 At
593 522 949 581 Vitellianus
991 524 1273 581 exercitus
1308 526 1383 581 ad
1420 527 1695 603 quintum
1734 550 1767 586 a
1806 529 1924 588 Be-

71 613 269 669 driaco
296 612 553 690 lapidem
579 611 844 666 consedit
868 630 988 666 non
1014 611 1169 666 ausis
1193 610 1441 667 ducibus
1468 614 1670 667 eadem
1696 614 1790 670 die
1821 636 1930 691 op-

71 697 495 774 pugnationem
538 708 886 752 castrorum:
955 696 1131 752 simul
1167 696 1502 752 voluntaria
1540 697 1761 754 deditio
1802 719 1933 774 spe-

70 785 330 840 rabatu'r.
417 781 516 835 sed
556 781 839 855 expeditis
884 791 939 837 et
976 792 1206 837 tantum
1242 782 1316 837 ad
1349 781 1643 855 proelium
1684 786 1935 855 egressis

71 867 508 926 munimentum
536 866 698 920 fuere
724 866 886 921 arma
915 877 969 922 et
1004 865 1269 925 victoria.
1353 864 1593 923 Postera
1629 867 1722 922 die
1757 864 1923 925 haud

74 953 346 1026 ambigua
372 946 707 1007 Othoniani
738 951 1021 1007 exercitus
1043 950 1347 1006 voluntate
1375 963 1430 1008 et
1474 951 1578 1028 qui
1606 953 1766 1009 feroc
1778 953 1932 1024 iores

70 1028 306 1095 fuerant
360 1037 435 1092 ad
496 1036 925 1110 poenitentiam
970 1035 1398 1098 inclinantibus
1457 1037 1631 1098 missa
1684 1038 1932 1111 legatio:

71 1143 179 1179 nec
207 1121 365 1197 apud
389 1121 565 1178 duces
581 1118 934 1177 Vitellianos
957 1121 1321 1191 dubitatum,
1362 1143 1478 1198 quo
1506 1108 1703 1178 minus
1728 1118 1933 1197 pacem

73 1209 478 1269 concederent.
553 1206 729 1279 legati
750 1207 1048 1282 paulisper
1066 1207 1297 1265 retenti.
1377 1227 1441 1262 ea
1467 1227 1560 1263 res
1585 1203 1925 1265 haesitatio-

74 1313 210 1349 nem
236 1292 431 1348 attulit
456 1291 675 1364 ignaris
702 1288 895 1348 adhuc
926 1287 1003 1347 an
1027 1290 1453 1365 impetrassent.
1517 1313 1654 1348 mox
1683 1294 1926 1349 remissa

74 1378 363 1450 legatione
390 1365 580 1452 patuit
609 1376 852 1435 vallum.
936 1387 1067 1433 tum
1095 1376 1235 1432 victi
1257 1376 1624 1453 victoresque
1653 1378 1718 1432 in
1753 1379 1930 1434 lacri-

74 1481 199 1518 mas
229 1461 426 1531 effusi‘,
476 1473 693 1518 sortem
721 1460 987 1517 civilium
1017 1480 1319 1518 armorum
1343 1462 1558 1518 misera
1582 1463 1802 1519 laetitia
1827 1464 1932 1520 de'-

76 1558 368 1605 testanteS.
456 1546 666 1602 iisdem
687 1546 959 1602 tentoriis
986 1546 1087 1601 alii
1113 1548 1393 1616 fratrum,
1435 1547 1538 1603 alii
1566 1548 1937 1625 propinquo-

77 1653 212 1688 rum
256 1633 502 1688 vulnera
548 1631 844 1690 fovebant.
942 1651 1070 1706 spes
1121 1643 1177 1687 et
1221 1632 1481 1706 praemia
1527 1633 1591 1687 in
1640 1635 1935 1707 ambigu0‚

79 1729 234 1773 certa
265 1717 475 1784 funera
509 1727 565 1772 et
598 1717 821 1772 luctus:
883 1737 991 1772 nec
1017 1716 1328 1792 quisquam
1362 1718 1508 1772 adeo
1535 1719 1678 1773 mali
1713 1739 1934 1793 experS‚

82 1815 148 1859 ut
182 1820 306 1858 non
345 1801 603 1876 aliquam
637 1813 888 1856 mortem
924 1814 1227 1860 maereret.
1312 1800 1693 1878 Requisitum
1717 1799 1939 1860 Orfidii

79 1887 255 1959 legati
283 1906 493 1961 corpus
519 1882 747 1941 honore
773 1887 944 1942 solito
981 1898 1290 1945 crematur.
1377 1907 1595 1962 paucos
1623 1888 1937 1946 necessarii

84 1972 346 2045 ipsorum
383 1971 698 2047 sepelivere
717 1992 727 2024 :

82 2057 304 2123 lictum.
342 2051 343 2054 ¹

78 2228 81 2231 ⁴
116 2221 525 2288 'Qformidr'nerm
587 2221 687 2267 MS.
712 2220 864 2266 Guelf.
893 2238 973 2265 ne-

83 2278 206 2348 gligit
232 2279 296 2322 in.

66 2343 71 2348 ”
106 2340 109 2342 ’
142 2339 256 2383 (JAP.
280 2336 353 2386 45.
415 2338 579 2378 eadem
601 2339 689 2380 die.
751 2337 828 2381 Sic
841 2337 977 2381 MSS.

82 2393 208 2437 Flor.
239 2395 357 2449 (test.
381 2392 523 2449 Viet.)
559 2394 693 2439 Corb.
731 2395 833 2437 edd.
857 2395 974 2453 Spir.

83 2450 208 2494 Pich.
231 2450 448 2510 Bernegg.
475 2467 570 2508 sqq.
600 2476 657 2483 -—
718 2455 883 2501 eodem
905 2453 979 2499 die

84 2509 222 2552 MSS.
261 2507 384 2550 Harl.
422 2506 570 2552 Gnclf.
611 2509 709 2552 edd.
747 2509 848 2552 Put.
884 2525 981 2566 sqq.

86 2566 140 2608 ad
153 2565 410 2609 Pichenam.
443 2565 615 2608 cf.not.
639 2566 695 2609 ad
719 2566 839 2610 041.
872 2568 982 2608 Mox

83 2622 186 2666 MS.
209 2622 336 2666 Flor.
365 2623 478 2677 (test.
504 2622 645 2680 Viet.)
682 2623 982 2678 obpugnatio-

83 2696 209 2724 nem.
268 2680 385 2723 Edd.
410 2689 514 2723 vett.
543 2683 947 2735 oppugnationem.

77 2762 82 2765 ·
143 2740 436 2791 sperabatur.
505 2739 607 2782 MS.
642 2737 793 2784 Guelf.
833 2754 984 2794 spere-

31 2856 33 2860 ·
75 2797 253 2843 abatur.

142 2861 189 2906 vet
215 2859 398 2902 tantum
425 2857 488 2895 od
514 2854 749 2909 proelium
784 2854 986 2908 egressis

91 2920 178 2955 ete.
221 2909 280 2954 ef.
314 2918 408 2954 not.
432 2911 498 2952 {ad
530 2927 571 2954 c.
594 2910 667 2958 40,
730 2910 986 2954 Sententia:

23 2995 25 2997 ·
92 2968 249 3027 Quum
279 2967 508 3021 Vitelliani
549 2967 644 3018 sine
678 2968 988 3016 instrumentis

91 3036 136 3070 et
159 3025 215 3068 'ad
235 3023 463 3084 proelium
491 3033 664 3069 tantum
687 3025 879 3068 accincti
915 3040 986 3067 cs-

91 3089 192 3131 sent
213 3078 432 3144 prasenti.
461 3080 556 3125 sine
579 3081 734 3124 castris
755 3091 989 3140 pernocta-

82 3144 194 3191 'vjere
238 3138 374 3197 armis
400 3143 456 3182 vet
495 3140 679 3183 victoria
710 3137 840 3191 freti,
885 3138 991 3197 quia

95 3195 276 3243 deerant
299 3194 600 3246 inStr'ut'nenta
628 3195 725 3254 quis
751 3205 894 3240 castra
919 3196 991 3246 fa-

97 3261 287 3298 ceram*
384 3263 386 3267 ’

152 3312 303 3358 missa
323 3311 520 3364 legatio:
547 3325 634 3362 nee
650 3313 777 3364 apud
797 3314 901 3356 etc(
925 3309 990 3354 Ex

96 3368 268 3426 egregia
278 3366 502 3413 Pichenae
515 3366 841 3418 emendatione,
855 3383 990 3427 quam

95 3426 258 3484 ipse'et
275 3423 461 3467 Gruter.
483 3425 705 3480 Bernegg.
726 3440 824 3481 sqq.
845 3426 891 3469 in
916 3424 991 3467 lo-

101 3481 525 3540 cuffi‘receperunt,
564 3490 607 3525 et
637 3497 770 3538 quam
801 3482 992 3540 praeivit

99 3537 205 3589 MS.
225 3537 351 3588 mor.
372 3539 543 3585 ferens:
575 3539 992 3597 missale-gatiam,

790 1983 1048 2027 ceterum
1089 1972 1302 2044 vulgus
1338 1992 1514 2047 super
1551 1968 1813 2043 humum
1840 1994 1937 2032 re·-

1049 2225 1200 2276 capud
1220 2231 1302 2266 etc.
1362 2221 1454 2266 Alii
1480 2222 1612 2267 codd.
1625 2222 1761 2268 MSS.
1784 2232 1828 2279 et
1846 2225 1952 2279 edd.

1049 2290 1150 2324 ante
1185 2279 1455 2324 Pichenam:
1509 2283 1655 2323 missa
1686 2284 1947 2337 legacione:

1049 2341 1176 2395 apud
1207 2345 1292 2381 ete.
1364 2337 1416 2380 In
1448 2337 1548 2380 MS.
1580 2338 1705 2382 Harl.
1755 2341 1950 2387 secunda

1050 2411 1211 2437 manus
1253 2395 1507 2443 emendavit
1536 2411 1635 2439 nec.
1701 2396 1773 2439 De
1805 2413 1855 2439 re
1891 2399 1949 2440 cf.

1050 2451 1283 2500 Plutarch.
1308 2451 1480 2495 Othon.
1507 2470 1546 2495 c.
1570 2453 1637 2496 13.

1110 2510 1256 2567 legati
1289 2511 1534 2564 paulisper
1574 2513 1755 2553 retenli.
1826 2509 1949 2554 Haec

1053 2567 1189 2610 verba
1215 2567 1374 2608 absunt
1397 2568 1450 2609 ab
1474 2568 1542 2610 ed.
1565 2568 1684 2625 Spir.
1716 2591 1774 2600 --
1831 2566 1951 2613 Edd».

1052 2625 1158 2667 Put.
1184 2624 1252 2665 M.
1278 2633 1321 2666 et
1347 2625 1398 2666 V.
1426 2626 1528 2667 Ber.
1556 2624 1652 2667 sine
1685 2626 1773 2668 ulla
1791 2625 1950 2668 'inter'—

1054 2681 1303 2740 punetione
1358 2681 1513 2743 legunt
1564 2681 1673 2724 inde
1727 2699 1750 2726 a
1784 2683 1954 2726 *verbis

1058 2742 1187 2793 apud
1246 2742 1384 2780 duces
1446 2754 1584 2795 usque
1650 2740 1704 2783 ad
1766 2743 1952 2783 retenti.

1059 2795 1286 2839 Punctum
1312 2804 1411 2838 ante
1436 2797 1581 2850 legati
1598 2795 1838 2842 Rhenanus
1869 2813 1956 2856 po·-

1060 2855 1172 2904 suit,
1201 2853 1264 2895 uti
1293 2861 1355 2894 est
1380 2854 1423 2895 in
1451 2853 1548 2897 MS.
1575 2852 1724 2899 Guelf.

1118 2918 1217 2952 tum
1249 2910 1367 2952 victi.
1406 2910 1513 2959 sfid.
1536 2910 1566 2953 S
1603 2911 1658 2955 ir.
1686 2916 1802 2966 ¹tum:
1831 2913 1957 2961 victi.

1059 2963 1227 3011 Eadem
1264 2982 1368 3008 mox
1397 2983 1502 3010 eum
1583 2967 1637 3018 S.
1664 2967 1804 3013 Corh.
1837 2970 1955 3015 civi-

1061 3026 1180 3067 lium
1202 3025 1431 3073 bellorum
1457 3039 1542 3083 pro
1564 3027 1764 3070 civilium
1790 3042 1958 3070 armo-

1061 3097 1187 3125 rum.
1799 3103 1801 3105 ·
1860 3113 1863 3118 -

1120 3139 1301 3182 iisdem.
1371 3137 1454 3182 Ed.
1485 3138 1605 3198 Spir.
1642 3141 1847 3190 hisdem,
1888 3142 1955 3186 uti

1062 3195 1191 3241 solet.
1213 3219 1270 3227 —
1295 3194 1414 3238 Dein
1431 3196 1530 3239 MS.
1545 3195 1698 3240 Guelf.
1721 3199 1819 3242 edd.
1835 3199 1954 3257 Spir.

1063 3253 1164 3295 Put.
1191 3253 1257 3294 M.
1285 3260 1327 3296 et
1351 3251 1400 3296 V.
1427 3263 1632 3296 mereret
1655 3271 1736 3313 pro
1767 3271 1956 3298 maere-

1062 3318 1148 3353 ret.
1221 3308 1306 3351 Ed.
1348 3309 1603 3353 Weikerti'
1632 3314 1752 3356 male
1790 3313 1957 3356 omittit

1062 3368 1197 3413 verba
1235 3370 1355 3409 adeo
1388 3369 1511 3411 mali
1542 3383 1734 3425 expers,
1777 3378 1826 3412 ue
1856 3385 1957 3411 non

1061 3425 1288 3480 aliquam.
1383 3441 1387 3448 -
1697 3447 1699 3449 ·
1823 3431 1828 3440 ¹

1125 3481 1305 3540 Orfidii.
1394 3482 1478 3526 Ed.
1533 3485 1650 3543 Spir.
1701 3500 1805 3537 utun
1848 3448 1959 3538 '‘MS-¹

1062 3537 1219 3588 Guelf,
1257 3537 1478 3594 Orsodae't‘2*
1849 3556 1852 3559 '
