2138 4030
1735 213 1789 279 A.
1805 242 1858 279 u.
1869 242 1965 281 αις.

1738 288 1793 323 Α,
1809 284 1861 322 ο.
1897 287 1966 327 ει.

187 243 315 308 516
754 225 1464 329 ms'rofflARnM‘

188 385 404 446 castra3
448 373 531 432 ita
553 373 760 431 div-isis
782 372 994 449 copiis,
1035 382 1105 428 ut
1126 371 1328 447 ipse-et
1346 372 1540 431 Verax
1561 378 1767 433 sorore
1796 377 1924 435 eius
1945 398 2052 453 ge<-
2130 413 2136 445 1

190 461 351 521 nitus
375 458 784 536 Classicusque
810 479 876 515 ac
901 456 1097 531 Tutor
1118 477 1286 514 suam
1308 460 1560 537 quisque
1582 481 1827 518 manum
1854 459 2057 521 trahe-
2129 486 2136 514 ε

190 557 349 603 rent:
394 565 502 602 nec
523 545 725 602 omnia
745 541 1019 620 patrandi
1044 542 1286 600 fiducia:
1333 546 1436 602 sed
1459 546 1649 604 multa
1673 547 1829 604 ausis
1854 549 2055 626 aliqua

191 632 258 688 in
295 643 460 707 parte
501 631 805 688 fortunam
841 627 1061 684 adfore.

191 729 429 774 cautum
457 727 512 774 et
536 716 807 792 pluribus
829 713 1058 769 nuntiis
1081 708 1197 770 huc
1223 714 1367 771 illuc
1389 728 1722 774 cursantem
1741 738 1910 793 posse
1932 740 2059 777 me·-

192 800 292 859 dio
325 802 617 878 intercipi.
706 799 942 872 Quibus
975 799 1339 856 obvenerant
1365 812 1550 858 castra
1580 803 2060 879 decumanorum,

155 957 158 966 Ι
193 888 695 963 oppugnationem
723 883 973 959 legionis
998 885 1245 942 arduam
1270 885 1418 955 rati,
1474 906 1770 961 egressum
1805 890 2056 947 militem
2116 880 2119 885 ’

194 985 251 1030 et
280 973 591 1031 caedendis
621 970 885 1028 materiis
923 981 1232 1045 operatum
1266 972 1608 1042 turbavere,
1661 971 1851 1032 occiso
1888 996 2063 1052 prae-

191 1060 342 1116 fecto
370 1070 694 1116 castrorum
718 1068 775 1114 et
799 1055 1061 1135 quinque
1084 1055 1450 1131 primoribus
1475 1058 1889 1116 centurionum
1910 1081 2061 1136 pau-

194 1145 393 1222 cisque
440 1143 749 1199 militibus.
837 1140 1016 1197 ceteri
1056 1160 1115 1197 se
1153 1142 1540 1199 munimentis
1582 1144 1917 1205 defendere.
2005 1158 2063 1206 et

172 1226 908 1301 ”interimJssGermanoriim
945 1246 1154 1283 manus
1189 1225 1554 1285 Batavoduri
1589 1228 1929 1306 inrumpere
1966 1230 2064 1287 in-

191 1312 468 1372 choatum
499 1324 742 1390 pontem
767 1312 1128 1372 nitebantur.

171 1495 181 1518 .
362 1449 528 1512 ΧΧΙ.
601 1446 969 1524 Ambiguum
1025 1450 1323 1526 proelium
1390 1469 1508 1505 nox
1575 1449 1831 1508 diremit.
1929 1452 2063 1527 plus

193 1538 554 1598 discriminis
599 1538 759 1613 apud
801 1533 1064 1593 Grinnes
1101 1533 1467 1611 Vadamque.
1559 1532 1792 1592 Vadam
1820 1533 2061 1608 Civilis,

188 1784 247 1826 lz's
276 1781 351 1826 hic
379 1781 549 1841 requiri
574 1796 710 1827 nemo
735 1780 922 1824 dubitat.
982 1777 1090 1838 Syl-

190 1841 318 1884 labae
351 1842 485 1883 modi
511 1841 562 1883 inv
592 1847 703 1885 vett.
731 1837 859 1881 libris
892 1846 1093 1896 repertae

191 1907 344 1956 aperte
363 1898 505 1942 factae
526 1905 631 1940 sunt
657 1912 704 1938 ex
728 1911 819 1939 uno
841 1896 916 1938 die
930 1910 944 1938 .·
975 1911 1092 1953 *nam

190 1956 352 1999 eodem
420 1955 492 2001 die
547 1953 924 2013 quadripartitum
980 1952 1093 1995 illud

190 2013 417 2071 proelium
497 2013 669 2058 factum
747 2011 931 2055 historia
1005 2009 1094 2054 do-

188 2078 276 2117 cet.

247 2170 423 2214 divlsz'S.
456 2169 544 2216 Ed.
560 2168 678 2227 Spir.
704 2169 858 2211 ἀιύιὶςί.
882 2198 940 2204 -—
979 2169 1091 2211 Mox

190 2244 276 2288 pro
294 2228 463 2271 Veram
483 2227 586 2271 edd.
600 2220 808 2271 Beroald.
823 2227 924 2271 Alc.
947 2227 1090 2278 Vera,

190 2301 434 2346 operarum
459 2300 630 2328 errore·

247 2400 410 2430 sorore
437 2385 550 2428 eius.
610 2384 693 2428 Ed.
719 2382 842 2440 Spir.
880 2383 980 2424 eius
1011 2394 1094 2423 so·

188 2453 314 2489 rore.
373 2443 541 2486 Eadem
578 2457 682 2485 eum
710 2441 812 2483 MS.
843 2439 954 2496 Reg.
991 2446 1096 2479 tro-

191 2506 328 2546 heret
350 2516 435 2560 pro
461 2502 727 2542 traherent.
759 2498 868 2540 Mox
893 2494 1092 2553 e‹1.Spir.

188 2561 319 2617 ‚pcidi
355 2574 440 2617 pro
476 2558 731 2613 patrandi,
782 2562 975 2599 cautam
1010 2568 1093 2610 pro

190 2624 384 2660 cautum
398 2647 410 2664 ,
438 2618 601 2671 plures
626 2615 815 2657 nuntios
838 2628 921 2673 pro
939 2612 1093 2666 pluri—

190 2677 274 2719 bus
296 2675 486 2718 nuntiis.

246 2777 411 2832 quibus
453 2776 761 2817 obvenerant.
843 2770 920 2814 Sic
949 2767 1089 2813 MSS.

190 2833 339 2878 Guelf.
369 2833 513 2876 Vatic.
549 2831 674 2875 1958.
712 2829 814 2873 edd.
849 2828 953 2871 Put.
989 2842 1087 2884 sqq.

187 2908 292 2936 cum
331 2890 508 2934 silentio
541 2887 752 2933 Victorii.
798 2915 856 2923 --
925 2886 1092 2942 quibus

187 2956 383 2992 venerat
408 2947 512 2992 MS.
534 2946 681 2993 Vatia.
714 2944 840 2988 1863.
873 2972 933 2982 ---
990 2943 1088 2998 qui-

185 3008 269 3050 bus
281 3009 547 3049 advenerat
560 3003 750 3062 ed.Spir.
765 3027 819 3037 -·
832 3001 1002 3045 Eadem
1018 3015 1092 3042 ne·

187 3063 314 3122 gligit
333 3071 376 3106 et
401 3072 502 3106 ante
528 3063 791 3105 caedendis.
854 3059 964 3102 Mox
988 3065 1093 3112 opo

187 3124 525 3165 conturbavere
551 3135 632 3177 pro
661 3126 908 3173 operatum
933 3117 1091 3158 turba·

186 3194 318 3228 vere,
354 3186 414 3221 -et
445 3179 771 3220 centurionum
805 3174 1094 3230 primoribus

187 3253 272 3296 pro
290 3235 581 3292 primoribus
603 3235 943 3277 centurionum.

247 3338 390 3380 ceteri
412 3351 462 3380 se
487 3334 799 3378 munimentis
819 3330 1090 3388 defendere.

189 3397 291 3440 MS.
328 3393 435 3453 Reg.
475 3393 544 3437 ed.
578 3393 698 3449 Spir.
734 3391 898 3457 efteris
931 3390 1090 3432 immi-

187 3455 401 3496 nentibus
461 3449 731 3506 defendere.
822 3449 924 3491 MS.
977 3446 1094 3491 Bud.

187 3510 434 3554 eminentis
454 3509 732 3565 defendere.
762 3506 969 3565 neglecto
998 3513 1090 3548 ter-

187 3568 251 3616 tio
277 3565 519 3613 vocabulo.

1204 1787 1276 1849 ¹eit,
1301 1778 1508 1823 interim.
1580 1776 1666 1821 Ed.
1698 1776 1819 1838 Spir.
1854 1795 1911 1824 ac
1941 1781 2063 1825 inte-

1165 1853 1276 1883 run·

1223 1954 1489 2008 inrumpere
1538 1953 1803 1995 inchoatum
1852 1950 2066 2008 pontem.

1167 2010 1244 2055 Sic
1278 2010 1413 2054 codd.
1449 2009 1582 2053 MSS.
1616 2018 1661 2052 et
1696 2009 1799 2053 edd.
1839 2018 1943 2054 ante
1978 2010 2066 2053 Er-

1166 2067 1361 2112 uestium
1385 2077 1426 2111 et
1440 2067 1805 2117 Lallemandum,
1832 2068 1920 2111 nisi
1941 2067 2065 2126 quod

1164 2126 1250 2170 lac.
1275 2124 1540 2170 Gronovius
1563 2141 1586 2168 e
1612 2125 1714 2168 cod.
1741 2124 1893 2170 Oxou.
1917 2125 2066 2170 attulit

1162 2198 1397 2236 rumpere.
1458 2182 1517 2225 At
1538 2182 1656 2240 apud
1671 2180 1930 2226 Broterium
1945 2182 2067 2229 Harl.

1166 2249 1207 2282 et
1225 2239 1354 2282 Bodl.
1377 2238 1541 2282 habent
1565 2242 1854 2293 irrumpere,
1889 2240 1972 2283 les.
1998 2241 2064 2281 ir-

1163 2311 1360 2352 rupere,
1390 2304 1437 2339 et
1458 2295 1503 2338 hi
1526 2303 1628 2338 sunt
1647 2295 1944 2339 oxonienses.
1989 2297 2066 2340 Al-

1165 2353 1422 2411 tera.igitu1·
1446 2352 1688 2396 collatione
1713 2351 1935 2404 fallimur,
1978 2353 2068 2398 nisi

1165 2412 1200 2454 si
1227 2410 1497 2453 Oxoniensis
1525 2409 1556 2451 l.
1585 2408 1811 2453 Gronovii
1849 2410 1963 2453 liber
1993 2411 2067 2454 di-

1167 2485 1319 2512 versus
1343 2476 1407 2510 est
1430 2468 1484 2511 ab
1510 2467 1838 2511 oxoniensibus
1859 2468 2068 2515 Broterii.

1167 2527 1480 2583 Adripuerunt
1507 2535 1654 2568 tamen
1681 2523 1997 2570 Lallemandus
2025 2535 2070 2571 et

1166 2584 1398 2626 Ernestius
1433 2581 1558 2625 illam
1595 2582 1744 2625 Oxou.
1780 2583 2067 2641 scripturam,

1165 2650 1215 2685 ut
1253 2639 1465 2684 suadente
1497 2641 1579 2683 lac.
1604 2638 1844 2686 Gronovio
1879 2641 2069 2686 ederent

1162 2712 1380 2752 rumpere
1403 2713 1484 2756 pro
1509 2698 1809 2751 inrumpere,
1832 2698 1952 2755 quod
1974 2714 2068 2742 ver.

1164 2758 1270 2800 bum
1306 2755 1380 2799 hic
1416 2753 1543 2800 nihili
1577 2771 1670 2799 esse
1707 2754 1948 2799 adfirmant
1990 2755 2066 2801 vi-

1162 2814 1368 2873 tiumque
1402 2822 1549 2857 ortum
1587 2812 1641 2856 ab
1675 2821 1870 2861 extrema
1896 2811 2070 2871 syllaba

1164 2870 1471 2930 praecedentis
1487 2867 1714 2929 „vocabum
1741 2868 1935 2922 Errant...
1952 2868 2068 2922 Nam

1165 2930 1440 2984 inrumpere
1466 2927 1647 2986 aliquid
1665 2935 1730 2971 est
1753 2926 2068 2990 inruptionem

1164 2986 1312 3030 facere
1345 2986 1393 3029 in
1427 2984 1620 3043 aliquid,
1663 2992 1713 3027 ut
1739 2982 2069 3045 interpelletur.

1165 3045 1229 3087 cf.
1257 3044 1343 3088 An.
1366 3044 1406 3094 4,
1427 3042 1499 3086 67.
1524 3056 1585 3084 ne
1609 3042 1711 3099 quis
1729 3041 1936 3099 quietem
1969 3047 2070 3086 eius

1165 3103 1472 3156 inrumperet.
1562 3099 1626 3144 [ta
1669 3100 1943 3155 inrumpere
1986 3100 2066 3144 in·-

1165 3161 1388 3202 choatum
1420 3164 1624 3214 pontem
1655 3157 1926 3204 nitebantur
1954 3157 1999 3211 h,
2019 3174 2070 3204 re.

1164 3216 1425 3260 nitebantur
1446 3214 1568 3261 facto
1592 3215 1763 3272 impetu
1782 3212 2071 3272 interpellare

1165 3290 1278 3331 opus
1302 3272 1497 3318 inchoati
1520 3271 1692 3331 pontis,
1715 3287 1772 3316 ue
1795 3271 1949 3330 perfici
1970 3289 2070 3332 pos-

1166 3340 1246 3375 set.
1293 3329 1448 3386 Quare
1470 3329 1641 3373 restitui
1667 3337 1857 3373 veterem
1879 3331 2071 3388 scriptu·

1166 3405 1279 3432 ram.
1369 3387 1580 3431 Ceterum
1643 3387 1913 3431 inchoatum
1965 3386 2068 3432 edd·

1164 3446 1268 3489 Put.
1296 3462 1393 3504 sqq.
1417 3461 1522 3489 cum
1547 3443 1724 3488 silentio
1741 3443 1956 3496 Victorii·,
1990 3445 2070 3494 in,-

1166 3506 1386 3604 ccphalefum
1419 3501 1490 3549 ed.
1511 3501 1659 3563 Spir.;
1702 3503 1940 3548 incoatum
1967 3501 2069 3550 MS.

1217 3577 1267 3604 ue
1313 3592 1322 3604 .

2130 444 2136 481 ’ν

1150 627 1327 685 simul
1359 628 1650 704 Cerialem
1685 653 1878 709 neque
1919 635 2058 693 satis
2135 635 2138 668 ³
