2138 4030
163 263 214 300 A.
227 261 280 299 u.
297 248 386 296 314.

164 311 216 343 A.
234 304 280 342 C.
326 305 385 339 71.

642 261 818 322 Lm.
858 261 934 322 v,
1022 239 1144 319 CA
1159 257 1225 319 P.
1264 204 1366 322 ee.
1810 258 1940 321 519
1975 338 1980 350 Α

78 397 468 455 semisomnus
511 412 576 448 ac
603 405 799 466 'prope
835 389 1087 446 intectus
1124 407 1322 445 errore
1356 385 1618 457 hostium
1653 403 1938 451 servatur.
1981 398 1983 400 ’
2019 456 2027 467 χ
2084 450 2088 461 „

78 500 335 558 namque
358 477 715 557 praetoriam
740 494 953 531 navem
975 473 1190 530 vexillo
1216 473 1509 546 insignem
1526 521 1542 544 ‚
1582 476 1705 533 illic
1730 478 1941 533 ducem

79 569 220 638 rati,
247 565 568 640 abripiunt.
641 558 889 618 Cerialis
912 559 1056 615 alibi
1079 569 1312 615 noctem
1339 571 1559 631 egerat,
1583 572 1652 618 ut
1673 562 1942 639 plerique

23 717 33 721 ,
84 653 386 709 credidere
403 695 419 718 ,
462 649 539 704 ob
569 658 838 720 stuprum
850 642 1132 701 Claudiae
1152 643 1422 701 Sacratae
1444 645 1709 701 mulieris
1732 646 1941 707 Ubiae.-

82 750 142 794 et
195 736 405 810 vigiles
459 732 751 804 flagitium
807 748 981 786 suum
1035 729 1201 785 ducis
1244 729 1528 784 dedecore
1574 733 1944 802 excusabant,

85 833 384 898 tamquam
424 818 568 874 iussi
610 817 813 883 silere,
876 834 952 869 ne
993 815 1249 889 quietem
1286 814 1411 870 eius
1450 815 1772 874 turbarent.

1861 817 1943 875 ita

85 906 421 964 intermisso
450 903 613 975 signo
642 913 698 957 et
727 899 967 956 vocibus
993 919 1051 954 se
1075 920 1308 975 quoque
1335 899 1400 954 in
1429 917 1702 964 somnum
1730 901 1942 977 lapsos,

87 993 274 1048 multa
298 991 428 1046 luce
454 987 672 1043 revecti
696 982 892 1041 hostes
917 984 1160 1058 captivis
1186 984 1437 1040 navibus
1458 985 1813 1059 praetoriam
1836 987 1945 1044 tri-

87 1097 310 1134 remem
334 1073 580 1131 flumine
608 1070 841 1146 Luppia
867 1070 1092 1125 donum
1115 1067 1373 1125 Veledae
1404 1080 1646 1128 traxere.

145 1239 470 1284 semisomnus.
497 1237 572 1280 Sic
580 1235 716 1279 MSS.
727 1233 851 1277 Flor.
863 1233 981 1289 (test.

90 1296 397 1341 Iac.Gronov.
413 1294 487 1350 qui
503 1294 564 1337 ibi
578 1292 982 1341 viditsemisamm.

89 1355 236 1399 Vatie.
261 1352 385 1396 1863.
407 1351 559 1396 Guelf.
582 1350 698 1394 Bud.
735 1348 840 1392 edd.
862 1347 981 1404 Spir.

91 1411 180 1455 Iac.
193 1411 336 1455 Gron.
349 1426 445 1467 sqq.
467 1409 527 1453 cf.
541 1410 633 1452 An.
653 1406 913 1458 1,51.4‚25.
932 1428 984 1436 —-

89 1469 388 1512 semisomnis
407 1466 548 1510 MSS.
574 1465 715 1507 Vatic.
744 1463 868 1505 1958.
899 1471 985 1519 (se-

91 1526 239 1569 cunda
265 1541 424 1568 manus
447 1521 760 1579 superscripsit
784 1523 832 1577 ιι)
856 1520 988 1562 Bodl.

93 1583 191 1627 edd.
236 1583 338 1625 Put.
381 1580 591 1624 Beroald.
641 1582 766 1635 (cum
809 1577 986 1620 silentio

91 1638 231 1696 Vict.)
268 1655 368 1697 sqq.
420 1662 477 1671 —
548 1638 846 1680 semisonnus
883 1635 986 1677 MS.

93 1697 205 1753 Agr.
258 1720 316 1729 —
384 1696 681 1750 semisopitas
725 1692 827 1735 MS.
852 1692 984 1748 ‚Reg.

93 1753 311 1798 Similiter
351 1753 518 1796 Noster
562 1753 670 1795 dicit
712 1764 987 1798 semermus‚

94 1813 330 1862 inermus,
355 1810 599 1854 exanimus.

151 1870 361 1911 intectus.
405 1867 490 1910 Ed.
505 1866 623 1925 Spir.
646 1871 837 1907 icertus.
880 1862 987 1906 Mox

92 1927 323 1979 arripiunt
366 1941 452 1983 pro
498 1924 764 1979 abripiunt,
780 1919 987 1978 'vulgari

96 1983 377 2026 confusione.
415 1981 474 2026 cf.
497 1989 595 2023 not.
622 1981 676 2023 ad
700 1980 789 2023 An.
815 1978 882 2030 14,
906 1979 949 2021 8.

154 2050 386 2083 servatur.
464 2038 567 2082 MS.
608 2038 717 2095 Reg.
759 2039 988 2079 saluatur.

95 2099 150 2142 In
206 2099 406 2140 maraine
464 2097 667 2140 additur:
738 2103 864 2145 „tres
916 2092 990 2135 alii

97 2171 237 2254 {nan'q
264 2132 417 2212 scssipti
440 2155 617 2198 codices
643 2153 807 2196 habent
828 2166 990 2193 serva-

119 2227 190 2256 ur.

155 2270 269 2312 alibi
282 2276 463 2310 noctem
488 2254 664 2321 egerat.
722 2264 822 2324 MS.
838 2263 993 2308 Guelf.

96 2328 194 2368 alia
224 2328 339 2367 navi
364 2332 548 2367 noctem
571 2331 748 2377 egerat.
807 2324 862 2365 ln
887 2323 990 2364 MS.

97 2382 242 2426 Vatic.
272 2382 400 2424 1958.
427 2381 624 2423 secunda
646 2395 804 2422 manus
830 2379 993 2421 adscri-

98 2442 208 2499 psit:
251 2442 349 2482 alla
371 2439 485 2481 navi
501 2452 670 2479 navem
705 2436 865 2491 (voluit
889 2435 994 2477 dare

99 2500 323 2553 noctem).
420 2493 657 2551 Vulgatam
722 2493 994 2550 scripturam

99 2563 284 2597 tuentur
317 2552 421 2597 MS.
456 2551 601 2595 Vatic.
636 2549 759 2595 1863.
792 2560 835 2593 et
869 2549 995 2592 1958.

100 2614 147 2666 (a
171 2612 318 2670 prima
339 2611 494 2664 manu)
518 2609 616 2652 edd.
632 2608 749 2666 Spir.
767 2607 871 2651 Put.
897 2622 997 2665 sqq.

102 2670 225 2724 (cum
250 2667 428 2711 silentio
451 2665 680 2722 Victorii).

161 2741 385 2784 Claudiae
423 2739 665 2781 Sacratae.
743 2735 844 2779 MS.
884 2733 996 2794 Reg.

101 2799 368 2847 Sacrariae.
426 2796 510 2839 Ed.
540 2795 659 2853 Spir.
691 2795 910 2856 sacratig.

162 2867 378 2909 mulieris
393 2866 563 2915 Ubiae,
585 2871 629 2905 et
652 2864 820 2917 vigiles.
852 2862 996 2906 MSS.

103 2933 147 2968 et
166 2931 276 2969 vett.
301 2923 404 2966 edd.
429 2923 669 2964 mulieris:
700 2922 780 2963 ubi
807 2928 851 2962 et
879 2922 995 2974 vigi·-

104 2980 189 3026 les·
255 2978 500 3040 Rhenanus
534 2979 709 3036 egregie
744 2978 997 3022 emendavit

103 3037 314 3094 malieris
329 3037 491 3080 Ubiae.
555 3034 754 3089 Vigiles,
786 3050 896 3092 quae
917 3034 996 3077 ho-

104 3097 264 3152 dieque
302 3094 557 3152 vulgantur.
629 3093 717 3136 Sed
754 3108 807 3136 co
843 3091 915 3135 ula
953 3101 998 3134 et

104 3158 341 3211 propterea
364 3167 458 3194 non
483 3159 576 3194 erat
599 3166 792 3208 spernen
828 3161 874 3192 a}
911 3165 999 3193 nec

105 3210 161 3254 de
189 3199 331 3253 nihilo
364 3224 458 3252 esse
493 3216 630 3266 puto,
660 3207 783 3266 quod
806 3207 854 3250 in
878 3216 999 3253 vete-

104 3267 230 3310 ribus
253 3265 380 3310 libris
405 3274 604 3324 apparet.

161 3351 300 3380 suum
320 3338 459 3379 ducl's.
518 3334 622 3377 MS.
640 3335 721 3379 les.
740 3334 815 3376 sui
828 3334 973 3377 ducis.

161 3411 468 3451 excusabant.
526 3406 603 3450 Sic
616 3406 715 3450 MS.
729 3406 853 3459 Flor.
879 3407 996 3460 (test.

106 3465 248 3521 Vict.)
275 3465 373 3508 edd.
395 3465 511 3523 Spir.
539 3464 741 3507 Rhenan.
773 3465 840 3519 (ut
865 3463 993 3510 vide-

105 3530 182 3564 tur
202 3538 227 3565 e
247 3510 348 3566 MS.
368 3522 506 3579 Bud.)
527 3521 632 3565 Ald.
655 3536 752 3579 sqq.
797 3546 853 3569 -,-
912 3538 993 3564 ac·-

106 3580 328 3622 cusabant
364 3579 496 3623 MSS.
523 3577 676 3623 Guelf.
705 3578 843 3624 vatic.
868 3580 993 3623 1958.

1052 1231 1176 1278 Harl.
1195 1234 1278 1276 les.
1300 1232 1518 1277 edd.Put.
1531 1233 1597 1277 M.
1615 1241 1655 1277 et
1670 1233 1726 1278 V.
1741 1235 1946 1282 Beroald.

1053 1289 1156 1333 Alc.
1215 1290 1268 1333 In
1293 1289 1426 1335 MSS.
1451 1290 1595 1335 Vatia.
1617 1291 1741 1336 Harl.
1757 1294 1846 1337 les.
1872 1296 1943 1339 se-

1055 1347 1196 1391 sunda
1238 1363 1399 1391 manus
1439 1364 1579 1407 super
1614 1364 1671 1392 ac
1711 1351 1949 1411 adscripsit

1056 1419 1135 1447 ex.

1112 1462 1247 1515 signo
1282 1469 1326 1503 et
1359 1465 1559 1506 vocibus.
1628 1462 1845 1525 Rothqp.
1876 1467 1949 1512 53.

1057 1519 1166 1563 haec
1188 1517 1351 1576 accipit
1373 1528 1423 1562 ut
1455 1520 1504 1564 ἓν
1536 1519 1615 1565 διὰ
1646 1522 1780 1566 δυοῖν
1810 1524 1950 1567 addit-

1059 1592 1144 1634 que
1182 1575 1318 1620 haec:
1374 1578 1639 1631 „debebant
1672 1576 1791 1623 enim
1828 1583 1862 1624 si
1927 1599 1953 1626 a

1057 1641 1197 1678 noctu
1229 1649 1310 1691 per
1330 1650 1461 1678 voces
1489 1636 1647 1680 emitti.
1706 1638 1835 1681 Adde
1858 1597 1952 1683 5:¹3-

1058 1692 1228 1749 getium
1251 1690 1293 1743 3,
1316 1692 1356 1735 5.
1391 1697 1570 1736 vocalia
1601 1694 1768 1754 (signa)
1789 1697 1954 1740 dicun·-

1060 1757 1167 1797 ίαν,
1210 1764 1329 1805 quae
1355 1764 1466 1792 voce
1495 1754 1712 1794 humana
1730 1767 1952 1808 pronun-

1059 1808 1267 1862 tiantur,
1321 1807 1444 1849 sicut
1473 1810 1523 1850 in
1552 1810 1744 1862 vtgilizs,
1795 1815 1872 1854 vel
1909 1815 1957 1855 in
2039 1840 2048 1851 -.

1056 1866 1234 1919 proelio
1253 1871 1344 1918 pra
1365 1866 1501 1919 signa
1529 1867 1721 1918 dicitur-3
1759 1869 1958 1924 utputa

1061 1922 1298 1972 Victoria,
1349 1921 1547 1976 Palma,
1597 1924 1785 1974 Virtus,
1823 1927 1957 1970 Deus

1059 1981 1320 2030 nobiscum,
1373 1979 1421 2021 T
1415 1981 1662 2035 riumphus
1700 1984 1956 2037 imperato·
2030 2002 2064 2036 a·
2103 1992 2105 1994 ’

1062 2037 1132 2079 ris
1173 2044 1218 2078 et
1259 2038 1383 2088 alia,
1434 2053 1729 2094 quaecunque
1760 2041 1961 2083 voluerit

1062 2097 1180 2136 dare
1202 2094 1266 2142 is,
1296 2096 1376 2149 qui
1394 2095 1442 2136 in
1466 2095 1673 2136 exercitu
1692 2092 1838 2139 habet
1858 2114 1959 2140 ma·

1063 2151 1254 2193 ximam
1279 2153 1621 2205 potestatemffl
1675 2153 1858 2198 Rectius
1889 2164 1966 2198 ta-

1065 2223 1171 2250 men
1195 2208 1381 2260 signum
1399 2208 1672 2265 accipiemus
1693 2212 1747 2254 de
1770 2213 1964 2256 buccina

1066 2265 1114 2307 in
1152 2264 1420 2307 circuitione
1451 2265 1709 2323 vigiliarum
1738 2277 1965 2327 usurpata.

1066 2322 1127 2365 cf.
1149 2321 1317 2379 Polyb.
1338 2323 1392 2364 de
1411 2321 1507 2366 mil.
1528 2323 1663 2368 Rom.
1690 2341 1729 2369 c.
1751 2326 1801 2370 5.
1828 2324 1857 2382 ἡ
1886 2330 1966 2383 τῆς
2032 2323 2052 2358 x‘

1065 2379 1286 2437 ἔφοδείᾳς
1335 2382 1489 2428 πίστις
1541 2384 1604 2430 εἰς
1651 2381 1760 2432 τοὺς
1808 2385 1968 2434 ἱππεῖς

1065 2434 1351 2480 ἀνατίθεται.
1407 2432 1457 2481 ‘0
1488 2436 1578 2498 γὰρ
1610 2443 1853 2499 ταξίαρχος
1885 2442 1968 2499 rifat

1066 2494 1332 2551 ἐπιμέλειαν
1350 2499 1550 2538 ποιεῖται
1571 2499 1653 2540 τοῦ
1677 2499 1794 2542 κατὰ
1816 2496 1968 2558 φυλα-

1067 2550 1154 2618 κῂν
1190 2553 1441 2607 βουκανᾷν.
1504 2555 1654 2599 Voces
1679 2556 1878 2615 intellige
1898 2559 1970 2601 vi-

1068 2608 1227 2665 gilum.
1290 2609 1499 2653 Heinsius
1537 2611 1702 2656 frustra
1735 2617 1969 2661 coniecta-

1067 2666 1162 2710 vit:
1225 2668 1356 2721 signo
1397 2675 1442 2709 et
1482 2671 1650 2713 vicibus
1685 2687 1747 2716 sc.
1785 2672 1968 2732 vigilia-

1066 2739 1190 2767 rum.
1809 2735 1811 2739 ⁸

1127 2782 1389 2825 triremem.
1449 2781 1588 2827 MSS.
1611 2783 1725 2844 Reg.
1749 2786 1864 2846 Agr.
1893 2790 1966 2835 ed.

1067 2836 1189 2896 Spir.
1213 2840 1455 2882 biremem.
1793 2857 1799 2861 ·
1920 2840 1935 2843 “

1118 2895 1316 2951 flumine
1327 2896 1526 2953 Luppia.
1572 2897 1636 2940 Ex
1647 2901 1970 2948 emendatione

1069 2951 1298 3004 Rhenani,
1360 2971 1496 3012 quam
1545 2955 1817 3004 confirmant
1859 2960 1965 3006 MS.

1066 3009 1191 3053 Harl.
1218 3019 1261 3053 et
1285 3011 1358 3055 ed.
1382 3012 1504 3071 Spir.
1565 3012 1680 3057 Nam
1703 3015 1767 3059 ibi
1793 3017 1964 3075 estfla-

1069 3068 1194 3109 mine
1218 3066 1386 3122 Lupia.
1447 3069 1670 3130 MS.Reg.
1693 3071 1843 3128 Lupa.
1902 3075 1966 3119 At

1069 3124 1203 3167 MSS.
1238 3124 1390 3169 Guelf.
1424 3126 1557 3169 Bodl.
1595 3129 1681 3173 les.
1713 3129 1829 3174 Bud.
1863 3132 1966 3176 edd.

1028 3204 1033 3211 x
1070 3181 1173 3225 Put.
1189 3181 1253 3226 M.
1276 3191 1320 3226 et
1331 3183 1389 3227 V.
1401 3183 1606 3240 flumine
1619 3187 1791 3241 Impia.
1845 3188 1965 3234 Edd.

1070 3239 1281 3282 Beroald.
1327 3242 1450 3295 (cum
1492 3242 1640 3288 silent.
1683 3245 1818 3300 Vici.)
1846 3245 1965 3300 Alc.

1057 3295 1261 3361 flamine
1307 3298 1465 3354 Impio'
1527 3300 1733 3344 Beroald.
1787 3304 1964 3358 impio).

1071 3353 1269 3419 Pichena
1305 3364 1348 3398 et
1372 3357 1464 3400 lac.
1536 3358 1752 3401 ronovius
1779 3360 1833 3402 de
1860 3361 1965 3404 cod.

1069 3410 1194 3452 Flor.
1234 3420 1292 3454 ita
1322 3421 1498 3466 tacent,
1539 3422 1589 3456 ut
1622 3415 1826 3460 videatur
1858 3432 1966 3462 cum

1043 3483 1046 3485 ’
1067 3466 1270 3511 Rhenani
1294 3471 1603 3514 emendatione
1629 3474 1897 3516 consentire.

1125 3527 1314 3568 donum.
1382 3528 1459 3571 Sic
1492 3528 1627 3572 MSS.
1661 3528 1814 3574 Guelf.
1845 3530 1966 3576 Bud.

1070 3581 1171 3627 edd.
1226 3583 1327 3627 Put.
1385 3586 1451 3629 M.
1504 3585 1707 3630 Rhenau.
1754 3604 1854 3648 sqq.
1907 3612 1964 3650 ε-

1914 3766 1934 3796 χ
1983 3779 1987 3781 ,
