2138 4030
161 263 384 346 2:3⁸3&
574 265 747 328 [ΑΒ.
779 264 856 327 11.
935 263 1131 326 oAP.
1168 263 1268 326 52.
1308 244 1408 326 53.
1802 270 1921 330 193

242 396 373 458 LII.
422 395 621 453 Posito
638 395 869 471 ubique
896 394 1052 450 bello
1078 412 1288 467 magna
1313 415 1448 469 pars
1477 409 1710 456 senatus
1735 396 1937 460 extre}

76 505 249 543 mum
266 482 582 540 discrimen
605 480 748 536 adiit
772 478 1030 553 profecta
1054 480 1185 536 cum
1200 474 1444 536 Othone
1466 481 1540 537 ab
1562 485 1707 540 urbe
1723 531 1740 555 ,
1783 488 1923 545 dein
1974 551 1977 554 ,

75 570 349 628 Mutinae
373 567 592 625 relicta.
666 565 808 620 illuc
839 564 1083 620 adverso
1113 565 1186 620 de
1212 565 1436 638 proelio
1466 567 1744 628 adlatum.
1818 567 1923 630 vsed

75 656 293 712 milites
317 663 382 710 ut
403 651 616 708 falsum
639 669 938 706 rumorem
967 660 1341 723 aspernantes
1357 695 1371 717 ,
1427 653 1587 725 quod
1624 652 1921 714 infensum

78 737 312 798 Othoni
334 746 599 793 senatum
615 733 1090 802 arbitrabantur,
1120 735 1414 790 custodire
1438 755 1764 808 sermoneS,
1790 744 1924 798 vul-

76 837 203 882 tum
229 819 613 896 habitumque
639 815 868 876 trahere
897 818 962 873 in
985 817 1264 876 deterius:
1320 814 1612 876 conviciis*
1631 834 1924 897 postremo

77 931 143 966 ac
179 908 414 984 probris
455 911 687 962 causam
726 913 782 959 et
820 904 1061 959 initium
1107 903 1298 958 caedis
1338 907 1726 980 quaerebant,
1792 931 1926 969 cum

79 995 228 1051 alius
255 993 495 1066 insuper
521 1001 711 1046 metus
742 989 1109 1045 senatoribus
1135 988 1408 1058 instaret,
1461 1010 1536 1046 ne
1573 995 1938 1067 praevalidis*

77 1080 197 1136 iam
223 1077 453 1135 Vitellii
478 1075 743 1151 partibus
771 1083 1113 1130 cunctanter
1141 1073 1427 1148 excepisse
1456 1074 1764 1135 victoriam
1800 1099 1928 1137 cre-

82 1166 377 1222 derentur.
465 1161 546 1218 ita
579 1159 794 1234 trepidi
831 1170 886 1215 et
921 1158 1217 1233 utrimque
1255 1159 1415 1215 anxii
1451 1175 1694 1233 coeunt,
1748 1184 1924 1223 nemo

79 1249 358 1325 privatim
382 1245 650 1321 expedito
677 1243 955 1312 consili0,
1002 1243 1157 1298 inter
1182 1244 1400 1300 multos
1426 1246 1696 1304 societate
1724 1247 1928 1326 culpae

82 1335 281 1393 tutior.
340 1332 622 1388 onerabat
645 1328 985 1403 paventium
1018 1347 1184 1383 curas
1209 1329 1354 1384 ordo
1382 1327 1741 1390 Mutinensis
1765 1355 1928 1394 arma

80 1432 137 1476 et
165 1417 474 1494 pecuniam
501 1414 831 1482 offerendo,
875 1413 1322 1490 appellabatque
1348 1422 1541 1489 patres
1569 1420 1928 1496 conscriptos

78 1501 486 1577 intempestivo
512 1495 756 1557 honore.
1821 1530 1829 1534 κ

247 1584 410 1645 LIII.
452 1583 727 1643 Notabile
753 1583 892 1639 inde
917 1581 1176 1655 iurgium
1198 1583 1337 1652 fuit,
1371 1605 1488 1660 quo
1502 1583 1769 1647 Licinius
1783 1588 1932 1648 Cae-

81 1674 213 1732 cina
232 1671 588 1729 Marcellum
609 1666 865 1744 Eprium
893 1677 959 1723 ut
984 1667 1255 1740 ambigua
1283 1669 1663 1728 disserentem
1688 1675 1929 1740 invasit.

80 1891 238 1944 fallor,
277 1890 415 1936 verba
444 1895 488 1931 et
522 1888 656 1929 venia
685 1887 849 1929 statim
877 1885 972 1928 im—

77 1956 272 2004 petr-ota
302 1955 396 1991 arte
431 1943 674 1989 cohaerent
714 1959 817 1987 cum
852 1951 972 1986 ante-

81 2005 340 2050 cedentibus
365 2007 619 2062 spectatque
656 2003 789 2043 vem‘a
819 2001 970 2053 impe-

80 2070 212 2106 trata
240 2062 296 2105 ad
319 2076 470 2119 preces
494 2057 652 2101 Rubrii
674 2057 808 2101 Galli.
869 2058 971 2102 Ab·

79 2121 233 2164 lativus
260 2117 604 2162 concedentibus
630 2124 712 2158 ete.
745 2131 839 2157 non
863 2116 972 2158 red—

2 2225 14 2238 ,
80 2177 147 2221 dit
186 2176 406 2220 rationem
447 2173 834 2232 praecedentium,
893 2173 970 2216 sed

0 2286 3 2293 y
79 2233 341 2293 simpliciter
371 2232 538 2275 indicat
578 2245 690 2287 quae
726 2228 814 2272 sint
854 2229 969 2273 sacta

81 2293 238 2335 eodem
261 2299 465 2347 tempore
489 2289 739 2340 (wiz'hrend
757 2289 902 2329 durch
917 2288 968 2331 F.

80 2349 129 2392 S.
150 2347 407 2404 diejenigen
426 2346 670 2400 Truppen,
699 2347 904 2387 welchen
924 2360 973 2387 er

81 2408 453 2461 vot-gestanden,
501 2419 614 2445 zum
643 2402 799 2454 Sieger
837 2403 970 2443 iiber-

80 2465 283 2520 gingen).
331 2485 386 2496 -
451 2460 536 2503 Ed.
569 2459 688 2517 Spir.
725 2459 799 2502 his
831 2459 974 2514 copiis

79 2536 164 2578 pro
195 2522 248 2564 ils
282 2519 434 2575 oopus.
493 2518 584 2561 Pro
616 2516 839 2559 Flavium
871 2516 974 2560 MS.

82 2577 235 2622 Guelf.
263 2577 393 2621 babet
413 2575 634 2619 Fabium.

137 2649 251 2694 CAP.
294 2647 363 2691 52.
424 2649 621 2689 adverso
673 2648 730 2687 de
777 2646 972 2700 proelio.

82 2706 160 2750 Sic
201 2705 345 2750 codd:
377 2703 513 2747 MSS.
551 2703 675 2746 Flor.
720 2702 838 2756 (test.
882 2703 970 2746 Iac.

81 2764 223 2808 Gron.
267 2766 376 2821 Agr.
401 2758 556 2804 Guelf.
581 2759 765 2818 aliique,
798 2767 842 2803 et
867 2759 970 2803 edd.

84 2823 116 2866 S
149 2822 203 2864 ir.
228 2767 332 2864 I’ut.
366 2817 436 2861 M.
459 2827 502 2860 et
524 2818 581 2861 V.
605 2817 814 2860 Beroald.
847 2818 972 2872 (eum

81 2881 118 2923 si
137 2888 224 2923 ent.
250 2878 388 2932 vict.)
420 2873 524 2920 Alc.
558 2882 603 2917 et
635 2874 794 2918 deinde
824 2873 968 2933 Ryek.

83 2936 173 2981 lac.
210 2935 355 2980 Gron.
398 2947 494 2989 sqq.
549 2956 607 2969 .-
674 2934 732 2973 de
773 2936 973 2975 adverso

76 2996 255 3048 proelio
283 2990 385 3035 MS.
411 2989 525 3034 Bud.
560 2989 660 3033 edd.
692 2988 836 3032 Rhen.
868 2989 974 3037 Ald.

83 3067 178 3109 sqq.
204 3051 258 3093 ad
279 3047 421 3107 Ryck.

142 3110 319 3151 vultum
361 3104 678 3160 habitumque.
770 3102 831 3147 cf.
875 3112 970 3148 not.

3 3150 7 3154 ⁵
84 3182 204 3224 supr.
233 3165 286 3208 ad
316 3164 354 3214 l,
381 3161 448 3207 17.
515 3162 594 3206 Ed.
618 3161 734 3219 Spir.
766 3161 840 3205 dat
874 3166 966 3205 vul·

88 3231 188 3266 tum
210 3224 441 3265 habitum:
473 3221 660 3262 trahere
687 3227 773 3262 etc.

138 3305 390 3355 postremo.
447 3289 525 3335 Sic
547 3290 681 3335 MSS.
706 3271 970 3336 Bud.Corh.

88 3358 187 3401 edd.
240 3351 356 3410 Spir.
412 3348 554 3392 Rhen.
602 3349 705 3392 Ald.
761 3364 973 3449 “gfd-

848 3437 857 3447 .
932 3423 965 3450 s.

85 3421 377 3470 postremum
409 3405 546 3456 MSS.
579 3404 700 3449 Harl.
727 3406 783 3450 B,

89 3469 241 3516 Guelf.
270 3466 370 3512 edd.
398 3463 507 3508 Put.
531 3463 596 3508 M.
620 3471 663 3505 et
680 3463 737 3507 V.
764 3462 973 3510 Beroald.

1044 1888 1111 1933 11,
1152 1885 1196 1928 Ξ.
1246 1902 1301 1928 oc
1343 1895 1635 1940 postremam
1683 1896 1934 1940 mollitiam

1039 1946 1250 1996 corpon's·
1279 1945 1549 1990 obiectante.

1097 2002 1220 2041 inter
1243 2005 1419 2044 multos
1440 2003 1662 2049 societate
1683 2011 1844 2063 calpae
1865 2020 1933 2054 m-

1043 2059 1148 2100 tior.
1210 2057 1341 2101 Unus
1373 2059 1512 2103 codex
1533 2063 1642 2119 Agr.
1668 2075 1709 2108 et
1734 2067 1836 2110 inde
1861 2070 1932 2112 ed.

1042 2113 1203 2171 Ryckii
1228 2117 1414 2159 tutiore.
1474 2117 1537 2160 At
1563 2122 1748 2165 societas
1776 2125 1935 2183 culpae

1042 2188 1135 2214 non
1158 2181 1252 2216 erat
1277 2172 1465 2216 dicenda
1493 2177 1655 2231 tutior,
1689 2180 1830 2225 immo
1865 2199 1937 2226 se·—

1042 2237 1219 2294 natores
1265 2229 1475 2274 societate
1523 2236 1693 2293 culpae.
1783 2239 1937 2297 Quare

1041 2285 1216 2353 Lipsius
1250 2286 1425 2331 volebat
1449 2294 1661 2338 tutiores.
1721 2295 1819 2341 Hoc
1844 2298 1933 2342 dis-

1043 2344 1190 2409 plicet·
1226 2354 1411 2402 propter
1461 2349 1706 2393 verborum
1757 2355 1933 2406 seriem,

1043 2417 1156 2459 quae
1179 2402 1281 2443 inde
1306 2403 1476 2446 oritur:
1516 2406 1642 2449 inter
1668 2415 1839 2453 multos
1862 2443 1874 2455 .
1891 2445 1902 2456 .
1920 2446 1933 2457 .

1044 2460 1254 2524 tutiores.
1313 2459 1544 2506 Ernestius
1575 2466 1689 2508 bene
1721 2470 1932 2515 observa-

1043 2523 1110 2560 vit
1136 2530 1159 2556 e
1181 2531 1293 2559 voce
1313 2532 1453 2560 nemo
1478 2520 1532 2562 ad
1564 2522 1750 2566 alterum
1788 2543 1932 2570 mem-

1044 2573 1178 2616 brum
1217 2573 1554 2631 intelligendum
1591 2594 1683 2623 esse
1719 2584 1935 2640 quisque,

1043 2646 1148 2673 nam
1168 2644 1310 2696 (verno
1335 2641 1400 2674 est
1423 2635 1606 2689 quisque
1626 2651 1737 2683 non.
1798 2640 1933 2685 Cete-

1042 2703 1147 2731 rum
1169 2703 1216 2729 in
1239 2687 1446 2745 ed.Spi1·.
1466 2705 1569 2736 voc.
1591 2697 1751 2750 cullme
1771 2698 1906 2743 deest.

1096 2753 1265 2799 patres
1310 2748 1607 2801 conscrrptos.
1687 2753 1761 2798 Sic
1800 2755 1934 2801 MSS.

1043 2801 1167 2846 Flor.
1196 2802 1312 2856 (test.
1344 2802 1479 2860 Vici.)
1513 2805 1765 2870 Bud.·Reg.
1794 2811 1932 2858 Corb‘.

1045 2859 1145 2902 edd.
1169 2859 1284 2917 Spir.
1310 2858 1452 2904 Rhen·
1479 2861 1584 2906 Ald.
1604 2881 1700 2924 sqq.
1731 2898 1789 2905 ..-
1842 2886 1932 2926 pa..

1045 2923 1141 2958 tres
1159 2920 1392 2959 consultos
1405 2917 1535 2963 MSS.
1549 2921 1672 2966 Harl.
1688 2923 1751 2969 les
1783 2926 1933 2974 Guelf.

1047 2972 1146 3016 edd.
1178 2974 1277 3016 Put.
1311 2975 1380 3017 M.
1418 2985 1460 3018 et
1488 2976 1541 3020 V.
1578 2979 1776 3027 Beroald.
1816 2986 1933 3035 Ale..

1047 3046 1158 3089 quae
1199 3031 1418 3089 scriptura
1470 3033 1688 3094 originem
1736 3043 1865 3085 traxit
1911 3060 1934 3086 e

1045 3116 1325 3216 (ιοῐῐη).ι;·ι]ἑ11ἰοΧ
1344 3097 1505 3160 conms

1042 3175 1429 3284 Μιξῆἰῗιῒιρὲέῖιύο.
1450 3275 1456 3284 ⁴
1507 3235 1606 3279 MS.
1642 3236 1766 3280 Flor.
1814 3241 1930 3293 (test.

1043 3289 1082 3328 V
1086 3289 1181 3346 iet.)
1207 3297 1248 3331 et
1267 3289 1336 3332 ed.
1349 3289 1466 3349 S'pir.
1481 3293 1756 3347 intempesti.
1817 3297 1933 3340 Ulti-

1042 3363 1159 3390 mam
1182 3345 1395 3404 syllabam
1418 3350 1560 3407 prima
1583 3351 1775 3409 proximi
1797 3370 1929 3398 voca-

1042 3404 1135 3448 buli
1161 3403 1400 3461 absorpsit.¹

1099 3461 1212 3504 CAP.
1237 3458 1304 3504 53.
1364 3463 1579 3506 Notabile
1601 3465 1708 3506 inde
1729 3466 1932 3520 iurgium

1514 3153 1529 3175 ‚
1572 3123 1695 3178 quod
1725 3134 1858 3169 exstat
1885 3127 1932 3170 in

89 3531 211 3583 (cum
240 3523 385 3568 silent.
407 3520 546 3578 Viet.)
572 3520 686 3564 Αἶα·
732 3520 792 3565 cf.
819 3522 906 3565 An.
935 3525 975 3574 1,
1031 3519 1157 3576 suit,
1190 3533 1279 3574 quo
1302 3526 1385 3562 etc.
1426 3519 1500 3563 Sic
1513 3520 1929 3568 MSS.Harl.Bodl.

87 3587 157 3630 74.
196 3599 252 3628 ac
284 3589 575 3635 postremum
610 3579 699 3622 sibi
737 3580 953 3622 invenere

170 3651 414 3702 TAcvrus
453 3643 549 3695 III.

1046 3579 1129 3620 les.
1155 3574 1307 3619 Guelf.
1334 3576 1432 3693 εἷς.
1462 3577 1563 3622 Put.
1590 3578 1655 3621 M.
1681 3587 1722 3621 et
1746 3579 1799 3622 V.
1826 3581 1927 3626 Ber.
