2138 4030
137 241 350 281 2fl.11.82⁴.

68 305 69 311 ¹
138 287 251 325 R-C.
289 287 347 340 71.

613 245 664 304 L
679 243 705 302 Ι
718 244 788 306 Β.
823 243 932 306 IV.

1000 235 1194 304 GAP.
1231 243 1332 305 42.
1761 252 1882 312 421

49 380 260 454 „gulas
285 378 491 434 domos
516 384 692 449 seque
713 385 770 429 et
799 374 1092 436 delatores
1113 374 1409 446 fatigaret}
1452 395 1618 449 posse
1643 380 1884 437 univer-

47 501 81 536 ,-,›
97 484 227 522 sum
250 473 516 519 senatum
534 478 653 515 una
676 478 817 514 voce
843 456 1120 516 subverti.
1186 457 1460 516 Retinete
1475 505 1492 528 ‚
1531 473 1723 534 patres
1747 484 1890 520 con-

46 548 323 623 „,scripti,
367 559 424 604 et
446 555 735 601 reservate
761 538 1064 622 hominem
1089 554 1209 599 tam
1236 543 1492 618 expediti
1516 547 1778 616 consilii,
1819 561 1887 606 ut

48 633 290 706 „omnis
335 642 490 687 aetas
533 630 815 684 instructa
860 629 966 697 sit,
1031 639 1086 684 et
1135 630 1439 704 quomodo*
1484 649 1649 686 senes
1696 635 1883 690 nostri

43 717 476 791 „Marcell-um,
545 712 854 787 Crispum,
922 713 1162 769 iuvenes
1213 711 1510 786 Regulum
1562 715 1884 775 imitentur.

42 803 323 876 „invenit
357 801 532 857 etiam
568 799 829 854 aemulos
863 798 1068 853 infelix
1106 799 1391 874 nequitia:
1437 799 1580 875 quid
1610 801 1659 855 si
1682 802 1888 859 floreat

47 886 441 963 ‚‚.vigeatque'?
493 897 550 942 et
583 904 759 959 quem
795 879 986 939 adhuc
1014 884 1411 959 quaestorium
1439 884 1737 940 offendere
1763 907 1886 945 non

40 1021 77 1044 „
89 975 402 1040 audemus,
438 969 796 1045 praetorium
825 979 882 1023 et
909 969 1275 1024 consularem
1307 969 1493 1025 visuri
1517 971 1759 1027 sumus?
1810 992 1887 1027 an

41 1057 381 1130 „Neronem
418 1066 738 1111 extremum
778 1053 1158 1109 dominorum
1193 1052 1450 1128 putatis?
1503 1054 1662 1110 idem
1694 1056 1888 1112 credi-

39 1145 325 1215 ,‚derant‚
393 1141 496 1216 qni
542 1138 822 1206 Tiberio,
892 1138 995 1214 qui
1045 1135 1187 1193 Caio
1237 1138 1572 1213 superstites
1621 1141 1884 1210 suerunt,

39 1249 220 1300 „cum
256 1226 492 1282 interim
523 1223 916 1280 intestabilior
952 1234 1009 1279 et
1042 1217 1269 1303 saevior
1306 1227 1539 1280 exortus
1577 1236 1678 1284 est.
1762 1230 1883 1282 non

38 1361 71 1384 ‚‚
87 1315 361 1370 timemus
386 1309 841 1383 Vespasianum:
886 1328 950 1363 ea
976 1307 1263 1382 principis
1288 1319 1442 1365 aetas
1459 1355 1476 1378 ,
1517 1329 1583 1365 ea
1607 1311 1884 1367 modera-

38 1400 186 1469 „tio.
249 1398 351 1453 sed
388 1396 610 1452 diutius
648 1395 865 1449 durant
900 1393 1157 1467 exempla
1204 1413 1381 1470 quam
1404 1414 1615 1453 mores,

87 1484 344 1549 enimus,
384 1491 574 1554 patres
603 1478 912 1552 conscripti
933 1523 948 1545 ‚

37 1529 116 1557 ”0

1698 1392 1886 1451 Elan-

991 1498 1099 1533 nec
1128 1477 1245 1533 iam
1273 1478 1374 1534 ille
1403 1491 1635 1536 senatus
1663 1499 1884 1548 sumuS,

35 1615 69 1640 ,‚
85 1569 188 1645 qui
215 1567 403 1624 occiso
416 1563 652 1621 Nerone
676 1564 965 1620 delatores
993 1574 1048 1619 et
1072 1563 1373 1619 ministros
1397 1584 1563 1620 more
1587 1565 1883 1646 maiorum

32 1653 407 1729 „puniendos
439 1649 755 1722 flagitabat.

34 1759 212 1814 „pem
243 1737 368 1793 dies
391 1735 635 1811 primus.
651 1731 677 1751 ”

32 1980 180 2030 gatum
214 1980 278 2015 est
311 1971 355 2014 in
387 1967 487 2013 MS.
519 1967 667 2012 Gueli.
701 1967 800 2011 edd.
835 1967 921 2009 Be-

32 2030 174 2074 roatd.
197 2031 318 2084 (cum
341 2027 487 2070 silent.
504 2027 639 2081 Vict.)
663 2026 763 2069 Ale.
784 2041 880 2082 sqq.

85 2128 224 2168 seque
268 2119 312 2153 et
357 2113 610 2170 delatores.
678 2108 761 2151 Ed.
800 2109 918 2165 Spir.

30 2184 225 2226 sequens
268 2171 522 2210 delatores.
604 2166 717 2208 Mox
761 2167 916 2208 eadem

31 2235 266 2269 mutentur
293 2241 375 2284 pro
398 2225 661 2267 imitentur.

87 2311 233 2353 visuri
266 2323 439 2352 sumus.
510 2305 569 2350 cf.
603 2313 700 2348 not.
736 2306 794 2348 ad
823 2306 915 2349 An.

32 2369 98 2419 12,
121 2368 163 2410 2.
220 2364 489 2409 Ricklefsius
524 2364 690 2406 frustra
724 2364 916 2405 coniecit

28 2423 382 2470 substituendum
405 2437 498 2463 esse
518 2422 696 2463 laesuri
709 2435 885 2462 sumus.

83 2516 277 2551 exortus
301 2513 383 2550 est.
443 2505 526 2548 Ed.
549 2503 666 2561 Spir.
699 2511 920 2557 exceptus

28 2576 111 2610 est.

83 2653 166 2693 sed
223 2647 396 2690 diucius
453 2648 635 2688 durant
697 2645 915 2695 exempla

27 2723 169 2763 quam
216 2718 390 2747 mores.
473 2704 624 2760 Inepta
668 2709 743 2744 aut
788 2699 915 2744 nihili

28 2764 137 2808 haec
185 2762 402 2806 sententia
447 2761 597 2818 Lipsio
661 2758 910 2805 videbatur.

30 2820 184 2878 Quare
217 2819 387 2876 legebat
418 2831 604 2862 amores
633 2832 716 2873 pro
748 2830 913 2865 mores,

28 2887 125 2920 tum
165 2877 299 2921 attera
337 2874 484 2919 littera
528 2873 671 2917 divisa
711 2881 917 2915 autores.

27 2933 223 2992 Ryckius
235 2933 456 2990 vulgatam
473 2931 737 2987 scripturam
752 2930 917 2972 iudica-

29 2993 94 3036 vit
110 3007 285 3042 sanam3
308 2990 493 3048 explicat
511 3002 644 3030 vero:
671 3019 697 3037 ‚‚
711 2987 788 3030 sed
809 3003 915 3044 poe-

27 3066 111 3092 nae
144 3047 370 3091 malorum
406 3047 568 3090 diutius
601 3045 826 3087 deterrent
861 3045 914 3087 ab

28 3105 210 3149 illorum
251 3104 496 3147 imitatione
538 3100 741 3145 homines
782 3117 915 3156 quam

27 3161 243 3221 principis
266 3161 373 3204 boni
400 3169 531 3218 atque
561 3175 583 3201 a
614 3157 780 3200 malitia
811 3174 912 3201 eos·

28 3222 128 3264 dem
166 3220 426 3262 deterrentis
457 3217 546 3262 vita
577 3216 721 3258 durat.
738 3214 767 3234 ’⁹
827 3215 911 3257 Er-

29 3278 222 3322 nestius:
283 3275 551 3326 „Malorum
604 3272 907 3330 exemplorum

27 3336 96 3379 vis
124 3334 299 3392 longius
333 3332 461 3375 durat
492 3346 624 3406 quam
658 3329 803 3372 virtus
830 3331 910 3372 bo-

29 3407 192 3435 norum
229 3388 498 3452 principum.
523 3387 535 3406 ’
605 3386 913 3429 Gutmannus:

31 3448 366 3507 „Vespasianus
387 3462 481 3488 non
503 3453 567 3488 est
592 3445 813 3487 timendus
836 3459 916 3485 no-

30 3505 123 3550 bist
166 3512 208 3548 at
240 3503 442 3547 moribus
477 3502 570 3545 eius
600 3515 694 3543 non
725 3501 807 3543 tuti
843 3516 915 3542 su-

31 3579 128 3606 mus
155 3580 179 3606 a
201 3563 244 3608 vi
266 3561 487 3605 matorum
513 3558 845 3616 exemplorum,
869 3557 915 3601 ni

842 1647 1097 1723 optimus
1135 1659 1218 1704 est
1253 1659 1384 1723 post
1410 1649 1633 1706 malum
1660 1650 1883 1725 princi-

994 1967 1237 2023 puniantur
1257 1969 1587 2011 accusatores.”
1619 1966 1885 2011 Ricklessius

994 2034 1119 2081 putat
1141 2025 1280 2066 inesse
1308 2024 1610 2080 suspicionem
1627 2058 1639 2076 ,
1671 2033 1881 2082 tanquam

993 2089 1034 2123 et
1049 2079 1340 2137 Vespasianus
1363 2080 1488 2123 malis
1511 2081 1718 2139 exemplis
1740 2082 1787 2124 in
1841 2097 1882 2124 e—

993 2139 1060 2179 ius
1085 2138 1248 2179 mutari
1280 2138 1432 2194 possit.
1490 2138 1577 2181 Sed
1598 2156 1620 2182 a
1645 2155 1753 2184 vero
1781 2155 1808 2197 p
1830 2148 1901 2182 us'

989 2193 1198 2238 minusve
1230 2194 1406 2238 absunt.
1475 2194 1554 2238 Est
1585 2195 1799 2239 sententia
1832 2197 1880 2239 in

987 2251 1247 2294 universum
1293 2251 1424 2295 dicta.
1512 2252 1725 2311 Exempla
1775 2260 1882 2296 sunt

989 2317 1064 2352 aut
1086 2309 1204 2351 bona
1229 2317 1303 2352 aut
1328 2309 1469 2351 mala:
1505 2326 1652 2353 mores
1677 2317 1750 2352 aut
1773 2309 1887 2354 boni«

991 2376 1068 2409 aut
1112 2366 1216 2408 mali
1269 2367 1486 2421 (Tagend
1527 2370 1640 2410 oder
1681 2366 1881 2420 Laster).

990 2422 1076 2465 Hic
1106 2439 1256 2465 sermo
1290 2424 1436 2466 est-de
1456 2426 1582 2467 malis
1604 2424 1813 2482 exemplis
1836 2431 1881 2467 et

990 2479 1209 2522 moribus.
1271 2479 1359 2522 lam
1394 2496 1552 2524 mores
1586 2497 1679 2523 non
1715 2483 1881 2524 durant

988 2537 1104 2579 ultra
1128 2536 1323 2579 hominis
1348 2536 1512 2590 vitam,
1541 2538 1749 2581 desinunt
1772 2537 1880 2581 faci·

987 2609 1100 2635 nore
1135 2594 1180 2634 in
1219 2594 1340 2636 calce
1364 2596 1503 2638 vitae:
1548 2594 1742 2652 exempla
1773 2595 1874 2637 diu-

986 2650 1073 2694 tius
1096 2650 1282 2701 durant,
1316 2667 1420 2693 nam
1451 2652 1704 2695 timendum
1729 2659 1794 2694 est
1817 2667 1881 2695 ne'

985 2707 1083 2765 quis
1107 2706 1266 2749 deinde
1291 2707 1504 2751 imitetur.
1564 2707 1707 2766 Igitur
1727 2721 1874 2768 quan·

983 2780 1115 2822 quam
1161 2763 1382 2807 malorum
1420 2765 1675 2823 principum
1714 2770 1883 2818 nsore's,

985 2831 1069 2868 ait,
1102 2821 1190 2863 iam
1214 2821 1363 2864 aboliti
1383 2831 1487 2865 sunt
1506 2824 1651 2880 probo
1674 2822 1878 2881 principe
1949 2851 1951 2853 ·

987 2894 1258 2929 successore,
1284 2879 1346 2921 vis
1365 2880 1667 2938 exemplorum
1687 2879 1876 2923 illorum

986 2935 1183 2978 timenda
1207 2942 1298 2987 est,
1334 2952 1390 2979 ne
1411 2936 1459 2980 in
1481 2944 1709 2994 posterum
1734 2938 1881 2982 valeat·

987 2991 1253 3049 adiiciatque
1306 2993 1414 3036 alios
1471 2993 1526 3036 ad
1576 2992 1873 3040 imitationem

988 3050 1204 3106 priorum.
1263 3048 1417 3105 Quare
1438 3058 1584 3094 metus
1602 3051 1874 3095 adiiciendus

986 3115 1065 3149 est.
1139 3106 1260 3149 Haec
1299 3116 1364 3150 est
1401 3108 1618 3151 sententia
1649 3107 1875 3152 Montani.

987 3163 1196 3206 Ceterum
1222 3163 1322 3206 MS.
1343 3165 1453 3224 Agr.
1487 3180 1571 3223 pro
1598 3180 1739 3221 quam
1766 3181 1870 3208 mo-

984 3234 1060 3261 res
1095 3237 1117 3263 a
1149 3220 1345 3264 secunda
1377 3237 1514 3265 manu
1557 3221 1689 3266 habet
1729 3238 1871 3279 quam

982 3279 1110 3331 hist-fes
1159 3290 1200 3332 h.
1241 3306 1281 3332 e.
1325 3306 1466 3345 quam
1520 3293 1745 3334 homine&
1818 3290 1870 3347 μΑ

984 3347 1127 3404 prima
1154 3363 1289 3389 mauu
1319 3346 1388 3391 ibi
1403 3347 1575 3392 videtur
1597 3349 1733 3391 fuisse
1765 3363 1871 3390 mo-

984 3418 1074 3447 res.

1046 3502 1353 3555 elangm'mus.
1435 3505 1538 3551 MS:
1573 3505 1678 3562 Agr.
1721 3512 1763 3548 et
1801 3504 1873 3548 ed.

988 3559 1108 3617 Spir.
1130 3561 1443 3614 elanguemus.
