2138 4030
228 279 310 338 96
367 348 373 358 Χ
797 272 1498 343 HISTORIARUM
1767 266 1992 364 2325&

227 421 409 487 cepta.
506 410 742 486 publice
787 421 986 466 tamen
1031 409 1213 469 armis
1258 409 1496 468 multati
1537 412 1891 498 privatisffiet‘
1933 423 2085 495 pr&

225 494 468 555 miscuis
504 495 688 572 copiis
722 495 924 551 iuvere
962 494 1230 555 militem.
1328 496 1429 555 sed
1463 496 1620 554 fama
1656 502 1928 561 constans
1961 504 2077 564 fait

222 585 420 660 ipsum
442 579 752 639 Valentem
776 598 988 652 magna
1014 578 1264 654 pecunia
1299 593 1579 656 emptum.
1665 585 1715 641 is
1750 580 2077 653 diu'ssrffia

224 671 367 740 duS,
420 678 660 744 repente
693 665 890 734 diveS‚
937 663 1326 731 mutationem
1349 667 1624 724 fortunae
1650 671 1804 728 male
1828 674 2076 748 tegebat,

220 740 477 813 acc'en‘sis
501 744 750 826 egestate
770 749 947 822 longa
970 749 1349 825 cupidinibus
1375 752 1797 818 immoderatus
1820 768 1876 816 et
1906 759 2077 837 inopi

175 906 180 909 χ
222 841 465 916 iuventa
494 856 668 894 senex
692 834 1003 911 prodiqu⁴
1077 833 1271 894 Lento
1299 836 1516 894 deinde
1541 840 1776 913 agmine
1799 858 1906 918 per
1929 834 2076 904 fines

189 911 201 915 ⁴
223 922 619 998 Allobrogum
655 931 713 978 et
736 917 1181 978 Vocontiorum
1206 920 1417 980 ductus
1454 925 1774 996 exercituS‚;
1811 928 1941 1004 ipsa
1972 930 2075 989 iti..

222 1032 436 1069 nerum
473 1008 659 1084 spatia
693 1018 750 1065 et
782 1006 1151 1063 stativorum(
1169 1007 1525 1065 mutationes
1556 1011 1900 1072 venditante
1925 1015 2081 1074 duce'

218 1095 408 1155 foedis
432 1092 807 1171 pactionibus
836 1091 1114 1148 adversus
1146 1111 1507 1167 possessores
1542 1112 1820 1178 agrorum
1857 1110 1914 1157 et
1946 1115 2075 1158 ma-

220 1175 495 1258 gistratus
530 1178 866 1247 civitatum,
906 1178 1064 1235 ,adeo
1102 1177 1442 1250 minaciter,
1495 1190 1564 1236 ut
1587 1179 1753 1240 Luco
1787 1177 2074 1260 (munici-

192 1244 386 1344 *pium
411 1267 475 1322 id
498 1262 933 1321 Vocontiorum
958 1260 1068 1342 est)
1092 1263 1244 1331 faces
1268 1264 1628 1335 admoverit,
1673 1268 1862 1326 donec
1892 1290 2073 1346 pecu—

217 1354 318 1410 nia
336 1351 728 1424 mitigaretur.
754 1361 765 1364 ”
792 1347 1064 1425 quotiens
1085 1348 1369 1424 pecuniae
1393 1351 1637 1408 materia
1657 1353 1905 1425 deesset,
1948 1367 2073 1414 stu-

212 1439 337 1515 pris
363 1450 419 1496 et
443 1435 749 1493 adulteriis
779 1434 1146 1493 exorabatur.
1176 1477 1180 1481 -
1232 1434 1332 1493 Sic
1358 1436 1433 1491 ad
1454 1430 1637 1511 Alpes
1659 1451 2027 1513 perventum.

379 1512 645 1581 LXVII(
667 1517 811 1577 Plus
841 1519 1091 1595 praedae
1130 1539 1196 1576 ac
1234 1520 1540 1593 sanguinis
1569 1519 1822 1582 Caecina
1856 1521 2068 1587 hausit.

152 1635 157 1642 ··
211 1609 604 1670 inritaverant
629 1605 938 1662 turbidum
961 1604 1269 1679 ingenium
1295 1603 1587 1676 Helvetii,
1642 1605 1875 1678 Gallica
1912 1629 2070 1685 gens,

211 1679 358 1753 olim
387 1692 576 1750 ”armis
612 1690 933 1768 virisque„
960 1710 1097 1746 mox
1135 1691 1418 1747 memoria
1454 1692 1717 1749 nominis
1750 1688 1937 1767 clara,
1997 1698 2070 1753 de

213 1781 388 1840 caede
411 1777 638 1838 Galbae
662 1775 857 1850 ignari
876 1786 938 1849 et
956 1773 1191 1832 Vitellii
1214 1776 1533 1852 imperium
1556 1779 1899 1859 abnuentes,
1949 1782 2068 1838 ini-

209 1869 360 1931 tium
394 1865 552 1923 bello
586 1863 703 1919 fuit
737 1860 983 1918 avaritia
1020 1881 1087 1917 ac
1126 1861 1424 1919 festinatio
1462 1864 1952 1923 unaetvicesimae
1982 1867 2069 1924 le-

181 1949 422 2028 ·gio'niS.
530 1958 849 2024 rapuerant
900 1947 1213 2022 pecuniam
1267 1948 1507 2005 missam
1573 1949 1638 2003 in
1709 1950 2070 2027 stipendium
2133 1981 2138 1984 ·

204 2114 375 2175 vulgari
442 2109 688 2153 oscitantia.
778 2109 882 2152 MS.
945 2106 1102 2151 Guelf.
1176 2107 1343 2174 Grou.)
1374 2118 1475 2166 post
1499 2111 1742 2179 scfngqitzis
1763 2112 2007 2179 interponit
2023 2115 2072 2170 ᾗ,

206 2170 547 2222 commendatis
600 2183 651 2209 ro
675 2167 1059 2209 commendantis.
1174 2182 1287 2223 quae
1310 2165 1454 2209 httera
1479 2167 1589 2224 quld
1619 2169 1702 2212 s1h1
1737 2168 1841 2213 velit
1875 2187 1971 2214 non
1992 2187 2065 2230 ap-

265 2228 473 2275 multati.
598 2225 638 2268 ic
676 2224 779 2268 MS.
818 2224 943 2267 Flor.
987 2231 1100 2266 teste
1172 2232 1322 2281 paret,
1375 2238 1630 2282 quanquam
1664 2242 1756 2270 non
1790 2227 1959 2274 frustra
1991 2229 2065 2272 ad.

204 2286 432 2335 Victorio.
497 2283 556 2326 cf.
598 2291 694 2326 not.
739 2283 793 2325 ad
834 2282 923 2325 An.
958 2282 995 2331 1,
1028 2280 1098 2329 77,

204 2343 424 2394 mulctati
458 2341 561 2385 MS.
595 2338 748 2383 Guelf.
791 2339 890 2382 edd.
926 2346 1099 2388 omnes,

204 2421 311 2452 eum
344 2400 448 2445 alibi
485 2398 696 2442 nonnulli
729 2396 928 2441 scribant
968 2399 1096 2438 mul-

252 2478 320 2506 re.

201 2475 477 2565 maecenas.
537 2511 637 2557 MS.
662 2509 816 2556 Guelf.
851 2527 875 2554 a
903 2512 1098 2555 secunda

200 2593 336 2623 manu
381 2585 624 2620 accensu8‚
687 2578 912 2614 commate
950 2570 1098 2627 posito

200 2645 302 2697 post
336 2636 490 2687 longa.
559 2628 762 2672 Eandem
797 2627 1097 2685 distinguendi

198 2693 436 2738 rationem
453 2694 638 2745 usurpat
670 2683 969 2733 Puteolanus,
1019 2683 1098 2742 qui

200 2751 333 2795 etiam
367 2755 587 2806 punctum
617 2743 769 2803 posuit
800 2749 902 2805 ante
931 2757 1093 2785 accen-

226 2824 282 2852 ιε.

200 2825 223 2854 s
253 2876 415 2909 senex.
473 2859 575 2903 MS.
598 2856 750 2902 Guelf.
771 2871 920 2901 senes.

255 2919 606 2967 Vocontiorum.
665 2915 745 2959 Ed.
767 2915 886 2974 Spir.
918 2929 1094 2957 vocan-

196 2985 386 3027 tiorum.
447 2975 548 3017 MS.
562 2972 716 3016 Guelf.
743 2973 790 3014 V
785 2973 1093 3024 ocantiorum,

197 3049 240 3084 et
258 3039 318 3082 ita
341 3050 459 3078 mox·
1067 3088 1077 3099 .

253 3095 429 3148 stupris
466 3099 510 3133 et
545 3090 808 3133 adulteriis.
881 3089 957 3132 Sic
991 3088 1094 3131 MS.

198 3153 325 3199 Flor.
361 3151 475 3205 (test.
508 3147 632 3190 Vict.
673 3163 777 3189 cum
811 3145 959 3203 Pich.)
991 3146 1094 3189 edd.

199 3210 322 3271 Spir.
354 3205 482 3250 Pich.
517 3203 638 3262 Lips.
665 3205 810 3258 (1607)
836 3203 967 3246 Grut.
993 3219 1091 3261 sqq.

200 3277 245 3313 et
277 3268 337 3310 ita
363 3263 579 3310 volebant
610 3262 832 3312 Faernus,
885 3261 1093 3310 Ursinus,

198 3326 432 3372 Muretus,
455 3318 698 3363 Acidalius.
758 3320 819 3361 At
835 3317 966 3362 MSS.
979 3319 1092 3362 Bud.

199 3382 323 3427 Harl·
353 3375 488 3423 Bodl.
521 3375 676 3426 Guelf.
720 3376 820 3418 edd·-
856 3377 958 3420 Put.
990 3376 1093 3419 Ber.

201 3441 303 3486 Ale.
334 3437 479 3481 Rhen.
509 3431 614 3477 Ald.
648 3432 768 3490 Lips.
807 3433 978 3490 priores
1003 3433 1094 3476 ‘ad-

201 3499 315 3543 dunt
336 3495 525 3540 alterum
550 3498 594 3533 et
619 3498 720 3533 ante
746 3491 929 3544 stupris.

260 3554 374 3598 CAP.
394 3553 466 3596 67.
523 3564 578 3591 ac
611 3549 850 3600 sanguinis
884 3549 1096 3592 Caecina.

203 3607 308 3657 MS.
351 3610 473 3654 Flor.
524 3610 643 3664 (test.
692 3605 806 3647 Vict.
854 3621 957 3647 cum
1004 3608 1094 3649 lae.

1172 2296 1266 2323 esse
1289 2280 1477 2323 videtur.
1539 2281 1628 2326 Iac.
1646 2281 1908 2342 Gronovjus
1926 2287 2065 2345 suspi-

1171 2337 1357 2382 cabatur
1380 2336 1622 2396 legendum
1645 2357 1762 2386 esse:
1792 2345 1901 2399 plus
1916 2350 2065 2399 pr‘ae-

1169 2398 1258 2437 dae
1279 2411 1335 2438 ac
1355 2397 1599 2453 sanguims
1616 2401 1740 2453 plus.
1793 2448 1796 2449 ⁷

1227 2454 1340 2495 olim
1361 2455 1530 2498 armis.
1589 2454 1668 2499 Sic
1686 2457 1786 2501 edd.
1799 2452 1944 2504 Rhen.
1957 2458 2064 2504 Ald-

1171 2526 1270 2568 sqq.
1309 2526 1333 2554 e
1363 2510 1569 2555 Rhenani
1602 2512 1804 2573 ingenio.
1858 2540 1908 2552 -
1974 2519 2068 2561 soli

1169 2570 1218 2609 in
1256 2568 1403 2611 armis
1440 2569 1575 2614 MSS.
1606 2570 1723 2615 Bud.
1759 2571 1909 2618 Guelf.
1942 2573 2064 2632 Harl.

1169 2625 1301 2667 Bodl.
1330 2625 1429 2668 edd.
1455 2626 1559 2685 Spir
1582 2628 1684 2671 Put.
1709 2629 1813 2676 Ber.
1846 2632 1970 2686 (cum
2001 2633 2062 2675 si·

1168 2682 1277 2726 lent.
1294 2682 1434 2739 Viet.)
1459 2686 1562 2728 Alc.
1626 2685 1736 2730 Vitii
1758 2689 1826 2730 ori
1859 2688 1978 2733 inem
2002 2689 2062 2733 fa·

1170 2740 1254 2783 cile
1303 2740 1539 2800 intelliges.
1629 2741 1742 2787 Mox
1848 2745 1896 2790 S.
1949 2747 2062 2805 Agr.

1167 2799 1290 2839 clari
1304 2812 1389 2855 pro
1414 2802 1569 2851 clara,
1601 2815 1650 2843 ex
1673 2802 1945 2848 emendandi
1968 2814 2060 2848 stu-

1166 2855 1242 2897 dio
1264 2863 1307 2896 et
1330 2854 1388 2896 ob
1412 2858 1684 2914 praecedens
1695 2862 1806 2904 soli.
1927 2888 1952 2912 =,
2006 2854 2023 2870 ”

1222 2926 1279 2953 ac
1286 2911 1560 2967 festinatio.
1616 2912 1739 2961 Haec
1758 2933 1783 2960 a
1796 2914 2061 2964 MSAEuelf.

1166 2970 1326 3036 absunt
1331 2984 1350 3037 3
1395 2972 1550 3015 eadem
1582 2988 1744 3017 manus
1774 2974 1983 3035 adposuit
2013 2978 2060 3020 in

1164 3042 1382 3083 margme.
2014 3079 2019 3090 k

1227 3089 1613 3131 unaetm'cesimae
1656 3091 1745 3144 leg.
1816 3088 1895 3134 Sic
1923 3089 2060 3134 MSS.

1168 3143 1292 3185 Flor.
1332 3146 1446 3199 (test.
1479 3145 1600 3188 vict.
1635 3163 1740 3190 cum
1770 3147 1916 3204 Pich.)
1947 3147 2058 3208 Reg.

1169 3200 1309 3247 (lorh.
1350 3202 1451 3245 edd.
1492 3202 1615 3246 Pich.
1657 3203 1748 3258 (hic
1789 3206 2058 3254 unetuae'e'eS.)

1168 3256 1303 3302 Grut.
1348 3259 1568 3318 Bernegg.
1612 3275 1710 3320 sqq.
1778 3262 1926 3306 Recte.
1995 3261 2055 3306 cf.

1166 3332 1205 3358 e.
1230 3315 1301 3359 61.
1333 3341 1391 3351 -
1449 3322 1573 3370 unde
1608 3325 1652 3360 et
1684 3320 1927 3363 vicesimae
1957 3318 2057 3364 MS.

1166 3372 1282 3415 Bud.
1320 3374 1389 3417 ed.
1412 3373 1530 3433 Spir.
1567 3403 1626 3412 --
1684 3377 2058 3421 undevicesimae

1166 3430 1269 3474 MS.
1302 3430 1432 3475 Bodl.
1467 3432 1566 3477 edd.
1596 3432 1698 3477 Put.
1727 3433 1834 3477 Ber.
1866 3449 1964 3493 sqq.
2001 3435 2058 3478 ad

1167 3487 1295 3531 Pich.
1332 3512 1390 3521 ——
1451 3492 1585 3534 unius
1614 3496 1661 3533 εἰ
1683 3490 1928 3552 vicesimae
1950 3490 2055 3535 MS.

1170 3544 1322 3589 Guelf.
1349 3562 1375 3590 a
1399 3546 1595 3592 secunda
1620 3561 1774 3593 manu.
1902 3551 1906 3557 ²

1227 3611 1503 3659 rapuerant.

1595 3604 1672 3648 Sic
1730 3605 1864 3662 cod-d.
1903 3604 2054 3673 MSS.
2128 3627 2138 3670 ⁹⁴]

2093 3854 2135 3937 ἒ
