2138 4030
203 312 210 325 .
229 239 377 327 520?

808 263 1513 336 HISTORIARUM

1782 261 1901 316 nu.
1925 269 2010 310 θρα.

1783 316 1834 348 Α.
1852 312 1900 348 e.
1930 312 2008 355 171.

344 407 373 437 ·’
402 393 635 455 ΧΧΙΙΙ.
700 392 958 453 Civilem
1012 395 1230 470 cupido
1272 396 1524 469 ,incessit
1577 389 1847 461 navalem
1912 406 2098 465 aciem

230 481 588 541 ostentandi.

226 567 438 624 ordine
471 567 810 641 agebantur.

675 482 959 558 complet,
1004 483 1164 556 quod
1199 481 1520 540 biremium
1543 505 1810 563 quaeque
1841 489 2097 566 simplici

897 566 1124 622 adiecta
1161 566 1370 640 ingens
1403 568 1675 627 lintrium
1717 572 1808 629 vis
1843 575 2096 634 tricenos

227 653 754 730 quadragenosque
781 651 1125 708 ferentium:
1167 656 1529 711 armamenta
1560 655 1870 715 liburnicis
1895 661 2093 719 solita:

232 749 291 796 et
326 739 512 796 ¹simul
553 750 721 814 aptae
768 738 976 793 lintres
1021 737 1239 810 sag-ulis
1290 739 1748 798 versicoloribus
1794 739 1957 802 haud
2001 746 2097 803 in-

226 824 437 881 decore
487 844 596 900 pro
643 823 790 881 velis
843 822 1222 884 iuvabantur.

222 957 419 999 domum
460 953 561 1000 edd.
593 954 697 996 Put.
730 951 942 996 Beroald.
993 951 1118 1002 (cnm

221 1011 375 1056 silent.
416 1009 561 1069 Victo*
597 1010 700 1055 Alc.
751 1034 810 1044 --
878 1009 963 1052 Ed.
999 1007 1118 1067 Spir.

211 1069 393 1128 ,omittit
421 1071 561 1117 verba
594 1074 774 1112 donum
810 1067 1040 1118 Veledae,
1079 1075 1122 1110 et

256 1144 308 1171 ro
334 1137 533 1171 traxere
560 1127 716 1170 eadem
735 1125 867 1169 habet
889 1127 1118 1168 detraxit.

272 1202 294 1228 e
322 1187 503 1229 Veleda
525 1183 583 1229 ef.
607 1191 704 1226 not.
729 1183 783 1226 ad
805 1182 916 1225 nist.
939 1183 982 1234 4,
1001 1182 1074 1224 61.

282 1243 396 1288 CAP.
433 1242 504 1288 23.
566 1243 729 1298 cupido
774 1240 971 1283 incessit.
1042 1239 1122 1283 Sic

217 1299 487 1346 MS.Guels.
507 1298 615 1343 edd.
638 1298 740 1343 Put.
762 1297 971 1341 Beroald.
998 1298 1120 1351 (cum

218 1358 404 1415 silentio
434 1357 570 1415 Vict.)
607 1373 704 1415 sqq.
766 1358 826 1399 At
861 1354 962 1399 MS.
997 1355 1119 1398 Flor.

219 1418 343 1472 (test.
377 1415 523 1469 Pieli.)
559 1417 720 1471 cupido
759 1415 917 1456 invasi
938 1413 1120 1463 incessi,

217 1474 343 1519 unde
388 1472 587 1517 Pichena
641 1471 912 1516 coniiciebat
957 1472 1119 1524 cupido

217 1531 379 1575 inanis
409 1531 613 1574 incessit.
672 1529 874 1589 Ryckius
905 1528 1010 1571 inde
1035 1526 1117 1569 ad·-

214 1590 306 1634 fert
331 1591 493 1632 invasi
515 1588 717 1632 incessit.
778 1587 990 1633 Alterum
1014 1600 1116 1625 ver-

214 1648 328 1691 bum
366 1655 431 1690 est
468 1641 705 1706 glossema.
775 1644 972 1687 Transiit
1008 1642 1120 1685 haec

186 1702 492 1807 -lcvtlztgrlssptgla
528 1704 585 1748 ad
617 1703 746 1774 'alios
786 1700 1118 1801 etiarrlivlgilgos.

307 1796 317 1806 .
374 1779 401 1805 u
439 1795 448 1804 .
471 1769 838 1807 invasamcesstt.
987 1792 996 1801 .
1053 1774 1074 1799 e
1108 1791 1118 1801 .

194 1821 289 1865 τᾶ.
311 1821 430 1879 Spir.
459 1820 668 1864 inuasit.-
696 1819 845 1861 cessit.
908 1773 1118 1859 Heius-iis

218 1895 244 1922 e
269 1879 372 1923 cod.
395 1877 560 1936 Spinae
594 1876 721 1920 dedit
743 1876 928 1921 invasit.

273 1939 398 1994 quod
441 1938 702 1979 biremium.
776 1933 860 1976 Ed.
899 1930 1016 1990 Spir.
1061 1933 1118 1986 ql‘

215 1995 432 2038 biremes.
490 1994 594 2037 MS.
610 1991 764 2036 Guell.
789 1993 978 2047 quidem
997 1990 1115 2030 bire-

212 2052 379 2095 mium.
458 2051 564 2096 MS.
594 2049 719 2095 Bud.
755 2057 800 2093 et
832 2052 953 2106 quod
989 2049 1113 2090 bire-

194 2126 379 2154 amum.

269 2168 457 2210 adiecta
487 2167 655 2219 ingens
680 2197 693 2209 .
713 2196 725 2208 .
743 2194 757 2208 .
777 2195 788 2206 .
808 2165 1114 2206 iuvabantur.

211 2226 362 2270 Locus
408 2224 456 2267 in
499 2222 636 2267 MSS.
682 2221 806 2265 varie
854 2227 1115 2275 corruptus.

211 2284 318 2328 MS.
353 2282 478 2326 Flor.
521 2288 631 2324 teste
659 2279 880 2322 Pichenat
929 2278 1115 2319 adiecta

210 2345 375 2397 ingens
405 2339 620 2382 lz‘ntrium
650 2338 720 2380 vis
755 2338 955 2380 tricenos
989 2336 1114 2390 q'ua-

210 2403 539 2454 dragenosque
564 2411 616 2439 se
648 2402 695 2438 et
724 2398 1032 2439 armamenta
1054 2392 1113 2432 li·

211 2457 412 2500 burnicis
444 2458 625 2499 solitae.
686 2453 737 2495 ln
772 2450 874 2494 edd.
906 2448 1112 2492 Gronov.

212 2514 393 2558 Ernest.
417 2513 605 2569 aliisque
628 2510 854 2559 Pichenae
882 2505 1113 2550 adnotatio

210 2573 272 2618 ita
301 2572 639 2628 corrumpitur,
679 2576 730 2610 ut
756 2566 955 2610 scribant
975 2564 1116 2606 solita

246 2646 296 2673 ro
335 2632 520 2673 solitae.
590 2626 822 2669 Victorius
862 2640 910 2666 ex
953 2621 1115 2664 eodem

209 2647 554 2746 libraprodidit
576 2685 710 2728 haecz
751 2682 932 2725 adiecta
955 2681 1116 2732 ingens

211 2747 421 2790 lintrium
447 2745 517 2787 vis
537 2747 602 2785 ad
624 2742 824 2784 tricenos
846 2740 1111 2794 quadrage-

210 2818 392 2859 nosque
415 2817 498 2845 ceu
516 2806 819 2844 armamenta
850 2795 1112 2851 lyburnicas

180 2900 183 2905 ,
213 2862 340 2916 (haec
362 2859 437 2904 ille
459 2859 507 2902 in
530 2859 599 2901 ed.
622 2855 832 2901 Beroald.
852 2854 1018 2896 intacta
1043 2867 1112 2892 re-

212 2918 368 2977 liquit;
405 2916 639 2974 sequentia
669 2932 692 2958 e
715 2913 841 2956 Flor.
872 2911 932 2954 ita
963 2909 1113 2966 habet)

211 2977 352 3024 solite
376 2983 422 3018 et
443 2975 588 3018 simul
605 2980 736 3038 captg
762 2974 937 3026 lyntres
969 2982 1113 3020 sagu-

214 3035 278 3082 lis
328 3033 680 3076 versicoloribus
727 3031 855 3072 haud
903 3028 1114 3068 indecore

209 3107 304 3149 pro
326 3092 437 3134 velis
457 3092 758 3132 imitabantur.
809 3083 947 3127 MSS.
961 3080 1108 3125 Vatic.

213 3149 327 3207 Reg.
360 3148 430 3192 ed.
465 3147 582 3204 Spir.
615 3148 803 3188 adiecta.
829 3144 994 3196 ingens
1023 3139 1114 3182 un.

213 3208 364 3250 trium
388 3205 456 3248 vis
475 3206 672 3247 tricenos
695 3204 1117 3257 quadragenosque

203 3265 315 3323 fere
346 3263 655 3306 armamenta
690 3260 780 3314 (ed.
805 3258 922 3317 Spir.
954 3256 1113 3311 arnna)

216 3322 459 3365 liburnicis
480 3322 612 3382 solitf
638 3325 682 3361 et
708 3319 853 3360 simul
871 3321 1002 3369 capte
1023 3314 1115 3355 lin-

220 3388 320 3423 tres
369 3378 547 3434 sagulis
588 3374 943 3419 versicoloribus
980 3376 983 3380 ’
1019 3367 1116 3413 aad

219 3441 431 3480 indecore
488 3450 577 3490 pro
646 3433 753 3479 telis
813 3431 1109 3474 iuuabuntur.

219 3494 357 3539 MSS.
381 3493 530 3537 Vatic.
559 3492 681 3535 1958.
716 3489 839 3533 Harl.
870 3486 1003 3531 Bodl.
1028 3485 1111 3531 les.

221 3550 378 3595 Guelf.
407 3551 507 3594 edd.
534 3551 633 3594 Put.
664 3549 733 3592 M.
759 3555 802 3591 et
824 3544 881 3587 V.
904 3542 1112 3587 Beroald.

223 3610 323 3658 Ate.
352 3611 536 3656 adiecta
555 3611 715 3663 ingens
734 3603 942 3653 lintrium
966 3603 1034 3646 vis
1052 3605 1116 3646 ad

1310 825 1565 898 spatium
1608 828 1771 885 velut
1822 825 2095 907 aequoris

1193 953 1392 995 tricenos
1433 956 1843 1013 quadragenosque
1889 973 1970 1001 ceu
2005 974 2092 1002 ar-

1192 1018 1441 1052 mamenta
1454 1010 1736 1065 Lyburnicos
1756 1017 1853 1057 soli
1867 1017 1997 1061 haud
2018 1018 2094 1059 in-

1190 1071 1352 1110 decore
1379 1079 1469 1120 pro
1508 1071 1619 1111 velis
1650 1072 1876 1114 iuvabant
1910 1073 2028 1126 (Vat.
2052 1082 2094 1118 et

1191 1124 1318 1167 Harl.
1364 1126 1687 1184 iuvabantur).
1767 1130 1820 1172 ln
1856 1129 1982 1173 Harl.
2025 1146 2089 1174 se-

1192 1182 1340 1226 cunda
1383 1199 1543 1225 manus
1585 1200 1666 1241 pro
1711 1188 1803 1229 soli
1840 1187 2094 1232 emendavit

1190 1242 1360 1294 solita,
1401 1240 1661 1298 addiditque
1694 1242 1741 1286 iu
1774 1245 1999 1311 margine:
2044 1253 2090 1288 et

1189 1299 1339 1342 simul
1358 1305 1518 1352 captae
1546 1301 1709 1343 lintres
1737 1304 1914 1354 sagulis
1946 1305 2089 1346 versi·

1191 1356 1436 1398 coloribus.
1498 1354 1599 1399 MS.
1624 1356 1739 1409 Bud.
1763 1358 1959 1403 tricenos
1979 1376 2090 1416 qua-

1190 1415 1501 1469 drigenosque
1528 1428 1611 1456 seu
1646 1425 1863 1459 armente
1888 1420 2092 1460 talibur-

1188 1472 1305 1512 nicis
1333 1473 1426 1513 soli
1446 1473 1577 1513 'liaud
1603 1479 1688 1518 etc.
1743 1472 1860 1517 Edd.
1883 1474 2088 1520 Rhenan-

1190 1528 1296 1571 Atd.
1334 1527 1513 1584 Mieyll.
1559 1530 1744 1573 adiecta
1791 1533 1956 1586 ingens
1995 1534 2088 1576 lin-

1190 1586 1335 1627 trium
1359 1588 1438 1627 vis.
1499 1587 1700 1630 tricenos
1734 1593 2089 1644 quadragenos-

1190 1658 1279 1698 que
1325 1644 1470 1685 simul
1516 1649 1822 1688 armamenta
1861 1648 2090 1692 liburnicis·

1190 1702 1300 1743 olim
1314 1731 1326 1749 ‚
1367 1701 1499 1742 haud
1533 1700 1744 1743 indecore
1769 1717 1860 1755 pro
1884 1706 1995 1748 velis
2015 1708 2086 1747 iu—

1190 1762 1381 1802 vabant.
1455 1757 1566 1802 Edd.
1603 1758 1723 1816 Lips.
1763 1764 1863 1817 sqq.
1907 1764 2088 1807 adiecta

1188 1818 1352 1870 ingens
1375 1817 1591 1858 lintrium
1613 1818 1695 1859 vis.
1746 1820 1945 1861 tricenis
1966 1836 2084 1874 qua-

1187 1873 1507 1928 dragenisque
1532 1881 1832 1917 armamenta
1857 1877 2086 1920 liburnicis

1187 1934 1357 1977 solita.-
1391 1940 1434 1974 et
1459 1933 1601 1973 simul
1623 1939 1787 1984 captae
1809 1934 1976 1977 lintres
1999 1949 2081 1978 sa-

1187 1989 1310 2044 gulis
1342 1989 1688 2034 versicoloribus
1723 1992 1838 2032 haut
1874 1983 2086 2036 indecore

1185 2063 1277 2104 pro
1313 2048 1427 2089 velis
1471 2047 1772 2090 iuvabantur.
1840 2047 1945 2092 MS.
1975 2052 2085 2109 Agr.

1189 2115 1231 2149 et
1257 2104 1363 2148 inde
1389 2103 1458 2146 ed.
1478 2102 1620 2161 Ryek.
1652 2106 1849 2148 tricenos
1872 2111 2084 2162 quadra-

1187 2178 1425 2219 genosque
1446 2162 1583 2217 ferre
1613 2171 1835 2211 armatos
1865 2163 2086 2208 Liburni-

1187 2237 1269 2263 cae
1307 2221 1503 2261 solitae:
1553 2227 1600 2260 εἰ
1637 2222 1779 2261 simul
1815 2227 1902 2264 etc.
1983 2223 2083 2268 MS.

1187 2279 1299 2334 Agr,
1325 2276 1373 2319 in
1397 2274 1484 2317 fine
1508 2275 1620 2317 loci:
1645 2292 1735 2328 pro
1759 2279 1894 2318 tac-lis
1916 2293 2081 2322 arma-

1185 2337 1373 2376 bantur.
1405 2331 1611 2374 Heinsius
1628 2331 1806 2375 volebat
1818 2334 1979 2377 scribi:
2006 2340 2085 2381 tri·

1183 2405 1299 2434 ceno
1319 2388 1706 2444 quadragenoq'ae
1721 2387 1928 2445 qu'aeque
1941 2407 2086 2445 remo,

1183 2451 1267 2493 sed
1300 2455 1343 2490 et
1375 2451 1679 2487 armamenta
1702 2455 1788 2489 etc.
1849 2447 2082 2505 bipontini

1182 2506 1332 2549 fecere
1357 2519 1471 2561 quae
1492 2519 1616 2546 nuuc
1639 2504 1893 2561 vulgantur.
1925 2507 1987 2550 At
2009 2525 2082 2566 pa·

1184 2580 1289 2607 rum
1335 2561 1438 2604 fidei
1482 2570 1546 2604 est
1587 2560 1693 2603 huic
1732 2561 1980 2619 scripturae
2032 2584 2080 2611 ex

1185 2629 1295 2667 vett.
1331 2619 1455 2662 libris
1486 2619 1535 2661 in
1570 2619 1719 2662 verbis
1740 2619 2002 2674 serentium
2037 2633 2079 2667 ct

1184 2686 1348 2732 aptae,
1387 2691 1476 2719 nec
1496 2676 1631 2721 video
1660 2677 1766 2733 quid
1788 2676 1871 2718 sibi
1895 2678 2002 2723 velit
2031 2681 2081 2725 il.

1186 2737 1264 2778 lud
1294 2743 1454 2790 aptae.
1521 2733 1703 2777 Rectius
1736 2732 1925 2778 sortasse
1954 2737 2081 2782 locus

1183 2795 1483 2838 constituatur
1539 2791 1629 2834 sie:
1690 2794 1871 2834 adiecta
1915 2793 2082 2848 ingens

1184 2852 1394 2894 lintrium
1420 2852 1513 2900 vis,
1553 2853 1617 2892 ad
1641 2850 1846 2891 tricenos·
1871 2855 2077 2906 quadra—

1182 2922 1441 2964 genosque:
1482 2910 1566 2949 sed
1594 2910 1905 2949 armamenta
1934 2909 2078 2954 libur-

1184 2967 1298 3009 nicis
1321 2967 1482 3009 solita:
1513 2971 1558 3007 et
1573 2965 1718 3007 simul
1737 2978 1817 3005 eae
1838 2964 1971 3018 ipsae
1991 2968 2079 3012 lin.

1185 3032 1286 3066 tres
1328 3025 1508 3078 sagulis
1554 3020 1915 3074 versicoloribus-
1950 3025 2081 3070 baud

1185 3085 1400 3124 indecore
1455 3094 1543 3134 pro
1605 3079 1719 3120 velis
1780 3078 2078 3129 invocantur,

1187 3139 1338 3181 Verba
1361 3142 1426 3181 ad
1447 3140 1645 3180 tricenas
1666 3137 2080 3192 quadragenosque

1187 3197 1437 3240 accuratius
1460 3193 1719 3240 describunt
1740 3191 1969 3250 ingentem
1995 3195 2077 3239 lin-

1184 3254 1322 3296 trium
1355 3253 1465 3298 vim.
1525 3252 1602 3296 Sic
1633 3249 1732 3294 LiV·
1767 3249 1809 3299 6.
1836 3250 1910 3297 ΞΟ.
1940 3252 2078 3295 Man-

1183 3314 1275 3353 lius
1300 3310 1498 3366 protulit
1523 3309 1675 3364 spolia
1696 3309 1898 3350 hostium
1919 3324 2076 3353 caeso-

1170 3384 1291 3421 ,rum
1320 3371 1384 3411 ad
1406 3369 1623 3422 triginta,
1666 3367 1796 3406 dona
1827 3367 2075 3421 imperato.

1182 3442 1291 3470 rum.
1327 3429 1392 3468 ad
1431 3424 1763 3480 quadraginta.
1847 3422 2074 3470 Panic-‚uta

1181 3487 1264 3528 sed
1289 3482 1360 3530 vel
1381 3491 1451 3526 set
1471 3480 1685 3527 facillime
1708 3479 1855 3537 potuit
1876 3482 2000 3525 abire
2026 3481 2074 3526 in

1184 3557 1237 3584 se
1264 3549 1333 3590 et,
1375 3539 1497 3598 quod
1524 3537 1720 3582 Piehena
1753 3536 1867 3582 vidit
1894 3539 1941 3581 in
1972 3539 2073 3582 cod.

1186 3601 1307 3645 Flor.
1326 3632 1338 3652 ,
1374 3606 1417 3641 et
1441 3614 1463 3642 e
1490 3593 1761 3659 compendio
1782 3593 1861 3650 s&
1883 3595 1990 3641 item
2014 3595 2074 3642 fa.

2086 3753 2110 3764 A
