2138 4030
209 256 211 259 ’
229 242 285 321 2:
302 242 359 319 3.-
374 239 461 318 ⁸33:

675 241 851 301 LIB.
881 240 928 300 Ι.
997 236 1196 300 CAP.
1236 240 1332 300 132
1367 241 1463 301 14.
1910 245 1996 303 27

144 377 466 434 libidinum
490 373 868 447 deposuerat,
903 371 1091 429 donec
1114 366 1424 427 Octaviam
1450 385 1693 428 uxorem
1724 372 2002 432 amolire-

145 474 269 520 tur:
338 479 476 517 mox
514 467 846 532 suspectum
883 455 950 511 in
987 456 1201 511 eadem'
1225 453 1508 529 Poppaea·
1534 455 1600 510 in
1633 458 2000 530 provinciam

144 545 514 604 Lusitaniam
561 541 749 617 specie
791 540 1104 614 legationis
1153 539 1430 615 seposuit.
1541 536 1704 596 Otho
1756 545 2004 602 comiter

146 630 553 689 administrata
578 626 884 702 provincia
910 626 1138 701 primus
1173 625 1239 680 in
1262 635 1456 699 partes
1477 628 1867 698 transgressus
1894 649 2004 688 nec

108 781 110 785 s
148 716 459 791 segnisvet,
513 714 701 770 donec
735 711 960 768 bellum
997 710 1141 778 fuit,
1183 710 1340 765 inter
1372 722 1705 783 praesentes
1740 713 2004 786 splendi-

147 801 422 858 dissimus
445 818 606 873 spem
632 796 968 871 adoptionis
992 795 1185 851 statim
1211 805 1551 869 conceptam
1573 795 1766 852 acrius
1789 797 1856 853 in
1883 800 2007 857 dies

148 886 445 962 rapiebat,
496 881 834 939 faventibus
873 880 1168 956 plerisque
1202 878 1489 949 militum,
1543 900 1733 955 prona
1769 881 1835 938 in
1871 904 2005 941 eum

154 971 289 1028 aula
314 968 568 1027 Neronis
593 979 660 1024 ut
683 967 956 1026 similem.

319 1078 484 1139 XIV.
558 1077 676 1136 Sed
707 1076 919 1134 ·Galba
962 1086 1095 1151 post
1139 1076 1383 1132 nuntios
1421 1073 1810 1135 Germanicae
1834 1080 2010 1137 'sedi-

151 1167 358 1236 tionis,
393 1181 733 1242 quanquam
754 1158 909 1218 nihil
930 1157 1122 1217 adhuc
1148 1162 1220 1217 de
1244 1158 1487 1218 Vitellio
1511 1174 1763 1234 certum,
1802 1165 2010 1223 anxius

152 1271 413 1333 quonam
455 1246 812 1305 exercituum
846 1246 936 1302 vis
975 1258 1335 1321 erumperet,
1393 1267 1468 1302 ne
1499 1248 1731 1304 urbano
1769 1250 2010 1327 quidem

152 1337 329 1393 militi
360 1334 641 1402 confisuS,
679 1333 840 1409 quod
875 1331 1206 1387 remedium
1240 1332 1484 1388 unicum
1514 1332 1789 1405 rebatur,
1824 1336 2012 1392 comi-

151 1421 235 1478 tia
270 1419 508 1495 imperii
545 1417 844 1492 transigit,
885 1412 1272 1492 adhibitoque
1309 1436 1484 1492 super
1505 1415 1754 1474 Vinium
1792 1439 1859 1485 ac
1892 1419 2012 1490 La..

155 1525 362 1564 conem
397 1502 594 1560 Mario
629 1501 798 1560 Celso
837 1501 1075 1559 consule
1115 1502 1416 1575 designato
1454 1522 1520 1558 ac
1548 1500 2015 1563 Duccnnio‘Gre-

153 1592 318 1647 mino
354 1589 645 1665 praefecto
679 1588 847 1645 urbis
879 1607 1065 1663 pauca
1110 1588 1406 1662 praefatus
1452 1587 1526 1644 de
1568 1607 1671 1660 sua
1717 1601 2012 1659 senectute

155 1675 434 1738 Pisonem
456 1671 835 1730 Licinianum
862 1672 1075 1729 arcessi
1101 1672 1266 1729 iubet
1281 1718 1298 1743 ,
1341 1693 1444 1729 seu
1467 1672 1710 1748 propria
1732 1675 2017 1734 electione

159 1762 311 1830 sive,
353 1766 422 1816 ut
446 1759 687 1835 quidam
718 1758 1121 1826 crediderunt,
1161 1756 1395 1813 Lacone
1418 1757 1699 1828 instante,
1737 1759 1833 1816 cui
1856 1764 2015 1837 apud

156 1844 509 1906 Rubellium
547 1843 827 1901 Plautum
867 1841 1112 1899 exercita
1150 1862 1285 1899 cum
1315 1840 1532 1900 Pisone
1564 1843 1847 1902 amicitia:
1911 1848 2014 1904 sed

158 2091 369 2153 Poppaea
398 2097 662 2143 narrantur,
690 2092 824 2149 paulo
851 2091 980 2136 aliter
1005 2108 1052 2136 se

159 2149 326 2194 habent
349 2148 436 2192 An.
470 2148 538 2199 13,
558 2149 615 2191 45
638 2156 680 2191 et
699 2149 770 2192 46.
845 2149 951 2193 Vid.
985 2149 1049 2194 ib.

161 2215 257 2251 not.
316 2206 400 2249 Ed.
426 2205 550 2264 Spir.
578 2205 651 2249 dat
675 2221 730 2250 eo
752 2223 794 2278 φ
818 2207 916 2250 iam
946 2206 990 2251 h.
1011 2223 1050 2251 e.

161 2291 217 2320 eo
237 2278 362 2333 quod
382 2276 497 2319 iam.

225 2360 469 2404 Octaviam
511 2374 714 2403 uxorem
758 2360 1052 2406 amoliretur.

165 2419 242 2463 Sic
268 2415 374 2462 MS.
408 2417 533 2462 Flor.
573 2419 689 2472 (test.
719 2417 920 2471 Ernest„
961 2435 1053 2462 non

163 2475 479 2534 invenio‘qua
523 2475 819 2528 auctoritate)
859 2483 901 2518 et
945 2483 1054 2519 vett.

162 2534 299 2593 Lipsii
330 2533 458 2583 libri,
498 2532 600 2576 edd.
632 2532 750 2590 Spir.
780 2532 884 2577 Put.
915 2534 982 2576 M.
1011 2542 1056 2576 et

163 2593 228 2635 νζ
259 2590 468 2643 Beroald.
503 2589 623 2643 (eum
663 2590 810 2633 silent.
839 2588 1054 2646 Victorii)

164 2648 267 2694 Alc.
289 2648 336 2691 e't'¹
356 2647 517 2706 deinde
539 2647 661 2705 Lips.
689 2663 786 2705 sqq.
812 2672 864 2682 —·
911 2648 1053 2690 Octa-

164 2707 248 2749 via
278 2720 347 2748 ux
408 2705 714 2747 *amoliretur
746 2705 847 2748 MS.
884 2705 1057 2758 Guelfi,

165 2762 343 2822 uti’vol
371 2762 446 2813 bat
477 2761 681 2805 Colerus.
742 2763 827 2812 Sed
853 2779 942 2807 sec.
963 2780 1057 2807 ma·

166 2835 252 2865 nus
271 2819 334 2863 ibi
358 2834 381 2861 e
403 2819 442 2861 l'i
461 2819 565 2862 fecit
588 2836 639 2863 u..
702 2820 902 2863 Octavia
933 2828 1059 2863 uxor

168 2883 471 2920 amoveretur
521 2875 657 2920 MSS.
704 2877 821 2921 Bud.
869 2877 1055 2922 Covarr.

168 2933 499 2982 edd.>Rhen‘an.
531 2934 635 2977 Ald.
696 2934 751 2979 cf.
778 2936 865 2979 An.
892 2936 960 2984 14,
984 2937 1056 2980 59.

168 2992 283 3036 Mox
315 2991 386 3035 ed.
417 2989 532 3051 Spir.
564 2993 614 3033 in
641 2993 892 3047 prouincia
914 2992 1055 3036 Lusi-

171 3050 327 3094 tania-

230 3130 345 3187 CAP.
380 3131 451 3185 14,
531 3146 590 3176 nc
629 3132 810 3176 urbano
855 3134 1056 3193 quidem.

170 3189 273 3235 MS.
315 3188 466 3234 Guelf.
505 3205 587 3232 nec
634 3192 814 3234 urbano
863 3193 1062 3248 quidem.

169 3247 282 3292 Mox
324 3254 380 3292 et
415 3247 652 3290 Laconem
692 3263 777 3306 pro
817 3264 872 3295 ac
903 3248 1061 3296 ,Laco-

172 3319 298 3348 nem.

230 3387 489 3431 Ducennio.
547 3386 625 3431 Sic
646 3386 749 3430 MS.
772 3385 923 3433 Guelf.
959 3390 1062 3435 edd.

171 3445 361 3490 Piehen.
386 3461 480 3503 sqq.
499 3466 557 3478 —
599 3445 807 3488 Ducenio
833 3446 938 3493 edd.
962 3455 1065 3492 ante

174 3501 420 3554 Pichenam
442 3517 546 3546 cum
568 3502 714 3548 silent.
737 3501 944 3553 Victorii.
1008 3505 1067 3555 of.

179 3567 274 3611 μοί.
296 3559 352 3604 ad
378 3559 468 3604 An.
497 3558 564 3611 15.
589 3558 658 3605 18.

1111 2851 1227 2879 ‚ram
1249 2835 1578 2901 Freinshemius
1599 2837 1805 2884 restituit.

1596 2935 1674 2980 sie
1711 2937 1852 2992 MSS,
1888 2919 2035 2991 Flor.
2110 2910 2113 2915 .

1169 2091 1498 2159 ‘Licinianum.
1586 2093 1671 2139 Ed.
1723 2095 1840 2156 Spir.
1885 2096 2012 2143 Lict-

1123 2163 1275 2194 mum.
1943 2180 1947 2185 ·

1181 2235 1379 2279 arcessi.
1439 2235 1505 2279 Ex
1527 2235 1704 2280 emend.
1730 2236 1765 2281 1.
1786 2236 1864 2282 Fr.
1888 2235 2013 2284 Gro-

1123 2292 1274 2344 novii,
1324 2307 1460 2350 qnam
1495 2295 1666 2352 recepit
1702 2293 1882 2354 Ernest.
1919 2301 2018 2357 sqq.

1126 2351 1350 2394 accersiri
1364 2350 1498 2394 MSS.
1529 2360 1573 2395 et
1605 2351 1707 2397 edd.
1743 2360 1846 2396 aute
1865 2353 2015 2398 Erne-

1126 2407 1297 2450 stium.·
1355 2409 1409 2451 In
1441 2408 1544 2452 MS.
1575 2408 1700 2455 Harl.
1732 2412 2019 2456 emendatum

1126 2473 1192 2507 est
1237 2467 1432 2517 accersi,
1469 2465 1536 2509 uti
1582 2467 1757 2510 volebat
1793 2468 2017 2514 Muretus.

1127 2520 1188 2566 cf.
1213 2531 1307 2567 not.
1326 2523 1390 2565 ‚ad
1413 2523 1501 2569 An.
1524 2523 1567 2572 4,
1590 2525 1665 2567 29.

1185 2605 1418 2650 electione.
1478 2605 1555 2649 Sic
1581 2605 1716 2652 MSS.
1743 2608 1868 2656 Flor.
1901 2615 2019 2667 (test.

1126 2661 1269 2719 Pich.)
1292 2663 1406 2706 Bud.
1432 2660 1584 2708 Guelf.
1615 2665 1719 2708 edd.
1756 2675 1861 2711 vett.
1897 2672 2019 2725 (cum

1127 2719 1271 2764 silent.
1284 2719 1417 2777 Vict.)
1439 2742 1497 2753 -
1525 2722 1768 2766 dilectione
1789 2725 1889 2771 edd.
1902 2727 2023 2788 Lips.

1127 2776 1314 2822 Piehen.
1342 2776 1530 2821 Gruter..
1592 2777 1800 2824 Veterem
1831 2785 2004 2845 scriptu

1188 2934 1508 2979 crediderunt.

1131 2992 1244 3047 (test.
1260 2991 1399 3049 Pieh.)
1415 2992 1530 3036 Bud.
1546 2993 1644 3037 edd.
1664 2994 1877 3043 Beroald.
1895 3003 2019 3057 (cum

1132 3049 1276 3115 silent.
1309 3047 1455 3099 Vict„
1494 3051 1571 3108 qui
1602 3059 1747 3096 tamen
1783 3059 2020 3114 parenthe-

1131 3122 1192 3149 sls
1232 3122 1375 3150 uncos
1404 3107 1471 3151 his
1503 3109 1654 3163 verbis
1688 3110 1883 3171 addidit)
1915 3117 2021 3161 Ber-

1133 3179 1261 3221 negg.
1294 3163 1495 3219 (auctore
1521 3166 1558 3208 F
1559 3166 1846 3223 reinshemio)
1873 3172 2019 3219 Gron.

1132 3237 1255 3322 1in
1267 3244 1368 3323 i...
1393 3226 1697 3327 Έῖῖἰὲεέἵιὲῗ
1721 3227 2024 3343 33351323:

1134 3336 1240 3378 Ald.
1259 3336 1378 3394 Lips.
1398 3337 1532 3381 Pieh:
1548 3336 1736 3391 Gruter.
1762 3369 1821 3379 -
1868 3348 2020 3390 tradi-

1135 3396 1248 3435 dere
1269 3394 1372 3437 edd.
1392 3394 1494 3439 Put.
1513 3395 1583 3438 Μ.
1607 3405 1649 3440 et
1669 3397 1726 3442 V.
1784 3399 2023 3449 Hie-locus

1137 3465 1223 3509 pro
1270 3451 1530 3495 testimonio
1571 3462 1637 3497 est
1667 3454 1940 3503 Beroaldum
1977 3462 2024 3506 in

1138 3507 1323 3553 edendis
1354 3508 1476 3554 hisce
1506 3509 1632 3556 libris
1655 3527 1787 3565 usum
1812 3530 1905 3562 esse
1924 3518 2026 3572 MS.

1118 3564 1264 3614 ‘Flma
1320 3605 1325 3610 .
