2138 4030
624 93 634 114 Ι

157 245 270 282 tm.
286 244 371 280 aa.

157 287 208 327 A.
227 287 271 335 o.
313 287 372 322 vr.

623 215 801 308 ΜΒ.
841 246 945 309 tv.
982 262 985 270 r

1023 246 1225 310 CAP.
1261 247 1362 311 46.
1792 250 1918 312 425

25 435 30 454 ,
72 380 348 456 gionihus
380 379 549 434 miles
581 377 868 452 promissa
910 371 1202 452 stipendia
1241 377 1571 451 flagitabat:
1621 401 1696 436 ne
1726 379 1938 452 Vitat--

71 466 220 524 liani
251 465 490 541 quidem
525 463 651 518 sine
691 463 877 518 multa
919 464 1092 518 caede
1130 463 1274 538 pelli
1312 475 1614 538 poterant,
1653 467 1767 522 <sed
1804 456 1918 522 irn-

69 568 273 607 mensa»
311 550 557 625 pecunia
596 549 917 616 ferebatur,
973 569 1088 623 qua
1120 559 1280 604 tanta
1310 548 1401 604 vis
1434 544 1749 606 hominum
1776 552 1920 608 reti-

70 638 266 692 nenda
317 646 455 690 erat.

556 631 857 705 Ingressus
905 645 1089 688 castra
1130 632 1477 701 MucianUS‚
1539 654 1653 709 quo
1705 637 1918 694 rectius

72 720 362 796 stipendia
388 719 752 790 singulorum
785 728 1093 790 spectaret,
1147 718 1267 774 suis
1300 739 1432 774 cum
1462 718 1792 791 insignibus
1821 742 1918 777 ar-

70 807 300 882 misque
335 804 586 860 victores
627 801 930 858 constituit
964 803 1212 858 modicis
1255 803 1409 859 inter
1452 822 1523 858 se·
1554 805 1754 877 spatiis
1798 807 1920 861 dis-

71 903 274 949 cretos.

359 900 485 946 tum
511 885 852 955 Vitelliani,
894 890 1229 962 quos'apud
1258 886 1520 944 Bovillas
1558 888 1623 943 in
1663 890 1918 946 deditio-

70 991 207 1032 nem
272 985 535 1048 aeceptos
607 972 1063 1028 memoravimus
1092 1018 1109 1041 ,
1195 973 1488 1049 ceterique
1542 993 1647 1048 per
1707 958 1917 1031 urbeni

0 1189 1 1205 ι
71 1174 140 1209 ter
173 1165 275 1210 MS.
309 1163 421 1222 Reg.
451 1171 493 1206 et
523 1163 593 1206 ed.
613 1161 758 1218 Spita,
800 1163 962 1220 quibus

71 1224 228 1267 insunt
258 1223 392 1266 haec:
435 1229 479 1263 et
501 1224 647 1264 lectus
668 1226 831 1262 eadem
858 1235 961 1274 spe-

72 1283 162 1333 cie,
210 1280 383 1338 vulgari
413 1278 542 1321 vitio.
613 1278 702 1320 Pro
740 1282 881 1320 lectus
915 1294 964 1320 ex

71 1338 264 1381 Ernestii
287 1337 546 1381 coniectura
559 1335 658 1394 Rip.
675 1334 834 1378 Oberl.
863 1351 962 1392 sqq.

73 1397 252 1438 edidere
277 1397 485 1437 inlectus.
550 1393 678 1435 Nulla
703 1401 854 1435 tamen
879 1394 963 1435 tuit

74 1452 279 1495 mutandi
324 1452 579 1494 necessitas.
662 1450 774 1491 Nam
820 1453 962 1492 lectus

71 1511 144 1553 hic
167 1509 331 1552 dicitur
353 1517 402 1550 ut
424 1507 512 1551 An.
543 1509 605 1558 12,
623 1510 694 1549 40.
729 1510 848 1548 lecta
878 1522 959 1548 ar-

73 1569 160 1609 mis
178 1569 413 1615 iuventus,
437 1566 675 1608 etSueton.
691 1563 819 1607 Gall).
841 1580 880 1607 c.
896 1565 960 1608 16.

72 1625 226 1666 Tiber.
276 1640 315 1666 c.
356 1622 426 1665 30.
497 1623 675 1664 Etenim
723 1629 959 1679 postquam

71 1680 369 1738 Vespasianus
410 1681 650 1737 imperium
696 1680 888 1734 accepit,
938 1695 960 1722 e

72 1738 326 1796 legionibus
367 1738 583 1780 exercitus
621 1736 821 1779 Flaviani
857 1736 961 1779 lecti

70 1803 198 1846 suut,
241 1796 315 1850 qui
345 1793 620 1852 praetoriani
652 1801 810 1836 essent.
876 1793 963 1836 Hie

71 1854 206 1909 igitur
232 1851 371 1895 lectus
397 1851 442 1893 in
468 1853 651 1895 eandem
679 1867 803 1909 spem
837 1867 860 1893 e
895 1851 960 1893 le-

72 1910 280 1968 gionibus
313 1910 437 1951 miles
462 1909 692 1952 insistebat
719 1908 962 1966 promissis,

43 1968 136 2014 ,illi
187 1967 437 2024 reciperare
491 1967 727 2009 studebant
749 1997 762 2014 ,
840 1965 962 2022 quod

73 2025 328 2068 amiserant.
389 2025 596 2074 Inlectus
621 2031 787 2082 spectat
806 2024 860 2066 ad
887 2039 962 2065 cu·

74 2083 305 2142 piditatem
349 2083 501 2123 animo
541 2082 755 2123 inditautz
813 2090 857 2123 at
890 2080 965 2122 hic

72 2155 217 2183 sermo
253 2146 316 2180 est
337 2139 390 2180 de
413 2137 520 2195 ipsis
540 2138 736 2180 militum
761 2137 955 2195 corpori·

73 2199 156 2240 hus
187 2196 310 2238 lectis
334 2211 356 2237 e
381 2195 630 2254 legionibus
654 2195 699 2237 in
723 2194 965 2253 praetoria·

73 2270 175 2298 nam
201 2251 421 2296 militiam,

125 2340 356 2394 promissa
387 2337 635 2391 stipendia.
707 2336 794 2379 Int.
833 2351 965 2394 prae-

74 2397 374 2439 torianorum.
407 2395 465 2438 cf.
490 2401 587 2437 not.
609 2393 663 2436 ad
683 2393 771 2436 An.
790 2394 827 2444 l,
840 2393 909 2436 17.

129 2511 188 2557 ne
214 2495 453 2537 Vitelliani
476 2496 677 2549 quidem.
738 2492 820 2535 Ed.
845 2491 965 2550 Spir.

75 2570 158 2597 nec
180 2553 426 2596 Vitelliam·
447 2554 647 2608 quidem.

129 2658 213 2698 sed
232 2654 467 2697 immensa
573 2684 582 2694 .
608 2658 723 2694 erat.
782 2650 967 2705 Ingres-

74 2726 155 2755 sus
183 2720 268 2755 etc.
338 2710 508 2754 Similis
543 2709 615 2752 hic
649 2709 694 2750 in
731 2709 868 2751 MSS.
904 2715 968 2750 est

74 2768 384 2826 transpositio,
423 2767 597 2825 qualem
621 2782 752 2823 supra
774 2765 815 2818 3,
839 2767 881 2810 5.
904 2767 968 2808 in-

75 2827 297 2871 venimus.
357 2825 558 2881 Namque
581 2825 681 2866 MS.
707 2823 831 2866 Flor.
854 2825 969 2879 (test.

76 2884 222 2939 Picb.)
267 2891 368 2941 post
399 2889 624 2937 poterant
666 2881 835 2939 pergit:
890 2883 971 2922 sed

77 2945 313 2989 immensa
357 2941 552 2996 pecunia
586 2940 762 2996 fer-.
852 2938 971 2980 Hinc

78 3000 268 3042 transilit
289 2998 342 3042 ad
367 3014 407 3041 c.
431 2996 501 3039 52.
536 3012 592 3039 ne
619 2997 964 3038 criminantium

78 3058 255 3098 nuntiis
285 3066 370 3098 etc.
402 3069 542 3111 usque
569 3054 621 3096 ad
655 3053 789 3095 finem
821 3069 860 3096 c.
883 3051 967 3101 53„

79 3114 155 3158 ubi
189 3113 413 3170 pergitur:
461 3127 504 3167 q.
542 3118 679 3156 „tanta
716 3110 783 3152 vis
818 3110 967 3151 homi-

79 3185 198 3213 num
235 3171 481 3213 retinenda
525 3175 645 3210 erat.
719 3167 969 3221 Ingressus

4 3257 6 3262 ,
79 3236 240 3271 eastra
273 3235 356 3270 etc.
417 3226 552 3268 Plane
576 3224 641 3267 sic
667 3225 734 3270 ed.
762 3225 791 3267 S
826 3224 879 3266 ir.
910 3250 969 3260 --

78 3285 182 3328 MS.
208 3283 360 3326 Guelf.
385 3291 483 3341 post
499 3289 727 3337 poterant
749 3241 879 3324 hati'et
901 3282 965 3323 la-

81 3357 242 3386 cunam
259 3372 272 3390 ,
311 3355 423 3400 quae
443 3341 616 3382 tertiam
644 3346 813 3398 partem
833 3339 967 3380 unius

79 3414 234 3443 versus
278 3399 411 3462 capit.
480 3397 631 3440 Novus
661 3411 815 3440 versus
846 3395 966 3439 inci-.-

82 3456 170 3514 pitz
215 3459 298 3498 sed
328 3461 543 3498 inmensa
571 3453 770 3508 pecunia
795 3452 968 3509 ferunt

37 3502 43 3526 ⁸
81 3527 140 3556 ne
160 3515 502 3557 criminantium
525 3512 698 3554 nuntiis
721 3518 802 3554 etc.
826 3525 967 3568 usque

85 3569 139 3614 ad
173 3573 434 3614 subvenere.
514 3570 606 3613 lam
644 3568 800 3611 lacuna
833 3569 966 3611 unius

1032 1179 1191 1207 versus
1231 1163 1396 1221 spatio,
1447 1171 1549 1222 post
1580 1179 1711 1222 quam
1747 1165 1923 1224 pergit:

1036 1221 1213 1264 Curam
1254 1225 1531 1264 restituendi
1565 1231 1652 1264 etc.
1690 1238 1830 1280 usque
1868 1224 1923 1266 ad

1033 1278 1238 1333 defuisse
1274 1282 1520 1322 cred-tum.
1561 1294 1649 1336 quo
1683 1280 1821 1321 tanta
1854 1282 1923 1323 vis

1032 1337 1275 1377 hominum
1319 1339 1568 1378 retinenda
1611 1344 1730 1389 erait.
1811 1337 1922 1380 Post

1033 1393 1140 1436 haec
1175 1393 1315 1437 verba
1350 1402 1414 1436 est
1449 1393 1607 1436 lacuna
1653 1393 1786 1438 unius
1826 1395 1921 1439 fere

1032 1466 1189 1492 versus
1211 1450 1366 1507 spatio.
1398 1451 1605 1508 Pergitur
1627 1466 1746 1492 novo
1770 1468 1922 1496 versu:

1031 1508 1281 1559 Ingressus
1305 1517 1465 1550 castra
1492 1509 1730 1550 llIutianus
1753 1517 1837 1552 etc.
1865 1534 1924 1544 —

1033 1565 1134 1607 MS.
1159 1565 1268 1619 Agr.
1301 1573 1410 1607 teste
1433 1565 1635 1622 Ryckio:
1669 1575 1925 1620 poterant.-

1031 1626 1114 1664 sed
1134 1624 1364 1665 immensa
1379 1624 1576 1675 pecunia
1597 1630 1732 1664 tanta
1753 1624 1821 1665 vis
1841 1627 1922 1666 ho-

1032 1680 1213 1720 minum
1235 1682 1482 1721 retinenda
1503 1687 1619 1723 erat.
1676 1681 1925 1735 Ingressus

1032 1746 1195 1779 eastra
1220 1746 1304 1779 etc.
1366 1736 1570 1779 Correxit
1601 1736 1923 1795 igiturilleji-

1032 1793 1206 1836 brarius
1238 1794 1636 1850 transpositionem
1673 1812 1696 1837 e
1729 1812 1830 1850 suoa
1851 1797 1925 1840 iu-

1033 1850 1170 1894 dicio.
1228 1851 1460 1894 Broterius
1479 1851 1559 1893 sim
1598 1851 1740 1895 liciter
1759 1853 1926 1899 indicat

1033 1907 1431 1966 transpositionem
1457 1909 1501 1950 in
1581 1902 1661 1951 SS]
1692 1927 1810 1961 esse,
1839 1929 1922 1955 ne-

1033 1965 1176 2022 glecta
1197 1965 1477 2008 accuratiore
1500 1967 1806 2023 explicatione.
1837 1969 1927 2012 Pu-

1033 2024 1235 2065 teolanus
1259 2022 1418 2065 edidit:
1447 2031 1686 2075 poterant.
1734 2025 1925 2079 Ingres-

1034 2095 1114 2122 sus
1141 2087 1301 2121 castra
1323 2080 1567 2122 Mutianus
1597 2089 1678 2125 etc.
1713 2085 1924 2139 neglectis

1035 2136 1186 2181 verbis
1219 2135 1378 2179 mediis
1419 2152 1510 2192 quo
1552 2144 1690 2179 tantu
1731 2141 1802 2182 vis
1838 2144 1925 2183 ho-

1037 2195 1219 2237 minum
1251 2195 1503 2236 retinenda
1539 2204 1668 2247 arat,
1719 2213 1830 2255 quae
1863 2199 1927 2242 ibi

1036 2254 1249 2308 leguntur
1284 2252 1330 2294 in
1362 2251 1450 2293 fine
1482 2268 1522 2295 c.
1546 2252 1612 2295 53.
1645 2263 1746 2310 post
1775 2257 1926 2298 credi-

1038 2318 1165 2359 tum,
1196 2309 1340 2350 alieno
1373 2324 1560 2365 prorsus
1592 2310 1712 2353 loco.
1773 2312 1833 2354 At
1865 2314 1930 2357 sio

1037 2383 1107 2409 res
1141 2382 1186 2408 se
1218 2365 1350 2408 habet
1379 2368 1426 2409 in
1455 2367 1555 2408 cod.
1579 2367 1694 2409 Bud.
1754 2367 1925 2414 Puteo-

1038 2423 1127 2465 lani
1155 2431 1383 2466 contextus
1417 2423 1556 2467 valuit
1591 2440 1733 2481 usque
1764 2427 1818 2468 ad
1845 2428 1928 2470 Bi-

1039 2480 1284 2538 pontinos,
1345 2480 1419 2537 qui
1465 2481 1630 2523 vulnus
1676 2485 1928 2528 sanandum

1039 2545 1348 2594 susceperunt.
1433 2536 1724 2581 Constituunt
1773 2539 1929 2586 locum

1038 2594 1126 2637 ita:
1163 2601 1424 2647 poterant5
1471 2598 1555 2636 sed
1585 2597 1815 2639 immensa
1841 2616 1928 2654 pe-

1038 2653 1171 2694 cunia
1196 2652 1457 2700 dicebatur,
1487 2667 1579 2707 qua
1601 2659 1738 2695 tanta
1762 2656 1827 2698 vis
1850 2659 1929 2700 ho·

1037 2711 1218 2751 minum
1240 2711 1484 2750 retinenda
1508 2717 1628 2753 erat.
1683 2710 1932 2764 Ingressus

1038 2774 1196 2808 castra
1218 2775 1299 2809 etc.
1359 2765 1446 2808 Sed
1474 2782 1555 2808 cur
1582 2782 1672 2809 non
1681 2767 1932 2823 serebatur-

1038 2840 1121 2881 pro
1148 2825 1425 2866 dicebatur?
1479 2823 1686 2880 Namque
1719 2841 1766 2868 ex
1796 2827 1933 2876 huius

1039 2879 1167 2925 verbi
1197 2879 1339 2936 prima
1375 2887 1499 2937 parte
1523 2882 1666 2924 scriba
1692 2899 1818 2928 versa
1843 2888 1931 2930 du·-

1040 2938 1147 2997 plici
1181 2938 1338 2994 pagina
1377 2935 1534 2980 incidit
1566 2937 1613 2981 in
1645 2941 1927 2991 terminatio-

1041 3011 1146 3037 nem
1172 2994 1288 3036 verbi
1311 2995 1554 3036 dicebatur
1573 3012 1612 3039 c.
1635 2996 1706 3040 52.
1766 2998 1932 3051 Errant

1039 3053 1325 3094 Gutmannus
1350 3060 1392 3094 et
1411 3050 1704 3104 Ricklefsius‚
1738 3055 1816 3114 qui
1839 3074 1930 3115 pu-

1039 3117 1133 3151 tant
1175 3109 1367 3162 serunt,
1439 3109 1560 3165 quod
1609 3121 1675 3154 est
1726 3113 1774 3156 in
1825 3115 1928 3164 MS.

1039 3165 1214 3216 Guelf.,
1250 3166 1470 3223 pertinere
1496 3166 1551 3209 ad
1577 3183 1617 3211 c.
1639 3168 1737 3223 52„
1776 3181 1824 3215 ut
1846 3188 1928 3230 po·

1039 3232 1171 3266 natur
1205 3230 1307 3280 post
1341 3224 1495 3265 Titum
1531 3240 1709 3271 orasse.
1781 3228 1928 3273 lmmo

1026 3282 1192 3337 ferunt
1223 3281 1269 3322 in
1300 3279 1452 3323 Guetf.
1483 3283 1746 3326 emendandi
1778 3287 1927 3330 studio

1037 3338 1239 3380 debetur.
1302 3336 1428 3381 Flor.
1461 3345 1505 3381 et
1527 3339 1594 3382 ed.
1621 3339 1741 3398 Spir.
1764 3341 1930 3386 habent

1024 3395 1150 3451 ser-‚
1171 3394 1290 3451 quod
1314 3395 1611 3456 supplendum
1638 3396 1721 3440 erit
1743 3415 1767 3442 e
1789 3401 1927 3444 verbo

1036 3453 1293 3518 dicebatur,
1338 3452 1468 3496 unde·
1490 3469 1621 3497 error
1648 3454 1825 3499 initium
1859 3473 1929 3503 ce..

1069 3519 1115 3551 tt.
1556 3539 1557 3542 =

1035 3525 1064 3570 P
1095 3568 1344 3610 eonstituie.
1404 3566 1491 3611 Ed.
1514 3567 1632 3626 Spir.
1658 3568 1898 3615 construit.
