2138 4030
178 261 227 297 A.
249 261 299 295 U.
316 258 400 294 823.

176 305 226 344 A.
246 304 291 341 C.
338 303 396 337 70.

688 257 857 319 [ΑΒ.
898 257 942 317 Ι.
1019 255 1213 319 CAP.
1254 258 1354 318 48.

89 419 120 454 e
168 391 527 472 proscriptis,
625 388 814 462 prima
848 387 1060 444 militia
1108 388 1360 446 infamis,
1454 389 1704 459 legatum
1742 390 1941 452 Calvi-

89 483 243 539 sium
285 476 573 536 Sabinum
631 469 940 541 habuerat,
1022 473 1188 528 cuius
1245 492 1394 528 uxor
1461 473 1616 527 mala
1665 477 1940 549 cupidine

88 563 316 623 visendi
339 562 518 618 situm
552 569 876 614 castrorum
913 576 1017 631 per
1054 568 1286 613 noctem
1318 556 1565 627 militari
1599 553 1805 615 habitu
1844 562 1939 616 in-

89 669 278 727 gressa
303 665 437 704 curn
458 642 690 716 vigilias
714 653 769 699 et
792 653 980 698 cetera
1008 642 1258 699 militiae
1292 641 1497 697 munia
1531 642 1733 697 eadem
1766 645 1939 701 lasci-

89 738 184 793 via
221 739 620 806 temperasset,
686 727 755 782 ‘in
793 727 935 800 ipsis
971 727 1278 801 principiis
1326 737 1596 801 stuprum
1649 747 1817 796 ausa,
1883 742 1938 786 et

89 817 351 877 criminis
387 811 567 871 huius
597 832 733 868 reus
759 810 832 870 T.
859 810 1073 867 Vinius
1109 812 1480 884 arguebatur.
1567 811 1744 884 igitur
1778 813 1938 869 iussu

86 903 155 965 C.
181 901 445 961 Caesaris
480 908 757 955 oneratus
775 894 1045 965 ⁴'cateniS‚
1088 917 1224 951 mox
1251 897 1576 954 mutatione
1607 908 1937 971 temporum

88 989 362 1047 dimissus
407 1003 581 1042 cursu
619 979 916 1039 honorum
953 981 1242 1037 inoffenso
1278 981 1499 1054 legioni
1538 993 1670 1056 post
1701 993 1940 1055 praetu-

89 1095 216 1132 ram
250 1070 616 1148 praepositus
659 1067 1086 1142 probatusque,
1151 1067 1351 1122 servili
1398 1066 1671 1141 deinceps
1716 1067 1935 1140 probro

87 1176 384 1234 respersus
431 1166 540 1223 est,
603 1164 884 1228 tanquam
932 1147 1218 1227 scyphum
1269 1172 1514 1208 aureum
1555 1151 1620 1206 in
1663 1152 1936 1232 convivio

88 1241 326 1303 Claudii
361 1242 612 1296 furatus:
668 1248 724 1293 et
761 1234 1045 1293 Claudius
1087 1247 1318 1309 postera
1364 1237 1460 1293 die
1486 1232 1489 1235 ¹
1511 1237 1619 1292 soli
1667 1237 1935 1293 omnium

89 1329 271 1384 Vinio
300 1324 575 1380 fictilibus
605 1320 930 1378 ministrari
966 1320 1151 1379 iussit.
1238 1323 1338 1378 sed
1364 1321 1579 1378 Vinius
1614 1342 1939 1396 proconsu-

89 1415 210 1470 latu
237 1408 496 1468 Galliam
509 1406 954 1464 Narbonensem
981 1425 1178 1463 severe
1204 1406 1547 1483 integreque.
1567 1407 1735 1466 rexit.
1801 1428 1935 1463 mox

1865 264 1939 320 71

145 1633 460 1683 temperasset.
545 1624 620 1668 Sic
659 1621 797 1668 MSS.
844 1622 973 1667 Flor.
1047 1623 1162 1668 Cum
1204 1622 1270 1667 his
1303 1623 1362 1666 cf.
1396 1623 1550 1679 vegei.
1583 1622 1625 1671 3,
1651 1623 1691 1665 8.
1732 1621 1933 1665 Idoneus·

89 1691 205 1738 (test.
222 1686 357 1741 vict.)
378 1683 494 1727 Bud.
517 1680 666 1724 Guelf.
689 1680 815 1724 Harl.
839 1681 974 1725 Bodl.

1045 1683 1227 1725 tribuni
1268 1688 1313 1723 et
1345 1683 1696 1736 probatissimos
1742 1682 1935 1734 eligunt,
2005 1727 2008 1730 ,

87 1746 172 1788 les.
195 1743 306 1800 Reg.
323 1742 461 1784 Corb.
487 1741 556 1784 ed.
581 1738 702 1797 Spir.
760 1739 810 1780 In
833 1754 972 1795 marg.

85 1802 216 1845 Rodl.
249 1799 450 1844 additum
475 1806 542 1841 est
569 1804 810 1839 tentasset.
869 1796 972 1838 MS.

88 1861 198 1919 Agr.
230 1859 548 1911 inspectasset.
617 1853 732 1895 Edd.
770 1854 868 1895 Put.
903 1852 972 1896 M.

88 1925 131 1960 et
157 1918 211 1958 V.
239 1913 345 1957 Ber.
378 1912 478 1955 Alc.
512 1917 798 1966 temptasset.
857 1909 974 1953 Edd.

87 1974 287 2016 Rhenan.
324 1969 429 2013 Ald.
463 1970 582 2026 Lips.
619 1967 744 2010 Pich.
786 1966 973 2009 Gruter.

87 2035 326 2073 tentasset.
392 2026 432 2068 E
477 2025 735 2070 coniectura
768 2024 973 2066 Rhenani

86 2084 417 2131 Freinshemius
441 2089 651 2142 posuerat
684 2088 975 2133 temerasset,

119 2144 212 2188 uod
241 2141 419 2186 duravit
450 2156 592 2198 usque
625 2138 680 2181 ad
709 2138 894 2196 Bipont.
930 2145 974 2180 et

87 2161 276 2252 abed„
325 2197 400 2256 qui
446 2197 682 2241 restituere
726 2201 978 2239 tentasset.

89 2260 176 2304 Sed
226 2256 335 2301 nihil
377 2255 526 2300 verius
565 2261 632 2297 est
702 2268 804 2295 uam
851 2252 974 2310 quod

88 2315 346 2376 praeferunt
367 2313 523 2372 optimi
551 2310 682 2354 codd.
752 2309 829 2353 SS.
854 2317 973 2351 tem-

85 2381 295 2429 perasset
322 2387 375 2414 eo
405 2385 560 2419 sensu,
593 2383 684 2424 quo
711 2367 757 2410 id
788 2368 976 2410 verbum

88 2430 307 2488 significat
357 2429 618 2473 moderari,
666 2439 843 2479 regere.
913 2422 973 2466 cf.

90 2491 177 2532 An.
204 2489 242 2538 1,
259 2486 329 2529 67.
353 2499 494 2528 arma
525 2486 834 2538 temperanda
861 2495 977 2523 con-

89 2547 210 2589 silio.
268 2545 453 2588 Sueton.
489 2540 596 2585 Oct.
629 2557 668 2583 c.
691 2539 762 2582 68.
794 2537 979 2592 Viden²,

91 2610 142 2644 ut
181 2603 396 2643 cinaedus
445 2601 605 2641 arbem
658 2597 802 2652 digito
855 2603 975 2637 tem-

85 2661 254 2715 peret?
310 2657 448 2702 Ovid.
475 2656 586 2698 Met.
615 2654 681 2706 13,
704 2655 800 2697 366.
822 2660 975 2695 ratem

93 2725 373 2770 temperare.
437 2713 528 2754 lam
564 2712 673 2770 quid
707 2711 764 2754 sit
799 2719 979 2764 tempe-

92 2788 201 2815 rare
220 2773 399 2825 vigilias
419 2777 464 2812 ct
484 2778 638 2811 cetera
654 2769 856 2811 militiae
872 2782 979 2808 mu-

91 2833 195 2882 nia,
224 2831 326 2872 satis
343 2834 562 2870 monstrat
574 2826 665 2869 Dio
690 2826 757 2878 59,
781 2825 872 2877 18.,
902 2824 980 2882 qui

93 2888 150 2931 de
170 2887 321 2936 eadem
343 2882 571 2928 historiola
593 2884 769 2927 scribit:
794 2880 977 2939 καὶγὰρ

92 2946 239 2999 ἐκείνη
272 2940 333 2993 ὥς
367 2936 575 2999 φυλακάς
607 2957 653 2985 τε
680 2937 978 2999 ἐφοδεύστισα

93 3003 172 3044 καὶ
227 3000 332 3050 τοὺς
389 2994 668 3058 στρατιώτας
725 2998 980 3046 ἀσκοῦντας

93 3059 259 3102 ἰδοῦσα
285 3062 438 3102 αἰτίαν
472 3056 620 3113 ἔσχεν.
689 3056 837 3099 Porro
902 3055 978 3097 uid

96 3116 152 3159 sit
189 3114 432 3173 ἐφοδεύων
465 3111 674 3172 φυλακάς
724 3115 856 3156 docet
928 3128 984 3154 o-

98 3174 114 3215 l
146 3173 192 3216 b.
216 3173 271 3216 de
294 3174 384 3216 mil.
406 3173 542 3215 Rom.
577 3188 617 3215 c.
643 3173 684 3214 5.
708 3167 735 3226 ἡ
765 3172 841 3225 τῆς
867 3170 982 3226 ἔφο-

129 3235 226 3280 είας
257 3234 405 3278 πίστις
434 3233 495 3279 εἰς
518 3228 621 3279 τοὺς
641 3232 798 3276 ἱππεῖς
821 3227 984 3271 ἀνατί-

100 3293 247 3332 θεται.
302 3286 357 3331 ‘0
379 3286 470 3344 γὰρ
495 3291 736 3344 ταξίαρχος
766 3282 847 3340 τὴν
879 3287 982 3329 ἑπι-

98 3348 284 3404 μέλειαν
307 3349 502 3389 ποιεῖται
530 3349 611 3388 τοῦ
634 3343 748 3388 κατὰ
772 3340 986 3401 φυλακὴν

99 3406 348 3462 βουκανᾷν.
438 3397 746 3457 Συνάψαντος
798 3401 850 3445 δὲ
903 3402 984 3442 τοῦ

84 3463 260 3518 ’καιροῦ
285 3459 367 3514 τὴν
386 3457 572 3518 πρώτην
596 3454 808 3518 ἐφοδεύει
832 3456 983 3514 φυλα-

102 3517 185 3572 κὴν
222 3517 246 3562 ὁ
282 3514 450 3572 ταύτην
489 3516 667 3575 λαχὼν,
721 3517 840 3572 ἔχων
878 3515 981 3573 μεθ’

104 3576 266 3620 ἑαυτοῦ
288 3572 519 3636 μάρτυρας
543 3577 636 3620 τῶν
655 3577 807 3635 φίλων
827 3589 869 3618 κ.
889 3589 927 3618 τ.
948 3575 987 3616 λ.

1046 1742 1127 1796 qui
1148 1740 1436 1782 circumeant
1459 1738 1648 1791 vigilias
1681 1745 1729 1779 εἰ,
1754 1752 1934 1780 renun-

1046 1798 1176 1846 tient,
1205 1796 1244 1838 si
1265 1812 1355 1851 qua
1378 1796 1618 1837 emerserit
1642 1798 1790 1849 culpa,
1821 1810 1937 1852 quos

1044 1854 1309 1897 circuitores
1341 1855 1599 1906 appellant.
1670 1853 1805 1904 Nunc
1842 1854 1933 1894 mi-

1044 1913 1176 1954 litiae
1196 1911 1358 1966 factus
1388 1917 1455 1952 est
1483 1913 1660 1962 gradus
1684 1916 1727 1951 et
1750 1909 1933 1952 circito-

1044 1983 1123 2011 res
1158 1969 1469 2022 appellantur.
1551 1966 1688 2024 Igitur
1722 1966 1935 2011 Cornelia

1043 2026 1116 2079 (id
1154 2024 1352 2068 nominis
1384 2024 1559 2066 mulieri
1596 2027 1721 2080 erat)
1759 2023 1936 2067 lascivia

1043 2099 1123 2125 sua
1137 2082 1292 2125 amicis
1306 2082 1618 2125 circuitoribus
1635 2098 1680 2123 se
1695 2083 1938 2124 immiscuit

1045 2150 1089 2183 et
1123 2139 1401 2183 circuitionis
1437 2155 1563 2182 more
1594 2137 1760 2195 vigilias
1798 2147 1840 2180 et
1866 2155 1936 2182 ce-

1045 2205 1137 2240 tera
1193 2196 1376 2239 militiae
1438 2196 1591 2238 munia
1656 2196 1934 2251 temperavit.

1047 2254 1254 2297 Tentare
1286 2254 1470 2307 vigilias
1500 2262 1586 2296 etc.
1621 2254 1676 2296 ab
1715 2253 1802 2296 hoc
1833 2254 1936 2296 loco

1047 2311 1243 2355 alienum
1268 2319 1346 2353 est.
1401 2310 1649 2354 Gutmann..
1668 2310 1797 2354 dicit:
1827 2325 1937 2352 aas·

1033 2370 1265 2425 sorschen
1279 2386 1313 2419 ,·,
1345 2368 1561 2411 Rieklefs.
1578 2382 1590 2410 t
1646 2368 1913 2422 ersorschen
1923 2383 1939 2417 ‚-

1047 2425 1358 2469 Sti-ombeck02
1392 2427 1678 2470 betrachten.
1724 2423 1936 2478 Quorum

1050 2484 1155 2527 nihil
1197 2483 1269 2525 isti
1306 2483 1410 2527 voci
1442 2483 1573 2525 inest.
1653 2482 1771 2524 Num
1809 2490 1938 2548 putas

1044 2542 1185 2599 ipsam
1223 2540 1481 2584 excubando
1516 2537 1939 2597 tentasseyigilias?

1047 2615 1104 2640 an
1136 2599 1279 2640 larvae
1304 2597 1501 2654 speciem
1523 2595 1776 2657 praeferens
1800 2603 1937 2639 tenta-

1049 2655 1151 2701 vit?

1048 2776 1051 2779 Α
1109 2754 1243 2782 arasa.
1338 2737 1569 2780 Ernestius
1619 2746 1663 2781 et
1707 2737 1938 2804 Bipontini

1050 2798 1214 2842 volunt
1231 2809 1391 2850 passa.
1438 2795 1637 2841 Frustra.
1681 2794 1939 2837 Nihnlenim

1053 2855 1254 2912 impedit,
1278 2869 1368 2910 quo
1386 2851 1534 2895 minus
1552 2851 1713 2894 mulier
1728 2861 1938 2910 stuprum

1050 2930 1154 2957 ausa
1189 2913 1384 2960 dicatur,
1426 2910 1461 2952 si
1499 2925 1602 2952 cum
1635 2910 1842 2958 audacia,
1891 2919 1941 2952 ut

1050 2970 1148 3018 hic,
1180 2985 1275 3012 eam
1302 2983 1397 3009 rem
1424 2965 1547 3016 fecit.

1113 3069 1332 3112 criminis.
1393 3066 1476 3110 Ed.
1509 3066 1628 3125 Spir.
1661 3068 1941 3110 criminibus.

1054 3129 1218 3171 Eadem
1262 3141 1362 3166 mox
1403 3124 1661 3178 inoffensus
1696 3141 1780 3181 pro
1814 3124 1937 3179 ian-

1016 3236 1020 3239 ,
1041 3188 1211 3248 sensm·
1251 3183 1428 3237 ciplmm
1454 3198 1537 3239 pro
1567 3186 1815 3237 scyphum3
1851 3198 1935 3236 po-

1054 3252 1179 3287 stero
1202 3256 1283 3298 pro
1303 3246 1517 3294 postera.

1112 3344 1252 3384 iussu.
1311 3339 1411 3383 Hoc
1444 3339 1564 3381 deest
1597 3339 1641 3382 in
1665 3337 1795 3382 MSS.
1825 3340 1939 3384 Bud-

1056 3402 1182 3454 (teste
1205 3398 1436 3452 Rbenano)
1459 3405 1500 3439 et
1515 3395 1662 3439 Guelf.
1726 3395 1811 3437 Hie
1833 3396 1942 3439 liber

1057 3473 1156 3499 mox
1205 3471 1285 3514 pro
1327 3461 1552 3498 oneratus
1588 3453 1673 3496 fert
1718 3462 1946 3503 ornatus,-

1058 3513 1220 3556 deinde
1258 3526 1501 3567 repressus
1550 3527 1633 3569 pro
1674 3525 1945 3568 respersum

1061 3572 1218 3614 omnia
1240 3584 1322 3631 pro
1347 3570 1578 3612 omnium..
