2138 4030
1754 277 1806 316 A.
1823 278 1872 314 u.
1887 253 1980 317 32³.

1751 321 1804 356 A.
1824 321 1874 362 c,
1920 327 1978 361 πο.

203 280 329 340 262
769 273 1485 340 HISTORIARUM

204 408 467 467 militum
514 409 636 466 irae
685 410 759 466 ad
793 407 1222 484 Vespasianum
1261 408 1473 466 missus
1512 421 1616 470 est.
1640 427 1641 430 ’
1721 408 2064 474 Desiderata

167 535 170 538 -
207 495 315 553 diu
337 514 430 552 res
450 493 931 571 interpretatione
952 494 1255 570 gloriaque
1277 493 1341 550 in
1365 494 1557 552 maius
1580 495 1884 572 accipitur,
1905 514 2066 576 post—

206 599 386 657 quam
415 577 643 637 Galbae
677 580 960 653 imagines
992 578 1282 635 discordia
1306 591 1641 654 temporum
1668 584 1976 643 subversas
1997 587 2064 644 in

146 714 148 717 .
207 665 486 722 omnibus
523 665 863 740 municipiis
897 663 1079 720 recoli
1114 663 1283 721 iussit
1306 659 1606 722 Antonius
1643 667 1923 731 decorum
1957 691 2068 747 pro

207 769 377 807 causa
414 761 604 818 ratuS,
647 751 698 806 si
722 751 950 826 placere
978 746 1204 830 Galbae
1228 749 1590 825 principatus
1613 762 1669 808 et
1694 765 1886 828 partes
1911 757 2067 813 revi-

207 853 431 892 rescere
457 837 854 894 crederentur.

377 944 549 1006 VIII.
637 945 984 1019 Quaesitum
1021 944 1188 1014 inde,
1243 965 1391 1021 quae
1428 947 1590 1004 sedes
1639 947 1799 1007 bello
1847 950 2066 1026 legere—

208 1043 326 1091 tur.
421 1029 661 1089 Verona
711 1031 909 1106 potior
949 1029 1072 1086 visa
1109 1028 1445 1104 patentibus
1481 1033 1703 1090 circum
1735 1037 1956 1113 campis
1990 1040 2064 1095 ad

207 1135 468 1192 pugnam
500 1127 859 1193 equestrem,
914 1137 1031 1192 qua
1072 1116 1513 1191 praevalebant:
1565 1117 1742 1176 simul
1762 1121 2067 1179 coloniam

207 1202 392 1277 copiis
428 1201 686 1258 validam
723 1202 952 1258 auferre
979 1199 1224 1258 Vitellio
1260 1201 1324 1256 in
1358 1222 1482 1257 rem
1529 1203 1862 1281 famamque
1891 1207 2067 1270 ,vide-

202 1286 400 1345 batur.
485 1284 756 1342 Possessa
791 1287 918 1362 ipso
949 1286 1202 1342 transitu
1226 1285 1476 1343 Vicetia:
1525 1289 1684 1364 quod
1725 1310 1830 1364 per
1865 1310 1925 1347 se
1962 1313 2067 1367 pa-

206 1391 340 1428 rum
379 1366 626 1447 (etenim
662 1372 928 1428 modicae
964 1371 1291 1446 municipio
1332 1369 1514 1450 vires)
1555 1375 1753 1448 magni
1784 1379 2067 1434 momenti

207 1455 404 1514 locum
451 1457 712 1514 obtinuit
757 1457 1166 1532 reputantibus
1201 1456 1324 1513 illic
1357 1455 1671 1514 Caecinam
1710 1461 1974 1534 genitum
2013 1469 2076 1520 et‘

208 1541 459 1617 patriam
485 1538 747 1599 hostium
771 1543 906 1599 duci
931 1554 1204 1618 ereptam.
1264 1541 1328 1597 in
1339 1539 1786 1602 Veronensibus
1810 1547 2066 1622 pretium

207 1626 346 1688 fuit:
406 1628 670 1704 exemplo
713 1627 1041 1704 opibusque
1072 1637 1266 1703 partes
1304 1627 1524 1687 iuvere.
1609 1625 1692 1688 Et
1712 1617 2066 1690 &interiectus

209 1871 311 1917 edd.
349 1869 472 1914 Pich.
520 1869 703 1913 Gruter.
748 1870 969 1928 Beinegg.
1000 1884 1102 1927 sqq.

1174 1867 1277 1912 edd.
1302 1870 1405 1913 Put.
1441 1868 1650 1915 Beroald.
1682 1871 1805 1927 (cum
1838 1871 1907 1917 sil.
1929 1873 2067 1930 vict.)

211 1929 270 1973 cf.
297 1928 387 1971 An.
427 1930 495 1976 14.
517 1928 559 1972 4.
584 1929 670 1979 42,
690 1930 734 1972 7.
762 1956 818 1964 --
878 1930 1102 1971 adductus

1173 1942 1272 1983 sqq.
1298 1928 1351 1972 ad
1374 1926 1635 1972 Piehenam.
1668 1952 1727 1962 -
1791 1934 2070 1975 credebatur

208 1987 314 2030 MS.
338 1985 403 2028 Re
437 2016 448 2032 .
472 2009 528 2018 -
571 1990 797 2029 audacias
819 1986 931 2040 (sive
955 1990 1102 2026 auda·

127 2039 129 2042 ¹
211 2045 324 2099 cius)
357 2044 408 2086 M
446 2043 493 2086 S.
516 2043 638 2086 Harl.
679 2042 812 2086 Bo‘dl.
842 2043 924 2086 les.
949 2040 1100 2086 Guels.

208 2102 327 2146 Bud.
373 2101 475 2144 edd.
509 2101 628 2160 Spir.
663 2102 764 2144 Put.
799 2116 898 2159 sqq.
938 2100 991 2143 ad
1024 2100 1101 2143 Pi-

210 2159 418 2204 ahenam.

267 2217 512 2273 gloriaque
543 2217 591 2259 in
618 2216 787 2258 maius.
848 2213 926 2257 Sic
950 2213 1106 2272 vulgo.

208 2275 312 2319 MS.
326 2273 448 2317 Flor.
466 2274 657 2330 (t.Vict.
681 2289 719 2316 c.
739 2273 827 2317 lac.
843 2271 1009 2328 Gron.)
1034 2271 1104 2315 ed.

210 2331 330 2389 Spir.
353 2334 618 2389 gloriaeque
639 2331 818 2382 maius,
849 2329 1016 2372 omisso
1039 2332 1104 2372 in.

209 2389 312 2434 Hoc
361 2390 623 2447 absorptum
675 2395 740 2432 est
789 2404 813 2432 a
859 2388 1002 2431 littera
1038 2403 1104 2430 m.

209 2447 355 2507 Legee
419 2447 806 2501 interpretatione
861 2445 1105 2501 gloriaque

211 2508 264 2550 in
336 2507 492 2548 maius
563 2505 806 2560 accipitur,
889 2502 1105 2546 suadente

212 2565 303 2609 lac.
331 2560 589 2607 Gronovio.
628 2619 636 2629 ⁰

210 2623 551 2723 1..⁸.¹!.².1¹35³⁶1'2'3;.
579 2616 1104 2730 {sufflata-323:

211 2735 352 2793 vict.)
385 2736 488 2780 Alc.
513 2743 573 2807 'et
606 2734 708 2779 dein
740 2733 863 2777 Pich.
890 2733 1106 2788 Bernegg.

212 2807 538 2906 &mli—(unge
555 2796 788 2895 'lili-‘iioees'iittls
805 2789 944 2892 ligii·
965 2789 1109 2890 aiiii&

191 2909 435 2978 placere).
469 2908 572 2976 eodd.
603 2907 634 2952 S
667 2908 721 2949 ir.
765 2905 970 2949 Rhenan.
1000 2902 1108 2949 Ald-

212 2966 636 3072 {iccibenffliirrllgiiiinm
660 2961 985 3065 zigssolviitntffliii
999 2968 1109 3062 ἓξὲξ

210 3081 520 3138 principatus.
591 3080 816 3138 Pergunt:
856 3076 916 3120 Et
944 3083 1108 3132 partes

208 3150 566 3195 ‘praesumpsere
601 3145 690 3183 etc.
763 3136 822 3182 cf.
861 3133 970 3180 infr.
1002 3148 1041 3177 c.
1062 3132 1105 3176 9.

215 3204 259 3242 et
278 3203 375 3240 not.
406 3197 460 3238 ad
483 3211 580 3253 cap.
605 3195 646 3240 5.

274 3268 569 3313 revirescere.
630 3265 705 3309 sic
731 3264 833 3308 edd.
860 3263 978 3321 Spir.
997 3261 1103 3306 Put.

215 3325 424 3372 Beroald.
450 3326 572 3377 (eum
600 3323 746 3365 silent.
766 3322 884 3365 vict.
924 3335 1023 3379 sqq·
1055 3342 1105 3352 --

215 3378 489 3429 reuiuiscere
523 3379 659 3425 MSS.
694 3377 848 3422 Guelf.
902 3395 961 3422 es.
1048 3376 1107 3422 cf.

217 3449 314 3488 not.
339 3439 393 3483 ad
420 3439 506 3485 Au.
531 3437 572 3491 4,
596 3437 665 3481 12.

277 3490 598 3542 crederemur.
699 3493 776 3538 Sic
825 3494 929 3537 MS.
981 3491 1104 3536 Flor.

219 3552 336 3613 (test.
358 3553 509 3610 Pich.)
541 3551 643 3597 edd.
675 3551 793 3608 Spir.
829 3550 956 3594 Pich.
994 3550 1106 3592 Ber-

219 3627 348 3674 uegg.
369 3627 468 3674 sqq.
492 3638 549 3652 --
602 3611 810 3655 crederet
834 3608 934 3653 MS.
956 3606 1107 3656 Guelf.

1175 1985 1276 2030 MS.
1295 1986 1408 2029 Bud.
1481 1984 1611 2041 Quae
1637 1987 1858 2030 librorum
1883 1988 2068 2042 varietas

1173 2044 1391 2110 originem
1423 2044 1554 2088 traxit
1584 2059 1608 2086 e
1638 2044 1776 2088 totius
1807 2044 1900 2090 loci
1927 2053 2070 2091 trans·

1174 2110 1412 2157 pos1t1one.

1234 2170 1347 2214 CAP.
1390 2171 1432 2214 8.
1521 2175 1877 2225 praevalebant.
1963 2175 2069 2220 MS.

1178 2227 1332 2327 Guellf.
1369 2231 1700 2284 praevalebat,
1762 2231 1964 2291 neglecta
2011 2233 2068 2278 li·

1177 2301 1263 2329 neo
1286 2302 1325 2329 a.

1238 2357 1432 2399 Vicetia.
1513 2356 1590 2401 Sic
1633 2356 1734 2402 MS.
1770 2358 1894 2404 Flor.
1938 2361 2068 2417 (test.

1178 2413 1296 2458 Vict.
1319 2429 1422 2456 eum
1446 2414 1591 2470 Pich.)
1619 2413 1718 2459 edd.
1741 2414 1866 2460 Pieh.
1889 2416 2070 2464 Gruter.

1176 2471 1397 2528 Bernegg.
1436 2472 1610 2534 Lipsius
1650 2471 1768 2516 hanc
1801 2475 2068 2534 scripturam

1177 2529 1373 2572 firmavit
1405 2545 1428 2572 e
1477 2529 1651 2587 lapidis‘
1677 2529 1993 2588 inscriptione,
2034 2549 2071 2578 ·e

1170 2586 1330 2630 Plinio
1365 2594 1408 2632 et
1433 2587 1674 2634 Strabone.
1738 2587 1954 2632 Via-ntia
1986 2590 2068 2634 ha-

1177 2646 1284 2688 bent
1306 2643 1439 2688 MSS.
1454 2644 1567 2688 Bud.
1583 2643 1735 2689 Guelf.
1759 2644 1831 2688 alii
1869 2662 1945 2699 ue,
1969 2646 2069 2693 edd.

1177 2701 1380 2746 Rhenan.
1421 2701 1527 2744 Ald.
1571 2716 1669 2768 sqq.
1707 2701 1760 2745 ad
1808 2698 2069 2750 Pcheuam.

1182 2759 1429 2802 Vincentia
1460 2757 1561 2802 edd.
1584 2759 1704 2820 Spir.
1721 2758 1920 2810 'Put.M.
1942 2765 1984 2808 e't
2002 2762 2069 2808 JV.

1183 2815 1394 2861 Beroald.
1419 2814 1523 2862 Alc.

1231 2901 1322 2942 per
1347 2901 1413 2929 se.
1458 2885 1541 2933 Ed.
1559 2884 1678 2944 Spir.
1697 2901 1788 2944 pro
1808 2902 1871 2933 se.
1930 2888 2068 2934 Dein-

1179 2944 1234 2988 de
1260 2946 1481 2998 optinuit,
1523 2953 1566 2988 et
1589 2945 1887 3004 niqxxo‘pibus*
1904 2961 2069 2993 exem*

1175 3005 1362 3058 pioque.

1236 3075 1405 3117 iuvere.
1461 3071 1548 3118 Ed.
1571 3071 1691 3132 Spir.
1717 3074 1882 3117 vivere.

1237 3145 1526 3187 interiectas.

1178 3203 1293 3258 (test.
1318 3201 1456 3254 Vict.)
1478 3202 1587 3257 Agr.
1616 3209 1660 3244 et
1683 3201 1896 3246 suadente
1916 3199 2070 3260 Lipsio

1179 3260 1279 3302 edd.
1302 3257 1487 3303 Pichen.
1504 3259 1736 3326 ‚Bernegg.
1761 3274 1860 3327 sqq.
1882 3280 1940 3292 -··
1997 3257 2070 3301 Pi-

1180 3317 1320 3361 chena
1372 3316 1418 3358 in
1456 3316 1493 3359 F
1495 3316 1580 3359 lor.
1627 3317 1741 3360 vidnt
1788 3321 2070 3367 taceremus,

1177 3373 1306 3431 quod.
1338 3381 1489 3416 exstat'
1509 3374 1556 3415 in
1589 3372 1723 3417 MSS.
1757 3372 1860 3415 vat.
1894 3372 2070 3431 (Lips.)

1180 3432 1362 3475 Fames.
1384 3430 1492 3485 Reg.
1514 3431 1661 3480 ,cm-h.
1685 3429 1755 3473 ed.
1773 3428 1805 3472 S
1839 3429 1893 3473 ir.
1912 3454 1975 3467 -1
2004 3430 2070 3473 in·

1181 3496 1407 3541 terceptus
1439 3487 1575 3531 MSS.
1601 3486 1749 3531 Guets.
1778 3444 1902 3531 [ΕΜ.
1937 3486 2068 3540 Bodl,

1183 3548 1265 3592 les.
1289 3545 1406 3590 Bud.
1442 3545 1545 3590 edd.
1570 3544 1748 3589 Patent.
1773 3556 1869 3602 sqq.
1887 3545 1957 3588 .εά
1986 3542 2067 3592 Pi·-

1181 3604 1383 3648 chonam.

1623 3142 1703 3188 Sic
1750 3142 1893 3190 MSS.
1941 3142 2070 3189 Flor.

2115 3649 2138 3660 κ
