2138 4030
240 222 292 256 A.
306 220 359 255 U.
377 217 463 253 8¹23.

240 266 290 300 ,„
309 262 358 300 ο,
402 262 464 296 ,0,
751 222 800 280 L
818 222 839 279 1
857 220 925 283 B.
963 223 1006 283 1.
1084 218 1279 282 CAP.
1313 224 1415 290 20.
1933 226 2015 301 37

154 354 485 429 sumptibus
532 353 750 429 quibus
802 370 905 408 sua
949 353 1370 428 prodegerant‚
1441 373 1571 408 cum
1636 356 2008 429 rapacissimo

149 423 361 516 'euiqim
399 459 466 495 ac
499 435 898 513 perditissimo
934 456 1061 494 non
1093 437 1218 510 agri
1244 448 1346 503 aut
1368 438 1568 506 fenim,
1621 443 1720 495 sed
1757 442 1879 497 sola
1913 442 2010 497 in-

150 535 474 582 strumenta
502 523 784 581 vitiorum
809 508 1139 582 manerent.
1224 519 1538 579 Exactioni
1574 524 1814 596 triginta
1842 527 2008 603 equi-

148 622 235 668 tes
267 606 530 668 Romani
568 608 918 684 praepositi,
983 627 1210 665 novum
1248 608 1429 664 officii
1462 626 1646 680 genus
1683 621 1740 666 et
1782 612 2007 669 ambitu

148 715 214 751 ac
238 712 488 751 numero
511 710 846 771 onerosum.
933 694 1156 771 ubique
1186 689 1351 749 hasta
1384 704 1440 750 et
1462 704 1649 779 sector
1672 705 1728 751 et
1749 695 2008 771 inquieta

145 781 288 837 urbs
322 777 713 840 auctionibus,
798 789 1056 836 attamen
1091 779 1311 853 grande
1349 776 1664 852 gaudium,
1706 782 1866 857 quod
1892 793 2011 837 tam

144 881 431 941 pauperes
476 867 702 935 forent,
757 864 974 941 quibus
1020 866 1296 920 donasset
1328 861 1517 933 Nero,
1572 885 1748 940 quam
1794 866 2007 941 quibus

145 950 494 1010 abstulisset.
579 947 962 1008 Exauctorati
986 969 1092 1025 per
1126 969 1225 1005 eos
1263 947 1387 1004 dies
1413 949 1670 1018 tribuni,
1715 970 1745 1006 e
1772 964 2005 1025 praeto—

143 1037 234 1094 rio
264 1034 566 1093 Antonius
590 1034 827 1092 Taurus
865 1046 923 1091 et
955 1029 1256 1091 Antonius
1285 1032 1475 1104 Nam,
1518 1054 1585 1090 ex
1621 1035 1868 1091 urbanis
1907 1057 2005 1093 co-

143 1118 418 1178 hortibus
461 1117 757 1178 Aemilius
798 1119 1103 1190 PacensiS,
1176 1140 1206 1176 e
1260 1119 1479 1192 vigiliis
1530 1115 1718 1176 Iulius
1760 1119 2003 1180 Fronto,

143 1219 252 1272 nee
282 1206 609 1263 remedium
642 1207 706 1261 in
744 1216 964 1261 ceteros
999 1205 1147 1275 fuit,
1190 1207 1291 1261 sed
1330 1216 1519 1262 metus
1556 1206 1825 1276 initium,
1870 1217 2004 1263 tan-

143 1311 320 1368 quam
345 1311 450 1366 per
473 1301 658 1347 artem
687 1302 742 1348 et
761 1291 1142 1347 formidinem
1170 1286 1389 1364 singuli
1412 1290 1773 1366 pellerentur
1807 1293 2002 1348 omni—
2033 1316 2037 1322 ⁴

141 1379 252 1433 bus
279 1376 575 1451 suspectis·

1159 1609 1464 1651 auctionibus.
1554 1607 1630 1651 Sic
1678 1605 1813 1651 MSS.
1868 1608 1993 1651 Flor.

1100 1665 1152 1719 (t.
1167 1664 1306 1718 vict.)
1329 1663 1518 1709 etB0dl.
1538 1664 1602 1719 (in
1622 1665 1865 1723 margine),
1895 1665 1996 1708 edd.

1099 1722 1220 1780 Lips.
1245 1738 1340 1779 sqq.
1373 1730 1549 1780 praeter
1576 1722 1666 1771 Iac,
1689 1722 1995 1774 Gronovium,

1100 1781 1175 1835 qui
1202 1780 1323 1822 dedit
1344 1782 1621 1830 actionibus,
1651 1790 1700 1824 ut
1730 1780 1823 1838 ipse
1852 1781 1996 1839 profi-

1098 1846 1239 1888 tetur,
1279 1853 1328 1878 ex
1358 1837 1541 1894 optimis
1565 1837 1726 1881 MSS.:
1762 1846 1804 1880 et
1841 1839 1905 1881 sie
1931 1847 1994 1881 est

1097 1895 1143 1936 in
1169 1894 1271 1938 MS.
1302 1893 1455 1936 Guelf.
1489 1894 1597 1947 edd.
1629 1894 1747 1953 Spir.
1772 1893 1874 1939 Put.
1897 1911 1993 1952 sqq.

139 1607 253 1652 Bud.
283 1621 456 1663 supra,
492 1614 536 1650 et
572 1606 638 1650 sic
668 1605 873 1650 voluerat
903 1606 1026 1649 Rhe-

140 1669 305 1709 nanus:
343 1680 503 1723 operae
538 1679 634 1707 non
666 1680 868 1720 paruere.
943 1663 1026 1707 Ed.

138 1721 345 1766 Beroald.
366 1729 469 1763 erat
493 1736 578 1779 pro
601 1728 754 1764 erant.
815 1720 922 1764 Mox
956 1723 1024 1765 ed.

137 1781 256 1839 Spir.
279 1780 442 1822 Isdem
462 1794 545 1836 pro
569 1781 745 1821 iisdem.

188 1883 520 1934 prodegerant.
610 1878 686 1922 Sic
724 1876 827 1920 MS.
868 1877 1027 1922 Guelf.

137 1937 239 1980 edd.
259 1936 379 1992 Spir.
406 1935 616 1979 Beroaldo
641 1936 699 1989 (e.
724 1935 872 1977 silent.
893 1935 1026 1992 Vict.)

136 1995 236 2037 Alc.
259 1993 465 2035 Rhenan.
492 2008 589 2049 sqq.
618 2015 676 2023 —
721 1994 1026 2047 prodige-rant

134 2051 238 2093 edd.
259 2049 361 2091 Put.
387 2050 455 2091 M.
480 2057 523 2092 et
549 2049 600 2092 V.

191 2151 387 2205 triginta
417 2150 611 2206 equites.
670 2150 858 2193 Sueton.
893 2148 1023 2192 Galb.

133 2226 173 2253 c.
212 2211 277 2251 15.
309 2207 441 2250 habet
475 2208 834 2264 quinquaginta:
886 2223 1021 2266 quam

130 2265 430 2311 diversitatem
465 2265 757 2308 Casaubonus
790 2265 850 2308 ita
891 2281 1022 2308 eom-

130 2324 283 2381 ponit‚
336 2331 385 2364 ut
420 2322 479 2364 ob
509 2321 817 2366 difficultatem
851 2323 1022 2379 negotii

131 2381 312 2439 triginta
364 2379 593 2436 prioribus
640 2379 802 2438 viginti
844 2380 1021 2422 additos

128 2438 395 2496 suspicetur.
473 2437 562 2480 Sed
598 2436 647 2479 in
682 2437 893 2480 numeris·
917 2437 1021 2480 libri

127 2511 255 2555 saepe
281 2502 487 2553 peceant·

183 2597 362 2638 ambitu
406 2611 462 2637 ac
506 2608 703 2638 numero
746 2608 1017 2639 onerosum.

129 2653 214 2696 lnt.
249 2652 412 2698 civitati
447 2652 512 2707 (id
543 2652 707 2696 docent
737 2653 878 2698 verba
913 2669 1014 2710 sqq.

126 2711 289 2766 ubique
319 2713 461 2753 hasta
493 2711 623 2764 ete),
664 2725 758 2753 non
791 2710 1016 2767 equitibus

128 2768 183 2811 ad
206 2768 253 2810 id
274 2767 470 2811 delectis.
523 2769 702 2810 ambitu
716 2767 758 2810 h.
773 2783 808 2809 e.
825 2777 1016 2825 potesta·

125 2834 170 2868 te
209 2825 338 2868 latius
376 2834 553 2882 patente
590 2826 854 2882 (Um-fang).
922 2841 1012 2870 nu-..

126 2898 260 2925 mero
285 2897 348 2925 se.
371 2882 492 2939 quod
516 2883 692 2940 triginta
709 2891 799 2925 tani
824 2898 1014 2925 onerosa

124 2948 340 2998 potestate
375 2949 504 2982 erant
535 2939 745 2997 praediti,
791 2955 886 2982 non
923 2940 1013 2982 duo

125 2995 327 3042 veltres.
398 2995 672 3039 Gutmann.:
716 3000 865 3040 durch
890 2998 1011 3040 Um-

124 3057 267 3098 triebe
290 3057 390 3096 und
401 3053 563 3109 Menge
574 3071 590 3105 ,·
614 3052 823 3097 Ricklefs.
837 3072 848 3096 ε
864 3057 1013 3097 durch

122 3113 482 3166 Begumtigung
496 3115 595 3153 und
606 3114 811 3161 Anzahl,·
838 3112 1012 3155 Strom-

122 3168 272 3212 beclm
306 3171 451 3211 durch
470 3170 770 3223 Bewerbung
791 3173 886 3211 und
906 3172 1008 3211 An-

121 3229 249 3270 zahl.
336 3225 466 3281 Quae
504 3233 669 3269 cuneta
702 3242 727 3268 a
770 3242 871 3269 vera
918 3225 1007 3269 loci

121 3283 339 3327 sententia
360 3282 462 3326 satis
487 3283 654 3325 diversa
670 3291 786 3326 sunt.
836 3283 1009 3327 Omnes

122 3339 395 3386 vocabulum
430 3353 680 3381 onerosum
716 3341 918 3384 referunt
954 3341 1008 3384 ad

121 3399 290 3455 equites
332 3397 376 3441 ei
418 3397 570 3440 officio
611 3396 820 3440 delectos.
904 3398 1008 3444 MS.

123 3454 276 3499 Guelf.
302 3454 378 3499 dat
399 3455 587 3498 ambitio
606 3470 690 3512 pro
717 3457 906 3499 ambitu.

179 3560 343 3596 sector.
405 3550 503 3594 MS.
527 3549 641 3593 Bud.
668 3558 880 3596 sectores.

1098 1950 1151 1994 ad
1164 1951 1381 2008 Lipsium.
1441 1951 1559 1993 Sane
1583 1952 1647 1994 bis
1669 1952 1835 1995 dieitur
1855 1953 1992 2003 idem,

1096 2007 1133 2050 si
1154 2007 1259 2065 legis
1285 2009 1608 2053 auctionibus.-
1641 2025 1744 2051 nam
1776 2010 1916 2052 hasta
1947 2019 1989 2051 et

1094 2074 1248 2108 sector
1270 2065 1378 2123 quid
1408 2074 1511 2108 sunt
1531 2065 1615 2108 nisi
1637 2067 1913 2109 auctiones?
1935 2091 1989 2100 —

1096 2123 1316 2165 Actiones
1338 2123 1536 2182 intellige
1563 2123 1609 2165 in
1643 2139 1741 2174 eos,
1770 2141 1794 2167 a
1826 2124 1988 2183 quibus

1096 2178 1366 2222 donationes
1403 2188 1548 2224 essent
1577 2181 1860 2239 repetendae.
1919 2180 1989 2226 De

1095 2237 1322 2284 vocabulo
1347 2237 1405 2281 cf.
1424 2238 1514 2282 An.
1535 2237 1606 2287 -15,
1629 2239 1701 2282 26.

1151 2314 1381 2351 attamen.
1441 2306 1543 2352 MS.
1561 2306 1714 2353 Guelf.
1736 2318 1791 2352 oc
1811 2317 1987 2354 tamen.

1151 2381 1462 2422 exauctorati.
1547 2378 1625 2423 Sic
1668 2378 1770 2423 MS.
1827 2378 1985 2424 Guelf.

1092 2434 1195 2478 edd.
1215 2434 1334 2492 Spir.
1349 2436 1469 2494 Lips.
1491 2453 1590 2495 sqq.
1617 2461 1675 2470 —
1710 2439 1990 2481 exaucorati

1093 2492 1197 2537 edd.
1222 2491 1325 2538 Put.
1350 2494 1558 2538 Beroald.
1594 2494 1718 2550 (cum
1750 2494 1821 2537 sil.
1846 2493 1983 2552 Vici.)

1090 2550 1194 2593 Alc.
1218 2550 1361 2595 Rhen.
1382 2551 1488 2595 Ald.

1147 2621 1346 2664 Taurus.
1404 2621 1487 2664 Ed.
1508 2622 1627 2680 Spir.
1646 2621 1904 2664 Zhaun'us.

1146 2692 1383 2735 Antonius
1420 2691 1563 2734 Naso.
1646 2693 1750 2736 MS.
1797 2692 1978 2736 Fara-es.

1086 2750 1304 2792 Aurelius
1355 2749 1500 2792 Naso.
1588 2748 1800 2793 Heinsius
1861 2751 1984 2795 vult:

1087 2809 1359 2850 Autronius.
1446 2806 1697 2850 Oberlinus
1732 2822 1756 2850 e
1791 2806 1979 2850 Sueton.

1085 2864 1168 2907 tut.
1202 2881 1242 2906 c.
1275 2864 1318 2906 9.
1356 2863 1427 2907 52.
1462 2864 1607 2908 adfert
1638 2863 1701 2908 M
1732 2865 1977 2908 Actorium

1085 2923 1342 2964 Nasonem.
1418 2919 1663 2979 vulgatum
1697 2937 1791 2965 esse
1836 2922 1971 2967 vitio-

1084 2995 1183 3022 sum
1208 2977 1339 3021 facile
1360 2978 1439 3022 tibi
1459 2979 1763 3036 persuadebis.
1814 2987 1819 3002 ¹

1138 3059 1379 3101 Aemilius.
1426 3059 1504 3103 Sic
1527 3059 1784 3104 edd.Berne
1817 3075 1860 3116 g.
1878 3075 1973 3118 sqq

1081 3143 1139 3150 —
1162 3116 1345 3158 emilius
1369 3117 1468 3160 edd.
1493 3116 1614 3175 Spir.
1632 3117 1736 3160 Put.
1761 3118 1797 3159 lv
1818 3148 1830 3160 .
1857 3126 1900 3160 et
1959 3164 1970 3173 ³

1079 3200 1139 3208 -
1163 3172 1403 3228 Aemylius
1425 3173 1527 3218 MS.
1557 3173 1707 3218 Guelf.
1738 3174 1839 3217 edd.
1868 3175 1968 3231 Ber·

1080 3230 1203 3286 (cuin
1229 3229 1373 3276 silent.
1395 3231 1535 3289 Vici.)
1567 3231 1672 3275 Ale.
1702 3231 1845 3276 Rhen.
1869 3247 1968 3291 sqq⁸

1139 3315 1164 3341 e
1189 3299 1370 3354 vigiliis.
1427 3301 1503 3344 Sic
1531 3301 1634 3346 edd.
1671 3302 1774 3345 Ber.
1810 3302 1870 3356 (e.
1902 3301 1970 3346 sil>
2010 3343 2014 3346 .

1080 3355 1224 3410 Vici.)
1252 3357 1353 3402 Ale.
1369 3358 1512 3403 Rhen.
1536 3375 1635 3418 sqq.
1658 3387 1716 3396 --
1747 3357 1969 3412 Euigilius

1080 3413 1343 3458 MS.Guelf.
1365 3415 1468 3459 edd.
1489 3417 1610 3474 Spir.
1633 3416 1735 3459 Put.
1759 3415 1827 3458 M.
1854 3424 1893 3458 et
1911 3414 1966 3460 V.

1080 3562 1098 3596 t
1134 3500 1182 3541 in
1205 3508 1399 3545 ceteros:
1458 3500 1557 3545 MS.
1584 3497 1736 3543 Guelf.
1773 3491 1863 3544 iter
1895 3515 1965 3564 cg-

1101 3569 1221 3599 eros.
