2138 4030
189 287 241 369 2:
256 287 408 368 3:⁸33:
460 284 463 289 ’

634 289 811 353 LIB.
848 289 952 351 IV.
1032 285 1232 355 GAP.
1274 293 1332 352 8.
1372 293 1431 352 9.

106 423 560 499 Vespasianum,
603 438 803 476 senem
826 414 1243 495 triumphalem
1259 464 1276 489 ‚
1319 419 1603 477 iuvenum
1623 421 1951 483 liberorum

102 519 363 584 patrem,
404 505 725 582 praeceptis
745 515 1050 561 coerceret.
1135 501 1453 576 Quomodo
1475 505 1739 579 pessimis
1761 509 1950 585 impe-

103 594 398 650 ratoribus
433 591 559 647 sine
593 590 710 645 fine
746 589 1243 660 dominationem,
1298 588 1379 647 ita
1407 590 1677 666 quamvis
1701 595 1946 668 egregiis

101 678 347 734 modum
372 675 658 733 libertatis
686 673 931 749 placere.
1016 671 1177 730 Haec
1215 674 1441 749 magnis
1476 674 1773 752 utrimque
1803 700 1946 736 con-

102 763 466 821 tentionibus
501 760 710 816 iactata
747 758 994 814 diversis
1025 758 1232 817 studiis
1269 759 1720 834 accipiebantur.
1804 765 1947 823 vicit

99 868 265 923 pam,
305 867 454 923 quae
480 844 679 901 sortiri
703 844 923 916 legatos
949 843 1238 914 malebat,
1281 843 1455 901 etiam
1478 844 1689 900 mediis
1711 819 1973 921 patrumx

102 931 506 990 adnitentibus
533 929 787 986 retinere
818 943 1062 984 morem.
1151 938 1207 984 et
1240 929 1749 1004 splendidissimus
1782 933 1944 1009 quis-

100 1037 215 1095 que
239 1017 446 1074 eodem
468 1014 793 1071 inclinabat
812 1025 974 1070 metu
996 1012 1286 1084 invidiae,
1324 1013 1375 1070 si
1396 1014 1511 1090 ipsi
1533 1014 1902 1089 eligerentur.

270 1126 375 1188 IX.
429 1125 709 1184 Secutum
756 1124 919 1181 aliud
972 1135 1281 1181 certamen.
1378 1122 1681 1182 Praetores
1734 1129 1946 1185 aerarii

99 1210 265 1290 (nam
292 1223 420 1271 tum
445 1230 479 1268 a
498 1210 870 1286 praetoribus
896 1209 1256 1267 tractabatur
1293 1208 1610 1289 aerarium)
1645 1212 1946 1286 publicam

97 1308 509 1374 paupertatem>
526 1296 713 1372 questi
737 1295 982 1351 modum
1004 1294 1285 1369 impensis
1305 1294 1764 1369 postulaverant.
1818 1317 1947 1355 eam

100 1397 302 1440 curam·
329 1381 536 1438 consul
559 1380 895 1453 designatus
921 1379 998 1435 ob
1026 1379 1497 1452 magnitudinem
1533 1381 1729 1438 oneris
1763 1392 1820 1439 et
1851 1403 1947 1440 re-

96 1467 278 1525 medii
301 1466 703 1523 difficultatem
731 1464 988 1539 principi
1008 1464 1360 1523 reservabat.
1446 1461 1760 1522 Helvidius
1785 1468 1948 1524 arbi-

96 1553 211 1610 trio
237 1563 471 1608 senatus
496 1549 788 1623 agendum
814 1549 1056 1608 censuit.
1129 1546 1282 1605 Cum
1305 1561 1686 1624 perrogarent
1713 1564 1949 1611 senten-

96 1638 204 1695 tias
232 1637 529 1705 consuleS‚
570 1632 882 1691 Vulcatius
906 1631 1279 1690 Tertullinus
1315 1634 1590 1698 tribunus
1624 1635 1815 1710 plebis
1853 1638 1948 1694 in-

95 1722 386 1798 tercessit,
424 1740 499 1777 ne
525 1719 670 1799 quid
696 1738 872 1797 super
893 1720 1055 1811 tanta
1080 1739 1143 1775 re
1170 1718 1439 1797 principe
1463 1721 1702 1779 absente
1729 1732 1947 1781 statue-
2002 1773 2018 1784 ,

1828 297 1958 356 375
2044 335 2046 339 f

95 1960 201 1991 cum
229 1944 355 1988 Flor.
391 1951 434 1987 et
465 1942 613 1987 vatic.
649 1942 814 1987 habent
857 1944 981 1986 inlu-

94 2006 233 2056 sisse,
273 2001 347 2044 alii
383 2002 603 2044 illusisse.
643 2027 703 2037 --
766 2001 983 2043 illuxisse

94 2061 194 2103 edd.
230 2059 333 2103 Put.
373 2059 441 2102 M.
475 2066 515 2102 et
551 2057 608 2098 V.
644 2057 851 2100 Beroald.
883 2056 982 2102 Alc.

91 2116 239 2163 Rhen.
258 2116 362 2160 Atd.
381 2131 479 2182 sqq.
516 2115 570 2158 ad
596 2113 822 2171 Lipsium,
860 2112 984 2161 nulla

90 2174 252 2218 idonea
274 2181 507 2217 sententia.
571 2172 658 2214 Sed
679 2171 836 2214 similis
856 2186 985 2228 pror-

92 2248 165 2276 sus
195 2230 383 2280 varietas
418 2238 482 2274 est
503 2229 595 2274 An.
622 2230 688 2280 16,
710 2230 748 2272 1.
781 2228 857 2271 ubi
893 2227 982 2270 vid.

88 2298 185 2333 not.
954 2328 957 2329 γ

147 2349 378 2390 iuuenum.
434 2343 538 2387 MS.
573 2341 722 2388 Guelf.
753 2345 981 2386 iuvenem.

92 2403 215 2446 ldem
240 2400 352 2446 liber
371 2417 476 2444 mox
497 2402 652 2455 magis
676 2417 762 2459 pro
785 2402 983 2456 magnis.

148 2461 529 2503 contentionibus.
591 2458 694 2505 MS.
721 2458 833 2515 Agr.
870 2473 980 2500 con-

91 2517 430 2560 certationibus.
488 2515 567 2558 Sic
585 2522 877 2558 concertator
889 2515 981 2559 An.

145 2631 307 2676 sortiri
332 2632 522 2687 legatos.
581 2628 665 2672 Ed.
697 2628 815 2687 Spir.
848 2618 981 2682 tiga-

90 2698 166 2733 tos
186 2688 370 2732 sortiri.

142 2745 480 2789 adnitentibus.
571 2743 646 2787 Sic
699 2741 803 2786 MS.
855 2741 891 2784 F
895 2743 978 2786 lor.

93 2803 210 2857 (test.
232 2803 372 2855 Vict.)
401 2802 472 2844 ed.
494 2801 613 2859 Spir.
650 2823 711 2833 —
765 2801 981 2843 anniten-

90 2862 206 2903 tibus
226 2858 330 2903 MS.
352 2857 504 2903 Guelf.
529 2857 630 2901 edd.
654 2857 761 2901 Put.
783 2873 883 2916 sqq.

147 2915 260 2960 CAP.
289 2917 330 2960 9.
383 2923 634 2971 praetores
663 2915 860 2958 aerarii.
922 2913 980 2958 cf.

89 2973 263 3018 noh-ad
290 2973 377 3016 An.
402 2975 440 3024 1,
461 2971 534 3015 75.

149 3031 284 3086 (nam
307 3037 407 3072 tum
432 3062 443 3073 .
459 3062 471 3072 .
489 3062 499 3073 .
526 3029 804 3082 aerarium).
862 3028 984 3072 Haec

91 3083 291 3143 suspecta
314 3096 416 3141 sunt
436 3086 644 3129 Ernestio
668 3094 711 3128 et
733 3087 982 3143 Baumgar-

89 3154 165 3189 ten
181 3159 201 3179 -'
216 3143 375 3188 Crusio
402 3143 456 3187 ad
479 3143 662 3187 Sueton.
676 3141 834 3187 Claud.
858 3143 982 3187 c.24.

90 3233 119 3251 „
134 3199 513 3258 Quorsumenim
530 3231 541 3248 ‚
578 3199 638 3242 ait
660 3199 761 3251 ille,
789 3199 878 3244 hoc
900 3200 983 3243 ad-

89 3259 237 3312 ditur,
274 3272 414 3316 quum
451 3273 546 3299 non
574 3256 777 3300 additum
809 3255 865 3300 sit
887 3257 979 3301 An.

91 3316 212 3368 1‚75..
226 3348 238 3366 ,
262 3330 400 3373 quum
422 3330 494 3357 res
512 3321 620 3356 nota
643 3322 756 3356 esset
777 3329 826 3356 ex
846 3314 982 3371 ipsius

89 3373 331 3416 traditione
363 3371 457 3416 An.
482 3370 549 3422 13,
568 3371 668 3419 28„
706 3386 818 3429 quae
851 3379 895 3414 et
926 3371 981 3413 ad

89 3429 334 3474 Traianum
369 3443 510 3486 usque
543 3426 851 3473 duravisset.''
922 3427 984 3470 At

91 3494 190 3544 post
227 3485 444 3529 Historias
495 3487 679 3528 demum
719 3483 984 3542 prodierunt

92 3543 314 3592 Annales,
357 3559 442 3586 nec
471 3543 622 3599 inepte
652 3541 727 3584 illa
750 3543 885 3587 verba
910 3541 982 3584 ad-

93 3598 282 3650 duntur,
326 3599 427 3659 quia
452 3599 599 3648 variae
634 3598 765 3643 liuius
794 3599 858 3642 rei
892 3598 984 3642 sue-

1050 1951 1160 1987 runt
1191 1943 1476 1987 mutationes.
1546 1943 1766 1989 Intererat
1798 1945 1946 2003 igitur,

1053 2009 1104 2044 ut
1133 2001 1326 2058 scriptor
1355 2001 1538 2045 doceret
1567 2011 1664 2046 tum
1693 2017 1847 2046 curam
1880 2021 1947 2047 ae·

1053 2058 1160 2101 rarii
1183 2073 1280 2101 non
1298 2056 1492 2116 amplius
1516 2058 1654 2102 fuisse
1677 2059 1794 2117 apud
1817 2075 1949 2117 quae-

1055 2123 1221 2166 stores,
1251 2115 1329 2159 sed
1350 2115 1467 2172 apud
1490 2123 1734 2173 praetores,
1794 2116 1948 2160 Simile

1055 2172 1436 2220 additamentum,
1495 2173 1618 2229 quod
1661 2182 1765 2232 post
1807 2174 1948 2218 editos

1056 2228 1254 2272 Annales
1279 2227 1438 2272 inutile
1468 2228 1649 2281 fuisset,
1686 2231 1848 2287 legitur
1881 2231 1947 2274 in-

1056 2285 1124 2330 fra
1147 2302 1189 2330 c.
1207 2286 1275 2329 15.
1289 2287 1665 2330 Transrhenana
1690 2302 1803 2341 gens
1828 2296 1912 2331 cst.

1089 2344 1344 2412 ‘impensis
1423 2343 1529 2387 MS.
1569 2343 1722 2388 Guelf.
1768 2346 1948 2401 impen-

1053 2414 1170 2444 slus.

1111 2460 1284 2502 oneris.
1343 2457 1428 2502 Ed.
1456 2457 1575 2517 Spir.
1596 2459 1801 2502 honoris.

1107 2523 1430 2569 perrogarent.
1518 2515 1596 2558 Sic
1643 2516 1780 2559 MSS.
1825 2515 1948 2560 Flor.

1055 2575 1175 2627 (test.
1197 2571 1337 2628 Vict.)
1372 2571 1483 2629 Reg.
1516 2572 1640 2616 Harl.
1671 2572 1806 2615 Bodl.
1832 2573 1947 2617 Bud.

1055 2629 1157 2672 edd.
1195 2628 1314 2687 Spir.
1347 2628 1490 2673 Rhen.
1523 2645 1624 2686 sqq.
1663 2652 1722 2665 -ν
1774 2645 1946 2684 proro-

992 2707 998 2714 ι
1053 2693 1222 2740 gar-ent
1240 2685 1341 2729 MS.
1371 2684 1526 2729 Guelf.
1559 2686 1660 2729 edd.
1687 2686 1790 2730 Put.
1810 2687 1879 2730 M.
1905 2695 1949 2730 et

1054 2743 1113 2786 V.
1134 2741 1524 2787 Beroald.Aleiat.
1555 2770 1614 2778 -
1665 2752 1948 2798 prorogaret

1052 2799 1158 2844 MS.
1185 2800 1269 2842 les.
1325 2799 1536 2855 vulgaris
1557 2799 1666 2843 haec
1688 2798 1946 2847 confusible

1054 2855 1327 2915 compendio
1365 2857 1610 2914 scripturae
1643 2866 1790 2900 exorta
1823 2858 1947 2906 inve-

1053 2916 1177 2958 nitur
1196 2912 1329 2956 etiam
1351 2914 1538 2956 sueton.
1566 2912 1674 2957 Oct.
1701 2930 1743 2958 c.
1761 2914 1832 2959 35.

1113 2972 1358 3014 Vulcatius
1382 2970 1679 3014 Tertullinus.
1739 2972 1816 3016 Sic
1846 2973 1947 3016 edd.

1052 3027 1190 3086 Lipsii
1226 3021 1276 3083 sq'
1313 3060 1322 3069 .
1361 3051 1419 3061 —-
1478 3028 1717 3071 Vulcatius
1741 3029 1943 3073 Ter-tuli-

1053 3101 1143 3129 nus
1162 3085 1264 3127 MS.
1325 3083 1432 3127 uelf.
1458 3084 1675 3129 edd.Put.
1699 3101 1796 3145 sqq.
1822 3087 1945 3141 (cum

1055 3142 1230 3186 silentio
1275 3141 1504 3197 Victorii).
1563 3165 1616 3176 —
1689 3144 1948 3186 Vulcanius

1054 3201 1100 3242 T
1095 3198 1324 3241 etralinus
1356 3199 1456 3242 MS.
1488 3198 1599 3256 Reg.
1641 3223 1698 3235 —-
1742 3202 1944 3243 ·Vulca-

1053 3260 1160 3301 nius
1186 3257 1430 3298 tetur-linas
1445 3256 1519 3299 ed.
1540 3255 1663 3314 Spir-

1111 3315 1384 3355 intercessit.
1453 3312 1553 3356 Hoc
1589 3315 1780 3360 verbum
1798 3314 1947 3356 ..abest

1054 3388 1078 3414 a
1112 3368 1215 3412 MS.
1249 3367 1401 3414 Guelf.
1469 3371 1579 3413 Mox
1620 3370 1783 3413 ibidem
1823 3369 1946 3414 deest

1054 3425 1578 3471 vocabulumllelvidius.
1593 3451 1638 3461 ·-
1663 3428 1715 3470 ln
1739 3426 1809 3470 ed.
1825 3425 1943 3481 Spir.

1055 3500 1116 3583 1¹1?
1122 3483 1926 3587 “fig‘’3321f“‘2¹¹}fi÷.35⁰..ZZ§'3555;'
1933 3515 1943 3526 ‘

1228 3572 1242 3585 .
1404 3574 1415 3586 .
1448 3560 1467 3586 s
1497 3559 1518 3585 r
1923 3565 1942 3578 -

1058 3599 1136 3645 sit,
