2138 4030
1430 45 1452 65 f

111 198 116 206 =
173 229 223 264 A.
244 229 296 265 U.
314 227 400 263 82³.

171 275 222 309 A.
245 274 292 310 G.
341 273 402 308 70.

581 227 758 291 LIB.
793 229 903 292 III.
936 266 945 279 ⁷·
971 225 1166 291 CAP.
1199 229 1302 293 24.
1335 234 1440 295 25.
1810 236 1936 296 287

87 360 502 440 praetorianis:
561 405 596 430 ‚‚
610 358 733 416 Vos
746 359 774 378 '⁹
804 359 1000 436 inquit
1029 358 1191 430 „nisi
1212 359 1480 431 vincitiS‚
1523 366 1763 437 pagani,
1805 366 1937 443 quis

88 449 284 519 „alius
304 448 622 522 imperator
637 491 655 515 ‚
697 465 846 520 quae
867 456 1053 502 castra
1077 444 1190 500 alia
1214 445 1541 520 excipient?
1616 449 1746 507 Illic
1770 451 1937 523 signa
1982 470 1989 474 ·

88 551 411 610 ‚·‚ar1naque
436 541 625 586 vestra
653 541 792 587 sunt
831 540 888 586 et
923 549 1082 586 mors
1121 529 1316 586 victis:
1373 550 1511 587 nam
1549 531 1936 604 ignominiam

90 612 640 691 ‚‚consumpsistiS.'’
725 612 1007 690 Undique
1043 615 1291 670 clamor:
1337 627 1397 672 et
1430 616 1717 676 orientem
1751 621 1934 677 solem

87 700 196 780 (ita
222 703 288 758 in
309 701 479 778 Syria
504 718 634 755 mos
667 697 776 776 e‘st)
806 698 1043 755 tertiani
1067 699 1407 760 salutavere.
1536 715 1566 733 “

254 809 446 867 XXV.
490 806 689 882 Vagus
715 808 855 864 inde
882 829 959 864 an
984 808 1229 865 consilio
1253 808 1418 865 ducis
1441 809 1711 868 subditus
1733 832 1939 872 rumor

86 895 388 954 advenisse
413 891 765 951 Mucianum
783 939 799 963 ‚
837 893 1123 950 exercitus
1149 893 1404 949 invicem
1429 894 1722 956 salutasse.
1776 898 1936 971 ‘gra-

89 983 232 1038 dum
273 980 538 1035 inferunt
586 978 755 1054 quasi
802 979 1135 1034 recentibus
1179 977 1412 1034 auxiliis
1457 981 1646 1050 aucti,
1711 984 1935 1040 rariore

86 1069 203 1123 iam
245 1064 704 1122 Vitellianorum
754 1063 908 1132 acie,
972 1075 1040 1121 ut
1094 1082 1241 1139 quos
1296 1064 1462 1120 nullo
1519 1078 1741 1123 rectore
1796 1088 1936 1125 suus

87 1170 378 1228 quemque
433 1149 685 1223 impetus
739 1149 836 1204 vel
886 1167 1071 1222 pavor
1122 1144 1492 1206 contraheret
1544 1150 1936 1215 diduceretve.

87 1236 405 1311 Postquam
433 1234 719 1309 impulsos
749 1233 932 1289 sensit
953 1228 1286 1302 AntoniUS,
1336 1234 1519 1291 denso
1559 1238 1792 1309 agmine
1827 1239 1937 1295 ob-

87 1321 381 1378 turbabat.
446 1318 622 1374 laxati
646 1318 883 1374 ordines
909 1318 1364 1393 abrumpuntur:
1411 1339 1517 1376 nec
1540 1321 1772 1380 restitui
1801 1324 1938 1400 qui-

90 1425 226 1462 vere
258 1403 714 1478 impedientibus
740 1399 1027 1459 vehiculis
1053 1403 1493 1479 tormentisque.
1559 1427 1665 1481 per
1686 1409 1937 1465 limitem

86 1491 215 1545 viae
254 1499 608 1563 sparguntur
639 1487 1013 1543 festinatione
1053 1480 1428 1544 consectandi
1476 1490 1743 1550 victoreS.
1838 1491 1932 1551 Eo

86 1574 406 1631 notabilior
431 1575 634 1629 caedes
653 1572 795 1642 fuit,
839 1564 979 1649 quia
1002 1572 1159 1628 filius
1187 1584 1412 1647 patrem
1437 1573 1744 1645 interfecit.
1793 1599 1934 1646 >rem

85 1659 457 1735 nominaque
492 1668 728 1714 auctore
765 1655 1051 1733 Vipstano
1083 1655 1362 1714 Messalla
1401 1661 1647 1723 tradam,
1747 1660 1936 1722 Iulius

87 1889 168 1933 hos
238 1884 536 1946 compellabat
604 1884 975 1929 inclementius.'⁰

86 1944 386 1990 Subscribunt
408 1941 639 1985 Ernestius
662 1950 703 1986 et
721 1941 973 1986 Lalleman-

88 2003 186 2047 dus.
249 2000 494 2045 Oberlinus
517 2005 560 2042 et
582 1999 974 2057 Bipont.Grono-
1103 2004 1336 2055 impulsos.
1425 2003 1558 2050 MSS.
1600 2013 1645 2050 et
1689 2016 1791 2053 vert.
1833 2012 1937 2059 edd.

86 2061 149 2106 vii
188 2057 549 2103 emendationem
583 2057 628 2099 in
659 2058 812 2100 locum
843 2074 972 2101 rece·
1039 2062 1214 2112 pulsos.
1282 2059 1371 2103 Sed
1414 2060 1517 2118 quia
1562 2064 1765 2108 nondum
1810 2079 1938 2114 erant

86 2134 191 2177 pere
235 2115 510 2171 *retinuitque
558 2113 803 2158 Bekkerus.
884 2114 993 2158 Sed<
1078 2116 1159 2159 ulsi
1206 2115 1297 2167 illi,
1349 2134 1424 2164 ex-
1439 2119 1629 2163 Acidalii
1678 2125 1939 2174 coniectura

85 2174 267 2230 infiendi
298 2172 444 2214 alicui
479 2177 545 2212 est
586 2170 892 2215 vehementius
935 2172 975 2215 ei
1045 2131 1275 2216 lilrnestius
1297 2182 1338 2217 et
1355 2175 1584 2219 Broterius
1605 2194 1816 2239 recepere
1830 2200 1938 2239 per-

87 2245 324 2275 occnrrere
347 2227 418 2272 vel
442 2227 549 2270 ferri
572 2228 617 2270 in
643 2227 698 2271 ali
733 2244 860 2280 uem,
893 2245 976 2271 eo-
1044 2233 1208 2273 culsos.
1275 2230 1438 2275 Lenius
1476 2241 1519 2276 et
1554 2236 1720 2281 rectius
1756 2239 1937 2299 Bipont.

84 2305 171 2347 que
199 2285 446 2344 significatu
471 2243 791 2328 Antoniustlfic
813 2285 976 2329 dieitur
1046 2296 1090 2331 et
1115 2286 1362 2332 Oberlinus
1385 2292 1625 2345 impulsos.

80 2346 285 2400 infensus
305 2343 652 2396 praetorianis,
686 2351 735 2384 ut
757 2342 974 2400 intelligas

84 2419 178 2444 non
198 2402 252 2444 de
275 2400 404 2448 odio,
433 2398 509 2442 sed
532 2399 586 2442 de
611 2399 748 2443 modo
771 2416 973 2444 accessus

84 2468 126 2503 et
150 2456 463 2502 adlocutionis.
693 2463 700 2469 “

85 2529 239 2626 13ωέ
271 2526 412 2570 alius.
474 2524 574 2570 MS.
598 2524 750 2570 Guelf.
783 2529 867 2583 qui
891 2543 973 2572 sa·-

105 2600 191 2629 tus.

143 2655 347 2697 tertiani.
440 2653 523 2698 Ed.
580 2653 698 2710 spir.
765 2657 972 2700 tertiam.

81 2711 345 2757 MS.Guelf.
369 2714 526 2756 tercia.
567 2711 704 2757 -Hinc
725 2712 878 2756 vitium
902 2715 972 2759 ed.

1039 1895 1188 1930 retve.
1251 1886 1480 1946 Bipontini
1506 1889 1761 1937 maluerunt
1790 1898 1936 1943 dedu-

1049 1953 1241 1989 cer-etue.
1740 1960 1743 1963 “

1102 2347 1395 2390 obturbabat.
1485 2349 1562 2393 Sic
1621 2350 1756 2396 MSS.
1811 2355 1962 2402 Flor-

1045 2404 1166 2454 (test.
1202 2402 1322 2446 Viet.
1365 2420 1468 2447 cum
1504 2407 1588 2450 lae.
1625 2406 1785 2467 Gron.)
1823 2411 1935 2473 Reg.

1045 2457 1182 2504 Corb.
1228 2459 1342 2504 Bud.
1384 2462 1496 2520 Agr.
1540 2464 1644 2508 edd.
1686 2466 1804 2525 Spir.
1851 2471 1936 2517 lac.

1045 2514 1255 2559 Gronov.
1285 2533 1381 2575 sqq.
1419 2543 1478 2552 --
1545 2523 1767 2566 obturbat
1799 2527 1936 2575 MSS.

1046 2571 1196 2615 Guelf.
1213 2572 1335 2618 Harl.
1348 2576 1478 2621 Bodl.
1493 2576 1574 2622 les.
1594 2579 1693 2626 edd.
1707 2580 1811 2627 Put.
1830 2602 1933 2645 sqq.

1044 2629 1098 2673 ad
1127 2628 1214 2674 Iac.
1239 2629 1384 2675 Gron.

1093 2701 1181 2741 per
1199 2687 1393 2731 limitem
1413 2692 1531 2734 viae.
1573 2692 1634 2740 cf.
1658 2696 1783 2740 c.21.
1826 2699 1934 2745 Mox

84 2770 201 2828 Spir.

140 2853 251 2897 CAP.
273 2852 344 2895 25.
403 2867 466 2894 an
487 2854 686 2897 consilio.
749 2852 825 2897 Sic
838 2852 972 2898 MSS.

82 2910 204 2953 Flor.
239 2910 356 2963 (test.
380 2908 498 2952 Vict.
532 2925 636 2954 cum
657 2909 798 2965 Pich.)
830 2911 969 2955 Corb-

82 2966 204 3010 Harl.
258 2984 279 3009 a
311 2967 504 3008 secunda
533 2971 687 3023 manu)
717 2968 813 3009 edd.
846 2968 967 3026 Spir.

83 3024 209 3067 Pit-h.
280 3031 414 3066 ruter.
437 3039 534 3080 sqq.
565 3046 619 3054 -—-
662 3025 853 3066 consilto
871 3027 968 3069 sine

85 3096 149 3123 ιιη
170 3079 594 3127 MSS.Gue1s.ssud.
611 3079 734 3124 Harl.
759 3082 797 3136 (a
824 3083 966 3138 prima

85 3139 238 3191 manu)
270 3136 370 3180 edd.
403 3136 505 3180 Pur.
537 3153 637 3195 sqq.
669 3139 722 3182 ad
755 3138 881 3182 Pich.
911 3165 968 3174 —

81 3211 112 3238 a
138 3195 326 3236 consilto
348 3193 446 3236 MS.
471 3193 580 3251 Reg.

137 3277 420 3330 Mucianum,
444 3280 686 3320 exercitus.
717 3277 815 3322 MS.
830 3277 965 3323 Corb.

81 3333 151 3377 ed.
174 3334 295 3392 Spir.
323 3334 591 3377 mutianum
615 3337 889 3380 exercitum.

137 3417 434 3459 daluceretve.
506 3415 567 3457 Ex
601 3418 771 3474 egregia
806 3435 963 3463 emen·

81 3471 257 3515 datione
277 3473 409 3530 Lipsii
425 3507 436 3523 ‚
473 3489 603 3529 quarn
631 3477 720 3530 ipse
742 3475 787 3516 in
811 3475 960 3521 locum

81 3531 260 3587 recepit.
322 3530 456 3575 MSS.
486 3539 526 3572 ct
557 3539 656 3574 ven.
691 3531 789 3580 edd.
823 3536 957 3577 duce-

1044 2741 1148 2787 MS.
1187 2743 1311 2789 Flor.
1359 2749 1478 2802 (test.
1515 2748 1650 2806 Vici.)
1697 2754 1770 2798 ed.
1811 2756 1932 2815 Spiv.

1030 2800 1336 2856 festinatlone
1395 2810 1696 2853 consectandi.
1787 2806 1932 2884 Vulgo

1043 2861 1338 2901 consectandi
1341 2860 1684 2917 festinatione,
1716 2869 1779 2912 uti
1799 2881 1863 2915 est
1885 2891 1932 2919 m

1041 2915 1139 2960 MS.
1154 2914 1301 2961 Guelf.
1323 2918 1423 2960 edd.
1440 2918 1538 2963 Put.
1552 2936 1649 2979 sqq.
1673 2947 1731 2958 —-
1771 2927 1928 2973 Victo-

1037 2986 1110 3014 res
1154 2971 1349 3032 intellige
1390 2975 1646 3031 Flavianos,
1700 2999 1784 3027 nec
1824 3004 1930 3033 cum

1039 3029 1250 3072 ssahrdtio
1298 3048 1392 3074 eam
1447 3041 1616 3091 partem
1659 3039 1927 3088 Vitelliano-

999 3133 1006 3140 „
1037 3102 1164 3137 rum,
1203 3087 1277 3144 qui
1311 3105 1350 3132 c.
1372 3090 1443 3133 22.
1477 3100 1765 3148 septumauos
1804 3101 1928 3148 clade

1039 3142 1312 3188 adfecerant.

1097 3199 1326 3251 Vipstano
1373 3203 1613 3252 Messalla.
1696 3210 1773 3256 Sic
1822 3217 1923 3261 edd.

1039 3254 1182 3354 aych.
1209 3257 1295 3307 lac.
1322 3258 1468 3306 Gron.
1492 3279 1590 3323 sqq.
1618 3290 1675 3299 —
1736 3271 1928 3325 vipsnna

1092 3316 1240 3356 essalo
1287 3317 1359 3360 ed.
1406 3319 1524 3375 Spir.
1578 3346 1636 3370 ·÷-
1719 3327 1767 3367 V
1762 3331 1927 3382 ipsane

1037 3369 1259 3414 lists-solla
1282 3374 1382 3418 MS.
1403 3374 1555 3422 Guelf.
1580 3380 1680 3426 edd.
1700 3383 1800 3428 Put.
1827 3388 1925 3434 Her.

1037 3426 1157 3479 (cum
1185 3429 1480 3490 suennvict.)
1506 3451 1554 3494 sq
1590 3468 1603 3482 .
1637 3461 1692 3471 —-
1752 3442 1922 3496 Vipsa-

1031 3497 1128 3597 ῗίζιι
1133 3484 1380 3587 1¹{Messalla
1420 3493 1520 3535 edd.
1603 3495 1683 3552 ips.
1731 3514 1827 3557 sqq.
1867 3502 1921 3544 ad
