2138 4030
615 233 792 296 LIB.
837 235 882 297 1.
968 231 1166 297 CAP.
1211 195 1449 299 3233]
1879 239 1963 300 53

274 364 528 425 XXXII.
611 363 900 423 Universa
959 365 1076 420 iam
1123 364 1292 439 plebs
1339 366 1625 440 palatium
1676 369 1958 444 implebat

106 454 303 510 mixtis
346 450 600 508 servitiis
642 461 698 507 et
742 449 981 505 dissono
1028 449 1283 505 clamore
1308 452 1560 524 ⁸caedem
1594 449 1864 511 Othonis·
1896 467 1954 512 et

106 539 547 596 coniuratorum
569 534 810 591 exitium
834 535 1200 609 poscentium
1216 580 1233 603 ‚
1271 546 1338 591 ut
1360 535 1410 590 si
1433 535 1497 591 in
1521 536 1673 593 circo
1699 560 1763 595 ac
1788 535 1955 599 thea-

104 636 197 682 tro
227 623 520 680 ludicrum
553 620 795 695 aliquod
832 619 1220 692 postularent:
1279 640 1470 695 neque
1506 620 1627 675 illis
1667 622 1954 680 iudicium

105 720 206 766 aut
245 707 488 774 veritaS‚
544 705 762 781 quippe
801 704 1006 759 eodem
1051 705 1146 760 die
1190 705 1419 760 diversa
1462 706 1594 780 pari
1636 709 1951 764 certamine

103 792 518 869 postulanti-15,
583 791 682 845 sed
727 789 943 847 tradito
982 809 1144 844 more
1180 809 1590 866 quemcunque
1624 791 1953 867 principem

104 879 390 937 adulandi
415 875 648 932 licentia
673 874 1167 929 adclamationum
1195 886 1250 930 et
1275 874 1486 930 studiis
1512 876 1807 936 inanibus,
1840 876 1955 941 ,In-

93 963 272 1021 terim
316 961 572 1018 Galbam
619 961 769 1015 duae
811 959 1133 1015 sententiae
1169 959 1547 1020 distinebant.
1640 959 1711 1020 T.
1737 959 1954 1017 Vinius

104 1043 465 1105 manendum
491 1047 645 1101 intra
679 1046 950 1111 domum,
1007 1045 1360 1117 opponenda
1391 1045 1655 1114 servitia,
1709 1046 1953 1102 firman..

105 1135 212 1190 dos
244 1133 466 1200 aditus,
519 1151 643 1186 non
678 1130 940 1186 eundum
968 1129 1038 1183 ad
1065 1128 1246 1184 iratos
1273 1131 1569 1199 censebat:
1626 1132 1790 1187 daret
1827 1152 1954 1187 ma-

101 1220 299 1276 lorum
327 1215 750 1292 poenitentiae,
783 1215 962 1270 daret
998 1213 1294 1270 bonorum
1331 1215 1641 1271 consensui
1675 1217 1950 1290 spatium.

102 1303 313 1359 scelera
348 1303 600 1375 impetu,
654 1299 811 1356 bona
837 1298 1080 1353 consilia
1106 1318 1272 1355 mora
1294 1300 1602 1358 valescere.
1691 1301 1954 1377 denique

106 1388 286 1444 eundi
319 1387 506 1454 ultro,
559 1384 609 1439 si
639 1383 788 1439 ratio
827 1383 931 1452 sit,
988 1384 1235 1438 eandem
1270 1405 1406 1440 mox
1442 1385 1803 1442 facultatem:
1858 1406 1953 1441 re-

105 1491 362 1546 gressus,
400 1471 450 1526 si
476 1469 800 1544 poeniteat,
839 1467 902 1523 in
932 1467 1122 1524 aliena
1145 1480 1449 1543 potestate.

197 235 248 271 A.
265 235 412 272 U.823.

196 280 248 316 A.
263 279 309 315 C.
349 279 412 312 70.

275 1576 557 1637 XXXIII.
594 1576 1019 1634 Festinandum
1046 1577 1250 1634 ceteris
1274 1578 1613 1646 videbatur,
1639 1590 1955 1656 antequam
2005 1598 2007 1602 ’

104 1676 382 1723 cresceret
407 1663 669 1719 invalida
691 1658 883 1718 adhuc
911 1663 1237 1719 coniuratio
1262 1683 1604 1737 paucorum.
1693 1666 1953 1740 trepida-

105 1763 305 1809 turum
331 1749 503 1807 etiam
521 1744 854 1815 Othonem,
895 1748 998 1823 qui
1021 1747 1229 1804 furtim
1256 1748 1576 1821 digressu8‚
1619 1750 1694 1804 ad
1717 1749 1955 1823 ignaros

101 1837 319 1893 inlatus
361 1833 730 1890 cunctatione
770 1852 928 1889 nunc
972 1844 1024 1889 et
1065 1832 1310 1905 segnitia
1356 1833 1671 1893 terentium
1726 1847 1954 1913 tempus

101 2062 256 2111 cenis,
306 2062 429 2120 quod
472 2061 614 2121 vergit
646 2062 691 2106 in
721 2061 991 2121 scripturam

98 2122 154 2165 ab
180 2119 384 2163 Ernestio
409 2132 647 2177 receptam.

157 2177 267 2221 CAP.
290 2177 363 2220 32.
414 2178 627 2219 exitium.
689 2176 990 2237 Sicesconie—

100 2244 226 2279 ctura
238 2234 431 2279 Acidalii
453 2232 746 2293 omniumque
766 2251 989 2279 consensu

101 2292 200 2335 edd.
225 2291 400 2335 Ernest.
433 2309 534 2350 sqq.
572 2321 629 2327 —
690 2294 885 2336 exilium
917 2293 989 2337 vet

1119 2079 1214 2106 non
1232 2066 1446 2107 eundum.
1506 2063 1591 2106 Ed.
1614 2065 1852 2123 Spin-zum
1873 2065 1954 2110 εὔ..

1064 2125 1187 2164 dem.

1121 2180 1372 2222 consensui.
1453 2179 1527 2222 Sic
1570 2179 1668 2224 edd.
1709 2179 1810 2225 Put.
1851 2180 1953 2226 Ber.

1064 2240 1191 2292 (cum
1213 2236 1357 2279 silent.
1374 2236 1514 2289 vict.)
1545 2236 1642 2279 Ale.
1667 2236 1810 2280 Rhen.
1832 2254 1958 2295 sqq.;

100 2350 320 2392 exsilium
342 2349 477 2392 MSS.
502 2358 544 2392 et
567 2349 666 2398 edd,
688 2358 790 2393 ante
813 2349 988 2392 Ernest.

102 2406 161 2450 cf.
185 2407 290 2449 infr.
319 2407 444 2451 c.37.
475 2406 734 2458 auditisne,
763 2414 814 2448 ut
830 2422 988 2463 poena

100 2478 207 2505 mea
235 2472 277 2506 et
304 2465 576 2518 supplicium
612 2472 817 2508 vestrum
845 2465 991 2507 simul

96 2523 428 2575 postulentur?
485 2538 523 2565 c.
555 2520 626 2565 72.
682 2522 988 2577 impetratum

101 2578 312 2621 exitium.
374 2630 378 2636 .
856 2588 857 2593 ’
951 2587 957 2592 “

158 2637 376 2680 iudicium
407 2643 490 2678 aut
528 2639 731 2680 ueritas..
782 2636 849 2679 Ne
881 2651 987 2683 cum

75 2718 77 2720 -
100 2691 306 2736 Ernesti'o
329 2702 433 2752 puta
456 2682 528 2738 hic
550 2710 643 2737 esse
661 2691 711 2737 ἓν
733 2692 810 2737 διὰ
837 2693 984 2739 δυοῖν.

100 2751 213 2808 Nam
239 2752 458 2793 iudicium
490 2759 656 2809 spectat
676 2751 730 2794 ad
751 2767 846 2795 rem
873 2753 989 2794 bene

101 2808 426 2852 consideratam
508 2819 640 2866 atque
716 2808 988 2852 intellectam

99 2865 322 2922 (reifliclze
356 2858 709 2922 Ueberlegung).
755 2866 813 2909 cf.
846 2882 885 2908 c.
920 2865 989 2908 12.

102 2921 174 2965 45.
208 2922 278 2966 52.
351 2923 539 2966 Veritas
574 2922 809 2966 referenda
844 2931 907 2964 est
938 2921 991 2965 ad

102 2994 280 3022 sensum
320 2979 714 3036 (Aufiw'clztigltcit,
765 2979 995 3023 herzliche

100 3035 359 3092 Mcinung).

159 3095 488 3145 postulaturis.
556 3092 640 3136 Ed.
674 3093 792 3152 Spir.
827 3101 993 3148 postu—

103 3151 261 3195 lantis.
317 3150 484 3196 Eadem
523 3151 880 3193 acclamantium
911 3165 995 3209 pro

104 3209 534 3259 adclamationum;
565 3215 610 3250 et
641 3207 857 3250 manibus
886 3215 992 3251 stu-

55 3300 57 3302 .
105 3267 196 3308 diis
221 3280 304 3324 pro
330 3272 374 3306 et
393 3267 551 3307 studa'z's·
574 3265 805 3308 inanibus.

162 3323 454 3366 distinebant.
511 3322 586 3366 Sic
600 3323 701 3365 MS.
715 3320 866 3365 Guetf.
890 3321 990 3364 edd.

107 3379 227 3436 Spir.
260 3378 362 3421 Ber.
396 3386 522 3434 (cum
551 3378 697 3424 silent.
722 3378 764 3419 V
768 3378 858 3434 iet.)
892 3379 992 3421 Ale.

104 3435 390 3544 ghenquq.
434 3460 492 3468 -
558 3438 850 3488 destinebam
896 3435 995 3486 edd.

150 3502 211 3536 ut.
287 3524 297 3534 .
323 3501 364 3535 et
389 3493 440 3538 V.

170 3548 222 3594 T.
237 3550 412 3595 Vinius.
441 3550 443 3553 ⁴
471 3549 591 3598 Libri
613 3557 747 3601 vett..
771 3558 819 3594 ut
843 3565 991 3608 supra-

1062 2309 1285 2337 consensu
1309 2293 1407 2336 MS.
1432 2292 1583 2337 Guelf.
1618 2294 1688 2337 ed.
1715 2295 1832 2352 Spir.
1895 2294 1953 2339 cf.

1062 2359 1155 2394 not.
1180 2351 1236 2394 ad
1260 2351 1349 2394 An.
1371 2350 1413 2399 3,
1439 2351 1510 2394 30.
1537 2350 1609 2393 33.
1641 2352 1683 2400 6,
1703 2353 1774 2395 23.

1115 2410 1336 2460 spatium.
1402 2407 1481 2451 Sic
1513 2408 1649 2451 MSS.
1682 2409 1805 2452 Flor.
1839 2411 1955 2463 (test.

1061 2464 1199 2522 Viet.)
1229 2463 1380 2507 Guelf.
1415 2466 1527 2508 edd.
1549 2466 1579 2508 S
1615 2466 1667 2508 ir.
1704 2466 1810 2509 Ald.
1833 2466 1952 2523 Lips-

1061 2539 1159 2623 ἰᾙῦ.
1216 2524 1423 2575 spacium
1457 2522 1557 2565 edd.
1582 2483 1692 2565 5‘ut.
1725 2522 1829 2566 Ber.
1853 2524 1972 2574 Ate„

1088 2600 1099 2621 ι
1137 2597 1206 2622 en.

1117 2640 1307 2691 impetu.
1366 2636 1451 2679 Ed.
1474 2637 1590 2691 Spir.
1618 2639 1810 2692 imperii.
1850 2642 1853 2644 ’

1119 2695 1259 2737 eundi
1277 2695 1415 2736 ultro.
1479 2695 1616 2737 Ultro
1636 2694 1678 2739 h.
1693 2711 1732 2738 e.
1758 2696 1956 2754 insuper,

1062 2748 1316 2807 ilberdiess‚
1373 2748 1671 2807 ausserdem,
1721 2769 1784 2796 sc.
1827 2763 1954 2811 post·
2022 2772 2026 2777 ·

1060 2826 1195 2868 quam
1220 2807 1516 2866 poenitentiae
1538 2811 1759 2859 malorum
1794 2819 1835 2852 et
1869 2811 1953 2853 bo-

1062 2882 1229 2910 norum
1273 2865 1511 2908 consensui
1559 2866 1709 2910 datum
1748 2868 1956 2927 spatium.

1065 2924 1292 2967 Nostrates
1315 2921 1431 2964 male
1457 2915 1808 2982 inte1¹pretantur
1826 2923 1956 2986 frei-

1064 2982 1220 3034 willz'g.
1296 2977 1558 3023 Gutmanno
1597 2981 1641 3024 id
1682 2981 1955 3026 vocabulum

1066 3037 1306 3081 omittitur.

1123 3095 1167 3137 si
1207 3093 1333 3136 ratio
1371 3094 1445 3136 sit.

1067 3153 1134 3195 tio
1146 3151 1226 3207 fit.

1123 3210 1236 3251 CAP.
1281 3208 1352 3253 33.
1425 3211 1785 3262 trepidaturum.
1867 3209 1950 3251 Ed.

1064 3267 1180 3324 Spir.
1202 3268 1537 3321 trepidantum.
1941 3292 1943 3294 ·

1122 3323 1315 3367 inlatus.
1406 3324 1483 3368 Sic
1532 3324 1633 3371 MS.
1678 3322 1797 3366 Flor.
1848 3330 1956 3369 teste

1067 3378 1284 3426 Victoria.
1315 3381 1475 3424 illatus
1490 3381 1592 3429 edd.
1612 3389 1719 3424 vett.
1735 3395 1839 3423 cum
1856 3380 1953 3438 MS.-

1069 3436 1221 3480 Guets.

1125 3496 1427 3549 cunctatione.
1486 3495 1563 3540 Sic
1586 3494 1686 3537 edd.
1701 3493 1818 3550 Spir.
1835 3493 1959 3548 Pieh,

1069 3550 1251 3599 Gruter.
1267 3568 1365 3615 sqq.
1381 3581 1436 3590 ,-
1459 3551 1729 3599 conlatione
1750 3549 1845 3595 edd.
1860 3550 1963 3604 Fut,

1517 3093 1600 3137 Ed.
1636 3094 1753 3154 Spir.
1799 3096 1956 3151 spira—
