2138 4030
155 232 240 298 90
722 232 1446 298 HISTORIARUM.

151 365 390 441 pidem,
412 417 418 425 .
443 365 587 422 dum
620 363 945 441 Hispaniae
991 362 1356 424 cunctentur.
1435 384 1568 422 non
1603 361 2010 424 obstarehie-

154 470 319 506 mem.
347 469 536 526 neque
571 450 816 524 ignavae
849 450 1010 526 pacis
1035 468 1250 508 moras,
1334 449 1731 508 invadendam
1756 450 2005 519 Italiam,

153 536 560 610 occupandam
589 537 816 595 urbem.
904 530 1061 590 nihil
1088 534 1152 589 in
1188 534 1498 591 discordiis
1535 536 1810 594 civilibus
1839 536 2007 601 festi-
2091 603 2094 609 Δ

155 621 398 700 natione
432 621 647 690 tuum,
697 621 805 676 ubi
838 620 990 675 facto
1027 619 1212 691 magis
1240 640 1418 695 quam
1445 622 1713 679 consulto
1739 640 1888 698 opus
1913 639 2006 678 es-

154 705 265 765 set.
346 704 649 781 Torpebat
678 703 959 760 Vitellius
995 714 1052 760 et
1087 705 1387 761 fortunam
1426 705 1792 782 principatus
1829 704 2008 765 inerti

152 792 294 848 luxu
324 811 390 848 ac
412 790 677 867 prodigis
702 789 891 863 epulis
913 790 1321 863 praesumebat
1342 790 1537 846 medio
1564 792 1684 848 diei
1716 793 2007 850 temulen-

155 889 251 934 tus
277 889 334 934 et
358 877 556 950 sagina
587 873 807 947 graviS‚
846 882 981 930 cur'n
1008 886 1207 930 tamen
1230 876 1409 931 ardor
1434 886 1491 932 et
1514 876 1604 931 vis
1627 878 1885 936 militum
1909 877 2008 936 ul-

141 975 250 1022 tro
296 962 461 1019 ducis
504 959 707 1015 munia
756 958 1068 1033 implebat,
1135 971 1202 1016 ut
1241 960 1291 1015 si
1331 961 1556 1018 adesset
1592 962 1910 1038 imperator
1953 971 2010 1018 et

157 1046 412 1109 strenuis
436 1045 531 1102 vel
561 1043 790 1117 ignavis
825 1063 985 1117 spem
1020 1054 1360 1121 metumque
1396 1046 1654 1106 adderet.
1735 1046 2010 1105 instructi

156 1122 487 1207 intentique
512 1129 746 1201 signum
770 1128 1150 1203 profectionis
1177 1142 1515 1204 exposcunt.
1597 1130 1829 1190 Nomen
1854 1130 2009 1190 Ger-

154 1217 375 1274 manici
408 1213 652 1274 Vitellio
695 1213 891 1269 statim
930 1215 1223 1272 additum:
1282 1212 1591 1292 Caesarem
1624 1236 1684 1273 se
1724 1216 2011 1292 appellari

157 1303 330 1369 etiam
369 1301 560 1356 victor
600 1293 927 1374 prohibuit.
1027 1297 1277 1358 Laetum
1317 1301 1629 1374 augurium
1666 1298 1852 1360 Fabio
1887 1300 2012 1358 Va-

156 1376 304 1444 lenti
341 1384 762 1460 exercituique,
825 1404 1000 1460 quem
1041 1385 1106 1439 in-
1144 1385 1367 1442 bellum
1409 1387 1669 1460 agebat,
1705 1389 1832 1463 ipso
1869 1385 2012 1462 pro-

155 1471 428 1529 fectionis
467 1470 562 1525 die
600 1469 797 1546 aquila
832 1469 954 1524 leni
990 1482 1216 1540 meatu,
1266 1483 1443 1545 prout
1466 1492 1675 1546 agmen
1698 1473 2012 1542 incederet,

155 1559 319 1614 velut
360 1558 479 1613 dux
512 1555 643 1611 viae
678 1555 1067 1630 praevolavit:
1135 1556 1497 1634 longumque
1535 1578 1642 1632 per
1675 1558 1928 1635 spatium
1962 1557 2014 1613 is

157 1641 538 1717 gaudentium
576 1639 834 1711 militum
879 1639 1129 1710 clamor,
1194 1661 1261 1698 ea
1299 1643 1463 1719 quies
1507 1643 1811 1702 interritae
1857 1642 2014 1701 alitis

213 1837 258 1872 et
278 1829 551 1887 fortunam.
612 1827 696 1871 Ed.
721 1827 840 1885 Spir.
875 1835 919 1870 et
937 1827 1051 1884 for·-
1121 1838 1342 1892 Bernegg.
1374 1849 1472 1892 sqq.
1507 1839 1700 1900 utroque
1732 1831 1837 1880 loco
1865 1831 2020 1879 ferunt
2061 1879 2064 1883 ,

157 1895 287 1936 tuna·
344 1888 493 1932 Antea
523 1887 624 1931 MS.
652 1885 801 1929 Guelf.
836 1889 1054 1942 tot-pedat
1123 1897 1301 1952 signum
1335 1890 1671 1950 (·).Rect1us
1702 1889 2016 1948 distingueresz

155 1961 242 2005 pro
267 1949 494 2001 torpebat.
1124 1960 1397 2006 exposcunt.
1474 1949 1678 1992 Nomine
1714 1980 1726 1991 .
1755 1979 1766 1991 .
1791 1981 1803 1991 .
1837 1949 2017 2001 addito,

214 2003 362 2046 inerti
409 2006 543 2046 luxu·
635 2000 725 2049 Sic,
750 2000 855 2045 MS·
899 1999 1052 2044 Guelf-
1127 2011 1379 2053 Caesarem
1401 2015 1485 2051 etc.
1524 2006 1611 2050 Sed
1633 2013 1824 2064 praestat
1841 2015 2020 2064 recepta

157 2060 259 2104 edd.
277 2061 380 2104 Put.
407 2077 504 2119 sqq.
530 2063 653 2128 §cum
675 2059 822 2101 silent.
837 2058 973 2114 Vict.)
996 2086 1054 2093 -

1126 2069 1212 2110 scri
1250 2071 1388 2109 tura.'
1425 2064 1636 2109 Ceterum
1672 2063 1731 2108 cf.
1755 2061 2015 2115 infr.2‚.62.

155 2117 258 2162 MS.
283 2117 422 2185 Corn.
445 2121 495 2162 in
520 2118 671 2160 merti.
703 2139 760 2149 —
820 2115 904 2158 Ed.
930 2116 1052 2174 Spir·
1125 2125 1205 2172 3,5
1240 2156 1251 2167 .
1283 2120 1635 2167 SuetonNitell.
1662 2137 1699 2164 c.
1715 2121 1757 2164 8.
1789 2120 2017 2165 Plutarch.

157 2190 207 2218 m
229 2190 421 2219 mermt.

215 2238 364 2277 ardor
395 2242 440 2277 et
467 2234 555 2277 vis.
616 2232 739 2276 Haec
765 2230 901 2274 Roth.
934 2245 979 2288 P.
1010 2230 1053 2273 9.
1128 2182 1259 2225 Galb'
1301 2197 1345 2225 α’
1373 2180 1447 2223 22⁰
1522 2178 1722 2223 Reimar‘
1756 2177 2017 2238 ad'xiphil‘

156 2292 276 2336 iuter
309 2308 564 2351 synonyma
591 2291 747 2341 habet,
800 2288 957 2332 dubito
997 2303 1054 2332 au
1184 2271 1196 2289 ⁹

156 2358 295 2395 recte.

217 2414 262 2449 et
285 2407 486 2450 strenuis
508 2407 586 2448 vel
600 2405 800 2460 ignavis.
840 2401 1054 2461 Ed.Spir.

159 2472 206 2507 et
226 2472 451 2508 strenuus
481 2471 528 2507 et
561 2463 777 2518 ignavus.
835 2460 923 2504 Ed.
949 2461 1053 2503 Put.

156 2522 217 2565 V.
242 2530 286 2565 et
305 2523 565 2566 strenuisve
590 2522 781 2576 ignavis,
804 2519 909 2562 vitio
935 2526 1057 2576 typ.;

159 2580 263 2624 MS.
292 2579 442 2624 Guelf.
481 2587 526 2622 et
558 2587 775 2622 strenuus
808 2580 886 2620 vel
915 2577 1055 2630 igna-

155 2652 253 2682 vus.

219 2695 486 2752 intentique.
549 2693 626 2739 Sic
641 2693 777 2738 MSS.
791 2691 913 2735 Flor.
941 2692 1057 2745 (test.

161 2751 300 2809 vict.)
336 2753 472 2797 Corb.
496 2752 608 2810 Reg.
644 2752 746 2796 edd.
781 2749 898 2807 Spir.
935 2747 1055 2805 Lips.

161 2826 260 2869 sqq.
283 2818 326 2854 et
347 2811 412 2852 sic
435 2810 608 2866 Lipsius
631 2811 677 2852 in
702 2809 790 2852 suis
814 2806 936 2850 libris
958 2821 1056 2862 rep-

161 2869 296 2929 perit.
337 2896 394 2904 --
454 2868 742 2922 interritique
776 2863 910 2908 MSS.
938 2862 1056 2905 Bud.

166 2926 317 2970 Guelf.
357 2924 480 2968 Harl.
521 2925 654 2967 Bodl.
684 2926 765 2967 [es.
810 2922 912 2965 edd.
953 2921 1058 2963 Put.

165 2999 262 3043 sqq.
285 2999 425 3039 usque
451 2982 503 3024 ad
527 2982 744 3038 Lipsium.

226 3055 397 3083 nornen
436 3040 706 3081 Germanici
738 3038 928 3080 Vitellio
957 3044 1060 3079 sta-

167 3103 256 3146 tim
309 3099 539 3141 additum.
628 3097 705 3139 Sic
758 3096 893 3139 MSS.
947 3094 1060 3151 Reg.

168 3154 322 3204 Guelf.
347 3154 470 3198 Harl.
496 3154 624 3197 ssodl.
645 3154 731 3197 les.
753 3153 967 3197 edd.Put.
992 3152 1061 3194 M.

168 3227 213 3262 et
246 3215 303 3257 V.
334 3214 435 3258 Ber.
479 3215 607 3268 (cum
645 3211 817 3253 silentio
851 3208 1063 3264 Victorii)

169 3274 298 3320 Alc..
330 3279 371 3314 et
393 3268 859 3328 nuperErnest.Brot.
884 3283 982 3325 sqq.
1006 3294 1064 3303 —-

170 3333 359 3378 nomine
383 3359 396 3371 .
414 3360 425 3370 .
441 3357 454 3370 .
471 3327 637 3378 addito
654 3325 914 3368 MSS.Bud.
928 3325 1062 3368 Corb.

172 3390 274 3440 edd.
309 3386 426 3445 Spir.
468 3384 611 3426 Rhen.
654 3398 751 3438 sqq.
798 3383 849 3424 ad
886 3383 1060 3425 Eruest.

172 3448 230 3498 Et
253 3446 395 3490 Rhen.
420 3442 524 3486 Ald.
544 3440 663 3499 Lips.
690 3438 813 3482 Pfieh.
831 3439 960 3483 Grut.
987 3455 1064 3496 po-

174 3513 291 3557 nunt
351 3499 572 3560 virgulam
622 3504 737 3567 ¹post
798 3505 1067 3551 exposcunt,

956 3554 1067 3602 Edd.

174 3571 394 3630 punctum
445 3566 548 3626 ante
594 3556 866 3602 Caesarem.

1182 2324 1230 2353 se
1265 2309 1510 2364 appellari.
1581 2302 1818 2376 Ed.3·Spir.
1854 2310 2018 2375 appel-

1124 2365 1457 2468 llogrgeslzmliad
1463 2381 1533 2409 em
1544 2375 1660 2408 ‘mex'
1677 2366 1914 2408 umbellam
1926 2379 2020 2424 ‘pro

1185 2496 1366 2551 agebat.
1445 2491 1523 2536 Sic
1562 2490 1694 2547 MSS.
1733 2492 1859 2536 Flor-

1126 2554 1271 2608 Pich.)
1303 2552 1412 2606 Reg.
1445 2549 1569 2594 Harl.
1598 2549 1736 2594 Corh.
1765 2549 1865 2594 edd.

1917 2497 2021 2561 testi

1130 2621 1172 2655 et
1210 2610 1313 2653 dein
1347 2608 1471 2652 Pich.
1512 2623 1610 2665 sqq.
1665 2630 1723 2639 —-
1794 2567 2022 2673 Victofjlnis

1128 2677 1277 2711 tamen
1332 2666 1548 2709 intactum
1592 2664 1774 2722 reliquit
1814 2667 2022 2720 cogebat,

1129 2725 1259 2827 ss
1292 2723 1512 2823 ew
1542 2721 2021 2843 ..fffflffl

1128 2840 1390 2885 Pichenam.

1187 2909 1284 2953 leni
1302 2916 1476 2951 meatu.
1534 2906 1612 2951 Sic
1632 2907 1844 2952 suadente
1866 2909 2024 2954 Acida-

1130 2969 1191 3012 lio
1214 2965 1581 3023 edd.Pieh.Lips.
1608 2974 1835 3022 postrema
1856 2982 2025 3024 sqq.—

1131 3025 1264 3069 MSS.
1291 3032 1332 3065 et
1353 3031 1458 3066 vett.
1486 3023 1586 3065 edd.
1612 3025 1708 3065 leui
1726 3032 1899 3074 meatu,
1926 3025 2025 3067 vul·

1131 3082 1222 3142 gari
1265 3079 1545 3131 confusione.
1619 3079 1793 3123 Etenim
1833 3080 2026 3138 syllabae

1131 3141 1186 3183 m'
1215 3147 1257 3182 et
1291 3140 1342 3180 ui
1368 3137 1416 3180 in
1444 3136 1579 3180 MSS.
1603 3153 1697 3180 non
1727 3136 1877 3181 solum
1912 3155 2024 3184 cou-

1131 3196 1416 3243 funduntur,
1444 3195 1521 3243 sed
1551 3195 1620 3238 vix
1645 3194 1977 3240 discernuntur.

1188 3267 1410 3319 spatium.
1486 3264 1563 3308 Sic
1602 3264 1702 3308 MS.
1743 3263 1866 3309 Flor.
1909 3267 2022 3320 (test.

1132 3324 1273 3378 Vici.)
1300 3323 1400 3367 edd.
1427 3321 1547 3380 Spir.
1571 3321 1691 3379 Lips.
1715 3337 1883 3378 sqq.—
1913 3337 2026 3377 spa·-

1135 3384 1255 3447 cifam·
1286 3380 1386 3423 MS.
1410 3378 1559 3422 Guelf.
1590 3378 1694 3423 edd.
1716 3378 1817 3426 Put.
1843 3388 1939 3438 sq‘q.
1969 3380 2041 3424 ad-

1136 3439 1256 3536 141Ξῖ
1262 3454 1411 3551 ”silius
1439 3494 1685 3535 interritae
1705 3475 1904 3548 ala'tisfi‘
1947 3492 2026 3539 Sic

1140 3552 1241 3599 cdd.
1265 3552 1408 3597 Rhea.
1433 3550 1539 3599 And.
1564 3566 1660 3610 sqq.
1696 3575 1750 3586 -
1809 3565 1865 3594 ea
1898 3547 2049 3608 quies*
