2138 4030
601 219 774 284 ΜΒ.
816 218 890 280 11.
968 215 1162 280 CAP.
1207 218 1305 307 ss.
1348 219 1448 280 89.
1819 220 1944 279 237

105 355 331 412 scitiam
356 370 568 429 parum
591 350 844 406 vitarent
873 360 1001 418 aut,
1042 347 1148 405 ubi
1175 347 1409 404 lubrico
1430 348 1558 404 viae
1581 349 1674 404 vel
1701 369 1947 407 occursu

101 439 351 513 alicuius
390 435 810 513 procidissent,
875 435 950 489 ad
990 433 1248 506 iurgium
1264 476 1281 501 ‚
1336 452 1482 508 ‚mox
1522 433 1597 488 ad
1636 454 1846 491 manus
1886 446 1944 492 et

99 524 325 580 ferrum
347 522 683 580 transirent.
748 518 896 594 quin
922 529 979 574 et
1004 518 1230 574 tribuni
1252 517 1643 593 praefectique
1668 539 1799 575 cum
1823 531 1944 576 ter-

98 629 233 665 rore
258 619 314 666 et
338 617 697 664 armatorum
723 601 968 659 catervis
993 603 1338 661 volitabant.

265 701 599 762 LXXXIX.
657 699 787 776 Ipse
819 700 1100 757 Vitellius
1144 719 1175 756 a
1220 710 1399 775 ponte
1442 698 1676 757 Mulvio
1727 701 1946 775 insigni

99 810 277 866 equo,
317 788 630 864 paludatus
652 786 1086 861 accinctusque,
1128 795 1393 841 senatum
1418 796 1475 841 et
1496 785 1784 860 populum
1809 799 1944 843 ante

98 895 158 931 se
183 893 358 947 agens
373 919 391 942 ‚
433 892 550 948 quo
578 872 774 927 minus
795 882 862 927 ut
885 883 1110 945 captam
1132 871 1341 926 urbem
1366 870 1769 943 ingrederetur
1793 872 1941 926 ami-

14 962 16 969 “
99 978 300 1017 corum
325 957 571 1015 consilio
595 956 936 1025 deterritUS‚
964 966 1195 1029 sumpta
1217 966 1510 1029 praetexta
1537 965 1594 1013 et
1617 956 1939 1031 composito

99 1043 329 1117 agmine
357 1041 610 1100 incessit.
679 1052 956 1117 quattuor
979 1040 1278 1113 legionum
1306 1039 1534 1115 aquilae
1559 1060 1665 1115 per
1687 1041 1943 1097 frontem

96 1129 461 1205 totidemque
493 1126 643 1183 circa
680 1146 709 1181 e
743 1125 1073 1198 legionibus
1097 1124 1227 1180 aliis
1254 1125 1493 1194 vexilla,
1539 1146 1676 1181 mox
1713 1127 1942 1182 duode-

96 1214 210 1270 cim
244 1214 469 1269 alarum
506 1211 670 1283 signa
705 1221 761 1267 et
794 1222 926 1285 post
961 1209 1225 1284 peditum
1260 1209 1500 1266 ordines
1535 1229 1732 1286 eques:
1800 1211 1941 1267 dein

98 1309 374 1374 quattuor
410 1308 466 1353 et
495 1295 731 1368 triginta
754 1292 1023 1351 cohortes
1046 1305 1113 1350 ut
1133 1294 1376 1351 nomina
1399 1295 1660 1368 gentium
1685 1306 1787 1353 aut
1811 1316 1945 1372 spe-

94 1383 211 1438 cies
245 1401 544 1438 armorum
579 1381 772 1436 forent
809 1380 1108 1438 discretae.
1195 1390 1329 1436 ante
1363 1380 1624 1456 aquilam
1659 1382 1938 1455 praefecti

95 1478 419 1525 castrorum
478 1464 822 1540 tribunique
877 1475 935 1520 et
983 1463 1169 1560 primi
1219 1465 1634 1522 centurionum
1691 1467 1940 1524 candida

94 1563 275 1608 veste:
319 1549 496 1608 ceteri
518 1549 676 1607 iuxta
703 1569 868 1605 suam
897 1549 1145 1625 quisque
1169 1550 1493 1605 centuriam
1525 1550 1702 1606 armis
1732 1553 1938 1608 donis-

95 1657 207 1713 que
231 1637 539 1709 fulgentes:
595 1645 652 1690 et
678 1634 938 1690 militum
963 1629 1239 1708 phalerae
1276 1646 1631 1711 torquesque
1666 1637 1939 1711 splende-

93 1723 254 1781 bant⁴
314 1722 525 1777 decora
550 1719 724 1775 facies
748 1730 805 1775 et
830 1739 954 1774 non
975 1717 1216 1774 Vitellio
1246 1719 1513 1794 principe
1540 1720 1753 1793 dignus
1774 1743 1938 1780 exer-

93 1807 260 1866 citus,
345 1805 426 1861 sic
450 1802 858 1878 Capitolium
842 1822 1134 1876 1ngressus
1171 1814 1345 1880 atque
1381 1803 1467 1860 ibi
1502 1817 1748 1863 matrem
1777 1829 1939 1864 com-

93 1891 297 1966 plexus
320 1886 618 1963 Augustae
640 1888 880 1944 nomine
901 1883 1234 1949 honoravit.

185 221 235 255 A.
252 218 304 254 U.
321 218 407 252 823.

185 265 237 299 A.
258 263 305 299 C.
341 263 406 300 70.

151 2112 231 2154 ubi
251 2112 440 2154 lubrico.
502 2109 601 2154 MS.
620 2108 769 2153 Guelf.
795 2126 817 2152 a
839 2109 981 2167 prima
1110 2116 1277 2166 eques:
1316 2111 1424 2152 dein
1458 2120 1541 2154 etc.
1611 2111 1687 2157 Sic
1713 2113 1811 2157 edd.
1835 2113 1939 2160 Put.

92 2185 227 2212 manu
243 2176 325 2210 out
337 2168 588 2211 ludribrz'o:
609 2167 807 2210 secunda
825 2183 980 2210 manus

90 2228 137 2270 in
164 2242 302 2283 marg.
325 2225 473 2284 posuit
498 2226 576 2267 ubi
599 2226 786 2267 lubrico.
824 2228 826 2230 ’

145 2298 417 2340 volitabant.
477 2294 536 2340 ef.
562 2302 659 2339 not.
684 2295 739 2338 ad
763 2310 802 2338 c.
828 2294 898 2339 41.

144 2366 256 2411 CAP.
283 2366 354 2410 89.
414 2365 518 2418 Ipse
546 2363 763 2410 Vitellius
788 2399 798 2410 .
821 2399 836 2414 .
859 2398 873 2410 .
905 2367 978 2408 ιἠ-

88 2425 231 2466 cessit.
287 2423 505 2468 Dive¹·sus
542 2440 565 2466 a
597 2422 754 2466 Tacito
789 2424 976 2467 Sueton-

89 2480 184 2523 Vit.
206 2497 247 2524 c.
266 2482 337 2524 11.
363 2481 536 2523 Urbem
561 2481 758 2535 denique
778 2484 843 2523 ad
861 2484 977 2523 clas·

86 2540 234 2580 sicum
265 2537 444 2580 introiit
473 2540 734 2591 paludatus
752 2539 979 2594 ferroque

82 2596 338 2637 succinctus
375 2597 496 2636 inter
536 2596 673 2648 signa
710 2602 849 2650 atque
892 2611 974 2638 ve·-

86 2652 234 2703 xillo,
272 2651 503 2705 sagulatis
535 2651 773 2695 comitibus
803 2668 858 2696 ac
892 2656 973 2694 de-

84 2709 216 2751 tecczs
251 2710 618 2751 commilitommz
651 2710 812 2754 armis.
880 2709 974 2752 Ta-

84 2766 159 2810 citi
211 2767 529 2833 expositionem
580 2766 812 2810 Broterius
860 2767 975 2811 hene

83 2822 281 2866 defendit
311 2839 333 2865 e
357 2824 567 2866 nummis.

139 2896 170 2922 a
187 2887 327 2934 ponte
344 2879 532 2924 Mulvio.
592 2879 695 2923 MS.
710 2879 836 2925 Flor.
858 2882 972 2935 (test.

82 2934 219 2991 Vici.)
261 2952 293 2978 a
326 2944 468 2990 ponte
502 2936 662 2979 Malui.
733 2937 970 2996 E‹1.Spir.

82 2994 225 3036 milui.
301 2993 410 3036 F..dd
446 2993 546 3036 Put.
581 3010 678 3051 sqq.
726 3011 829 3038 eum
867 2996 968 3039 MS.

79 3049 435 3095 Guels.1m7uio.
489 3051 548 3095 cf.
574 3059 670 3095 not.
706 3052 759 3095 ad
785 3052 874 3096 An.
902 3051 969 3104 13,

44 3107 147 3151 -47.
226 3105 336 3151 Ηοο
371 3107 472 3150 loco
520 3107 700 3152 videtur
745 3108 967 3153 incertum

77 3179 195 3214 esse,
249 3178 304 3206 an
345 3179 438 3207 non
478 3165 621 3207 verius
664 3165 720 3208 sit
758 3181 791 3208 a
824 3173 967 3221 ponte

63 3220 256 3265 .Mulvie.
299 3219 358 3264 cf.
393 3227 487 3263 not.
518 3221 571 3264 ad
598 3220 638 3273 3,
661 3222 731 3266 82.
755 3223 864 3272 etl,
888 3222 962 3268 41.

70 3278 156 3320 sub
184 3292 260 3321 vv.
288 3280 419 3320 lacus
443 3277 601 3321 Curtii.

129 3336 460 3390 accinctaeque.
517 3334 600 3378 Ed.
629 3334 750 3394 Spir.
785 3343 828 3378 et
862 3335 961 3381 MS.

74 3388 231 3434 Guelf.
254 3393 459 3434 ascanius·
462 3406 562 3446 lue

129 3459 262 3504 circa.
334 3459 585 3503 E‹1d.Put.

71 3523 168 3569 MS.
209 3525 358 3574 Guelf.
400 3528 468 3574 cca
472 3564 484 3575 .

630 3462 695 3504 M.
730 3470 771 3505 et
804 3463 858 3506 V.
899 3479 960 3509 cc.

1052 2182 1152 2224 sqq.
1179 2167 1472 2221 (cumsilent.
1489 2170 1640 2226 vict..)
1667 2195 1723 2205 —-·
1758 2187 1772 2214 .·
1802 2187 1943 2228 equos

1052 2228 1187 2268 delfin
1211 2224 1284 2267 ed.
1300 2224 1361 2283 Sp
1366 2226 1417 2269 ir.
1476 2225 1659 2270 Etiam
1648 2245 1693 2271 m
1717 2228 1818 2273 MS.
1829 2230 1942 2288 Reg.

1050 2279 1273 2324 invenitm
1313 2242 1502 2333 αξΙιίιιο,
1565 2285 1638 2328 vul
1642 2287 1733 2341 g-mi
1777 2286 1942 2330 confu-

1050 2339 1192 2381 sione.
1225 2337 1283 2382 es.
1309 2348 1403 2383 not.
1428 2342 1481 2383 ad
1510 2343 1595 2386 An.
1622 2347 1687 2393 11,
1712 2344 1777 2388 17.
1839 2344 1943 2390 MS.

1052 2395 1201 2438 Guelf.
1230 2411 1364 2451 eques
1385 2401 1462 2439 de
1443 2413 1515 2451 ιη
1545 2409 1746 2453 ιμιαίιιοι·
1767 2408 1852 2445 etc.

1106 2461 1191 2495 aut
1220 2456 1400 2507 sstectsses
1470 2432 1568 2499 BlS.
1601 2457 1710 2514 Reg.
1745 2467 1796 2499 ut
1831 2473 1940 2511 spe-

1048 2512 1149 2554 cies.
1209 2509 1411 2554 Verbum
1437 2513 1599 2568 forent
1632 2514 1840 2558 Broterio
1874 2515 1940 2562 vi-

1047 2569 1177 2611 detur
1199 2567 1475 2618 redundare,
1506 2587 1598 2613 uon
1623 2570 1749 2619 mihi.

1102 2632 1216 2666 ante
1247 2627 1472 2680 aquleam
1553 2629 1641 2670 lnt.
1675 2639 1776 2672 ante
1808 2632 1935 2674 suam

1045 2681 1214 2781 quique
1265 2683 1471 2739 aquilam.
1560 2685 1672 2728 Nam
1726 2694 1939 2744 quattuor

1069 2746 1242 2782 uerunt.
1303 2739 1513 2784 Ceterum
1537 2741 1640 2785 MS.
1663 2742 1790 2788 Flor.
1821 2744 1936 2799 (test

1046 2795 1113 2844 Rv
1119 2795 1239 2849 ckio)
1261 2795 1425 2840 dicitm
1448 2799 1606 2843 habere
1628 2808 1740 2843 ante
1762 2801 1936 2857 aquila.
1988 2824 2004 2827 -

1048 2847 1276 2896 victorius
1324 2856 1550 2910 vulgatum
1597 2857 1779 2925 reliquit
1825 2859 1936 2926 inja-

1045 2919 1184 2954 etum».
1256 2910 1427 2969 Lipsius
1469 2922 1510 2955 et
1547 2912 1746 2972 Ryekius
1790 2915 1935 2959 verius

1043 2967 1178 3010 sexibi
1202 2976 1312 3009 ante
1334 2971 1520 3023 oeqwlas
1545 2979 1792 3016 autumant.
1861 2984 1868 2987 “

1097 3028 1239 3066 ceteri
1269 3027 1326 3066 ι’.ιι
1323 3033 1407 3066 cta
1435 3041 1573 3069 suam
1601 3043 1791 3085 quasque
1823 3045 1932 3072 een-

1038 3083 1230 3126 tunam.
1297 3081 1334 3124 F
1339 3082 1381 3124 d
1418 3083 1533 3139 Spir.
1576 3084 1727 3140 Ceteri
1763 3088 1929 3135 iuxta:

1039 3139 1226 3197 quisque
1267 3141 1549 3187 centanam.
1613 3141 1751 3186 hlox
1762 3145 1931 3188 eadem

1023 3195 1204 3256 fallet-g
1232 3211 1314 3253 pro
1345 3199 1591 3251 phalerae.
1652 3201 1750 3244 MS.
1775 3199 1929 3247 Guelf.

1031 3254 1249 3316 phalarg.

1093 3312 1300 3354 decora.
1347 3314 1634 3359 &exeremus-
1694 3315 1926 3360 Hielocus

1036 3363 1081 3407 in
1055 3366 1207 3409 nMS.
1233 3343 1359 3412 Bnid.
1378 3384 1470 3413 non
1495 3382 1688 3429 apparet.

1092 3425 1349 3470 lumorame.
1408 3428 1483 3472 Sic
1509 3427 1643 3473 MSS.
1667 3430 1786 3473 Flor.
1805 3431 1924 3483 (test.

1034 3478 1314 3533 Vict.·)Hatl
1347 3483 1585 3528 Bod1.1es.
1615 3487 1749 3530 Con-‚b
1773 3486 1923 3530 Guels.

1033 3535 1148 3579 Bud.
1183 3539 1282 3583 edd.
1303 3540 1504 3587 Rhenan.
1534 3559 1633 3602 sqq.
1673 3571 1730 3579 -
1787 3547 1957 3602 deco-J
