2138 4030
606 259 778 320 ΜΒ.
813 259 922 320 111.
1002 256 1195 322 CAP.
1235 257 1333 319 35.
1374 259 1474 318 36.
1840 223 1965 320 29'9

111 396 421 470 dispersae.
508 390 581 448 In
604 389 978 453 Britanniam
1007 389 1146 445 inde
1175 398 1232 444 et
1258 383 1575 461 Hispanias
1606 392 1846 463 nuntios
1878 393 1968 450 fa-.

111 496 417 555 mamque,
484 478 549 533 in
586 474 846 532 Galliam
894 472 1114 530 lulium
1159 467 1446 534 Calenum
1498 474 1834 546 tribunum,
1892 478 1964 534 in

117 563 500 622 Germaniam
542 561 835 635 Alpinum
875 557 1234 615 Montanum
1283 558 1638 632 praefectum
1691 557 1969 632 coborti5‚

116 650 272 727 quod
314 644 414 705 hic
448 645 694 715 Trevir‚
754 641 1008 700 Calenus
1044 640 1318 710 Aeduus,
1379 655 1626 719 uterque
1662 642 1970 702 Vitelliani

51 751 68 768 ·
115 736 381 802 fuerant,
418 731 676 789 ostentui
703 729 932 786 misere.
1019 728 1194 783 simul
1227 727 1504 793 transitus
1528 725 1774 802 Alpium
1801 730 1971 804 prae-

116 819 283 876 sidiis
307 817 604 892 occupati,
645 825 906 888 suspecta
935 811 1259 870 Germania
1286 823 1567 890 tanquam
1596 813 1660 868 in
1686 815 1971 872 auxilium

96 976 98 978 v
119 903 350 960 Vitellii
379 902 795 977 accingeretur.

193 260 245 296 Α.
258 258 311 295 u,
329 229 415 294 aas.

194 305 247 339 A.
261 303 309 338 c,
355 304 417 342 το.

1829 955 1851 963 ae

286 1009 568 1071 XXXVI.
643 1006 737 1068 'At
772 1007 1050 1065 Vitellius
1094 1008 1361 1083 profecto
1396 1005 1645 1076 Caecina
1689 1029 1820 1066 cum
1861 1009 1974 1068 Fa-

118 1099 288 1157 bium
313 1096 626 1154 Valentem
653 1095 854 1171 paucis
876 1106 1008 1170 post
1035 1094 1243 1150 diebus
1271 1095 1343 1148 ad
1371 1094 1595 1150 bellum
1630 1094 1974 1170 impulisset,

122 1185 280 1242 curis
322 1183 526 1240 luxum
563 1180 947 1238 obtendebat:
1003 1199 1127 1234 non
1168 1198 1371 1252 parare
1411 1198 1604 1259 arma,
1647 1199 1771 1236 non
1807 1182 1976 1238 adlo-

122 1262 701 1346 quio'exercitioque
743 1265 996 1332 militem
1024 1265 1306 1332 '‘firmare,
1369 1283 1494 1320 non
1549 1264 1611 1318 in
1656 1285 1758 1321 ore
1812 1268 1976 1340 vulgi

121 1373 316 1428 agere:
355 1354 458 1409 sed
487 1350 847 1409 umbraculis
875 1346 1182 1406 hortorum
1210 1349 1490 1418 abditus‚·
1518 1359 1585 1406 ut
1608 1349 1817 1421 ignava
1845 1353 1978 1407 ani-

123 1439 331 1508 malia,
412 1438 627 1514 quibus
658 1436 732 1509 ‘si
790 1435 988 1491 cibum
1042 1452 1311 1507 suggeras
1360 1434 1552 1490 iacent
1605 1445 1978 1512 turpemque,

118 1522 462 1599 praeterita,
525 1521 835 1590 instantia,
887 1521 1084 1576 futura
1133 1519 1264 1595 pari
1307 1519 1609 1576 oblivione
1660 1521 1979 1583 dimiserat.

120 1609 319 1685 Atque
360 1608 533 1664 illum
575 1607 641 1661 in
677 1625 918 1661 nemore
952 1601 1197 1660 Aricino
1235 1604 1495 1659 desidem
1530 1615 1587 1660 et
1624 1619 1979 1664 marcentem

122 1693 383 1770 proditio
406 1691 624 1750 Lucilii
646 1689 814 1747 Bassi
852 1710 917 1746 ac
942 1690 1186 1745 defectio
1226 1687 1808 1748 classiszav‘ennatis
1846 1712 1982 1767 per-

125 1779 291 1838 culit.
375 1797 483 1834 nec
502 1777 691 1833 multo
718 1787 851 1850 post
887 1777 959 1831 de
986 1772 1238 1830 Caecina
1279 1775 1542 1830 adfertur
1578 1775 1798 1832 mixtus
1837 1796 1981 1851 gau-—

126 1864 225 1919 dio
277 1862 449 1919 dolor
501 1874 557 1919 et
604 1860 911 1917 descivisse
963 1870 1018 1915 et
1052 1860 1124 1915 ab
1162 1860 1417 1916 exercitu
1458 1860 1738 1920 vinctum.
1849 1862 1983 1936 plus

126 1948 286 2023 apud
349 1947 653 2004 socordem
724 1946 986 2001 animum
1055 1944 1290 2001 laetitia.
1344 1964 1520 2020 quam
1578 1965 1718 2001 cura
1777 1948 1981 2013 valuit.

127 2032 312 2090 multa
359 2052 496 2090 cum
546 2030 931 2088 exsultatione
981 2029 1045 2084 in
1097 2030 1309 2102 urbem
1369 2040 1638 2088 revectus
1688 2030 1983 2108 frequenti

184 2293 424 2350 Alpinum.
483 2289 585 2336 MS.
600 2289 750 2335 Guelf.
771 2290 1021 2346 Alpinium.

190 2364 237 2407 T
230 2364 370 2408 revir.
426 2362 526 2407 MS.
549 2361 663 2404 Bud.
685 2362 831 2403 trium
853 2362 937 2403 vir.

191 2435 397 2478 Aeduus.
464 2431 544 2476 Sic
567 2432 666 2476 edd.
689 2430 823 2489 Lipsii
847 2446 944 2489 sqq.
966 2456 1024 2466 --·

135 2492 296 2536 Eduus
316 2491 419 2535 MS.
438 2489 593 2534 Guelf.
611 2489 682 2531 ed.
701 2487 731 2530 S
767 2487 820 2531 ir.
837 2516 895 2523 —
931 2487 1023 2530 He·

135 2553 256 2594 daus
280 2549 381 2592 edd.
402 2547 507 2592 Put.
529 2561 624 2605 sqq.
653 2545 707 2588 ad
752 2543 946 2603 ipsium.

194 2619 308 2664 CAP.
335 2617 408 2662 36.
464 2617 735 2671 impulisset.
795 2613 1026 2658 Ernestius

135 2677 316 2723 volebat
339 2676 617 2730 expulisset:
662 2675 901 2723 nam·‚‚ud
926 2673 1024 2713 bel-

137 2738 235 2778 lum
260 2735 498 2789 impellere
530 2739 597 2775 est
623 2730 808 2774 suadere
840 2728 1027 2779 bellum,

137 2801 366 2835 auctorem
395 2788 526 2833 alicui
553 2803 648 2831 esse
667 2785 825 2838 beni‚''
858 2786 917 2828 ait
939 2785 1027 2829 ille.

137 2849 243 2893 Non
273 2863 404 2905 nego.
493 2846 581 2888 Sed
617 2843 827 2887 Vitellius
857 2852 899 2886 et
934 2844 1026 2901 ipse

140 2905 360 2951 Caecinae
410 2911 568 2946 auctor
618 2901 702 2946 fuit
743 2902 848 2944 belli
883 2902 1028 2944 susei-

139 2961 317 3022 piendiz
354 2959 495 3018 etqui
530 2967 636 3002 sunt
669 2957 806 3017 quieti
839 2967 1027 3002 cuncta-

140 3029 374 3076 toresque,
422 3017 648 3074 aptissime
695 3015 908 3058 dicuntur
947 3016 1031 3058 im·

141 3075 276 3136 pelli,
314 3082 365 3118 ut
398 3082 514 3118 eant.
607 3071 760 3129 Quare
801 3073 1029 3130 Bipontini

141 3133 245 3177 satis
279 3139 401 3176 recte
436 3129 657 3174 obiiciunt
683 3129 836 3172 locum
867 3130 958 3173 An.
989 3129 1032 3178 4,

141 3191 215 3233 41.
240 3193 306 3232 ad
337 3190 484 3231 vitam
503 3189 669 3240 procul
688 3187 845 3229 Roma
866 3188 1034 3241 impel-

145 3251 280 3291 leret.

202 3330 328 3375 curis
358 3300 524 3372 luxum
558 3328 848 3372 obtendebat.
927 3327 1033 3372 Me-

146 3387 330 3445 taphorn
363 3401 388 3428 a
420 3386 521 3430 velo
546 3385 779 3439 translata,
823 3384 925 3444 quia
958 3402 1032 3430 ve-

152 3442 269 3487 latur
294 3441 483 3500 aliquid,
513 3457 571 3484 ne
597 3450 815 3499 appareat.

207 3515 255 3556 in
286 3527 369 3556 ore
403 3512 546 3566 vulgi.

154 3570 270 3627 (test.
304 3569 424 3614 vici.
462 3584 568 3615 cum
600 3568 748 3625 Pich.)
783 3569 898 3615 Bud.
932 3571 1036 3628 Agr.

627 3510 702 3555 Sic
735 3510 868 3555 MSS.
911 3513 948 3556 F
952 3513 1038 3556 lor.

1094 2288 1193 2332 edd.
1209 2287 1325 2347 Lips.
1347 2304 1446 2346 sqq.
1466 2317 1523 2325 -
1555 2303 1688 2331 more
1712 2291 1842 2345 vulgi
1853 2292 1986 2337 MSS.

1096 2346 1247 2389 Guelf.
1285 2346 1408 2389 Harl.
1449 2346 1578 2390 Bodl.
1616 2347 1694 2390 les.
1737 2348 1845 2404 Reg.
1883 2350 1985 2392 edd.

1095 2405 1212 2471 Spir.
1246 2404 1350 2447 Put.
1382 2420 1481 2462 sqq.
1502 2404 1570 2447 ‘ad
1604 2404 1828 2462 Lipsinm‚
1880 2408 1986 2450 vul-

1095 2477 1188 2519 gari
1217 2462 1343 2505 vitio.

1155 2544 1308 2644 iggent
1360 2551 1645 2602 torpentque.

1099 2617 1142 2660 p.
1231 2633 1240 2643 .

1143 2685 1328 2740 futura.
1409 2685 1510 2729 MS.
1545 2650 1696 2730 (lueis.
1730 2694 1772 2729 et
1791 2685 1987 2742 futura.

1098 2742 1184 2786 Sed
1209 2743 1422 2800 particula
1446 2751 1490 2783 et
1513 2745 1810 2802 superscripta
1834 2756 1913 2789 est.

1747 2545 1807 2591 cf.
1850 2547 1987 2608 Roth.

1154 2827 1268 2878 pari
1297 2826 1541 2869 oblivione.
1611 2826 1694 2870 Ed.
1726 2825 1844 2887 Spir.
1874 2831 1994 2884 pari
2020 2842 2023 2846 ·

1100 2885 1328 2932 oblivioni.
1367 2911 1424 2918 --
1482 2883 1649 2926 Eadem
1686 2901 1787 2929 mox
1821 2893 1875 2928 at
1907 2890 1990 2929 de-

1087 2941 1235 2998 fectio
1259 2957 1342 2999 pro
1364 2957 1419 2983 ac
1442 2941 1650 2996 defectio.

1153 3026 1368 3080 perculit.
1407 3024 1631 3069 MS.Bu‹l.
1641 3030 1831 3082 pet-’tulit
1842 3045 1857 3080 ;
1882 3028 1993 3086 Reg-

1099 3085 1322 3136 percutit,
1376 3082 1496 3139 quod
1542 3085 1709 3142 recepit
1747 3086 1994 3131 maestius,

1105 3141 1215 3182 Nam
1254 3139 1439 3190 „nuntii
1476 3155 1567 3183 non
1631 3142 1876 3192 ereellunt,
1915 3146 1994 3188 ait,

1103 3197 1178 3240 sed
1214 3198 1532 3254 percutiunt.’'
1629 3216 1751 3243 mmo
1785 3200 1820 3244 si
1847 3201 1987 3245 inter-

1105 3255 1279 3310 rogatio
1320 3254 1550 3297 Tiberium
1593 3257 1787 3313 perculit
1829 3259 1920 3301 An.
1954 3263 1994 3309 1,

1109 3313 1197 3362 12„
1228 3309 1452 3354 Vitellium
1477 3320 1519 3355 et
1538 3315 1721 3357 nuntius
1742 3314 1817 3357 ille
1850 3315 1996 3372 potuit

1107 3367 1366 3426 percellere.
1435 3367 1496 3413 cf.
1529 3378 1627 3414 not.
1662 3372 1717 3416 ad
1750 3372 1902 3423 An.1,
1926 3372 1993 3415 12.

1110 3425 1180 3472 28.
1211 3427 1254 3474 6,
1276 3427 1346 3469 44.

1170 3516 1215 3551 ee
1237 3513 1295 3552 ab
1316 3513 1539 3562 exercitu.
1600 3512 1699 3558 MS.
1725 3511 1874 3558 Guelf.
1904 3529 1996 3565 nou

1112 3567 1241 3613 habet
1264 3570 1471 3630 copulam
1499 3578 1560 3612 et.
