2138 4030
712 221 897 292 ΜΒ..
920 231 966 293 1.
1049 231 1247 291 GAP.
1295 233 1390 294 11.
1434 238 1533 295 12.
1941 241 2023 298 23

162 367 293 436 tia·,‘⁶
333 364 652 431 Noricum,
726 357 981 419 Thracia
1040 372 1101 417 et
1138 382 1287 437 quae
1333 363 1481 418 aliae
1538 369 2020 437 procuratoribus

162 447 545 519 cohibentur,
607 457 674 504 ut
707 446 931 523 cuique>
957 445 1234 504 exercitui
1270 447 1498 503 vicinae
1533 447 1613 505 ita
1653 451 1716 506 in
1753 454 2018 510 favorem

159 548 262 594 aut
282 535 503 593 }0dium
531 542 820 589 contactu
866 531 1263 587 valentiorum
1309 534 1646 604 agebantur.
1756 535 2016 595 Inermes

158 621 496 697 provinciae
530 630 703 694 atque
739 616 863 691 ipsa
899 616 964 670 in
994 616 1200 689 primis
1225 615 1393 674 Italia
1425 619 1754 694 cuicunque
1777 623 2013 680 servitio

160 703 415 781 exposita
445 705 510 760 in
535 702 791 778 pretium
814 700 958 757 belli
983 721 1242 757 cessurae
1270 714 1453 761 erant.
1537 700 1654 759 Hic
1679 705 1793 762 fuit
1818 728 2016 765 rerum

156 789 566 848 Romanarum
611 797 822 856 statUS,
873 805 1007 842 cum
1041 785 1283 844 Servius
1319 785 1512 844 Galba
1547 789 1788 860 iterum,
1845 790 2015 850 Titus

158 874 370 932 Vinius
396 873 663 931 consules
687 867 1038 928 inchoavere
1060 891 1287 928 annum
1313 872 1426 929 sihi
1453 874 1749 945 ultimum,
1788 875 1877 932 rei
1902 899 2015 952 pu—

156 961 346 1018 blicae
366 979 550 1035 prope
574 977 933 1032 supremum.

251 234 301 270 A.
313 231 365 268 U.
376 229 460 265 822.
477 228 564 265 823.

250 281 300 312 A.
318 274 363 310 C.
391 273 460 309 69.
501 272 561 329 70.

325 1082 463 1143 XII.
533 1081 745 1139 Paucis
793 1091 926 1157 post
956 1078 1091 1139 Kal.
1134 1078 1437 1137 Ianuarias
1485 1081 1694 1138 diebus
1742 1081 2010 1160 Po‘mpeii

153 1168 487 1246 Propinqui
511 1167 907 1244 procuratoris
932 1185 962 1222 e
983 1163 1220 1238 Belgica
1243 1166 1471 1223 litterae
1493 1168 1869 1239 adferuntur,
1912 1190 2011 1227 su—

154 1255 404 1333 perioris
430 1251 784 1310 Germaniae
806 1251 1066 1324 legiones
1087 1263 1262 1327 rupta
1298 1254 1646 1311 sacramenti
1680 1256 2010 1312 reverentia

152 1343 567 1415 imperatorem
616 1336 800 1393 alium
837 1335 1100 1410 flagitare
1146 1348 1202 1392 et
1253 1338 1480 1394 senatui
1524 1358 1589 1394 ac
1623 1340 1844 1414 populo
1879 1337 2011 1399 Ro-

149 1446 326 1483 mano
353 1423 663 1480 arbitrium
690 1421 946 1494 eligendi
969 1422 1333 1496 permittere,
1376 1444 1492 1499 quo
1526 1423 1732 1480 seditio
1770 1425 2010 1482 mollius

151 1511 526 1586 acciperetur.
634 1505 962 1564 Maturavit
1011 1526 1076 1563 ea
1121 1527 1213 1563 res
1257 1508 1571 1565 consilium
1619 1505 1847 1565 Galbae
1891 1510 2010 1566 iam

149 1595 381 1674 pridem
415 1595 488 1650 de
526 1591 844 1675 adoptione
889 1612 1086 1649 secum
1123 1603 1180 1649 et
1225 1614 1357 1649 cum
1397 1593 1680 1668 proximis
1715 1595 2005 1668 agitantis,

145 1678 286 1739 Non
327 1699 466 1737 sane
511 1677 772 1734 crebrior
807 1688 929 1734 tota
977 1677 1210 1736 civitate
1244 1699 1433 1735 sermo
1472 1698 1576 1754 per
1611 1676 1746 1735 illos
1778 1700 2005 1738 menses

146 1925 291 1969 silent.
303 1921 441 1978 vict.)
463 1929 503 1965 et
528 1920 587 1964 ita
599 1921 690 1974 Dio
714 1921 783 1973 60,
803 1921 830 1963 8
855 1929 896 1964 et
919 1920 1040 1973 alibi,

145 2000 200 2027 ac
219 1981 400 2038 lapides.
463 1979 520 2022 cf.
547 1977 690 2038 Ryek.
728 1979 782 2022 ad
802 1977 848 2020 h.
874 1978 907 2023 l.
965 1978 1037 2023 De

144 2039 239 2084 aliis
256 2038 382 2082 libris
405 2035 633 2080 silentium
656 2042 735 2078 est.

201 2137 393 2182 Raetia.
483 2134 588 2179 MS.
630 2133 787 2179 Guelf.
839 2136 1034 2181 Rhecia.

141 2196 257 2241 Edd.
281 2196 393 2241 vet't.
418 2194 609 2238 Rhetia.
666 2193 916 2253 Edd.LiPS.
933 2209 1031 2253 sqq.

141 2254 360 2302 Rhaetia.
417 2251 504 2295 Sed
537 2251 629 2295 vid.
660 2258 756 2293 not.
790 2252 843 2293 ad
876 2251 964 2295 An.
993 2256 1032 2300 1,

140 2314 216 2356 44.
283 2310 370 2354 Hic
397 2308 500 2358 MS.
535 2307 651 2352 Bud.
683 2307 898 2352 Rhetiae.
974 2310 1032 2354 cf.

142 2379 237 2415 not.
264 2369 320 2412 ad
343 2368 500 2412 Germ.
530 2381 571 2409 c.
595 2367 634 2408 1.

193 2451 583 2508 procuratoribus.
619 2447 754 2492 MSS.
768 2449 876 2507 Agr.
891 2449 1030 2494 Coi-b.

140 2510 341 2568 ed.Spir.
365 2507 785 2565 procurationibus,
815 2507 937 2565 quod
965 2525 1031 2551 ex·

141 2576 291 2611 ortum
324 2576 390 2610 est
424 2583 447 2610 e
481 2562 756 2623 compendio
796 2579 1029 2619 procura-

141 2627 288 2670 t5tbus
310 2625 392 2680 (sic
412 2623 517 2667 MS.
545 2620 729 2677 Guelf.).

557 2704 642 2748 Ed.
684 2703 801 2762 Spir.
843 2705 1025 2749 cohibe-

139 2761 332 2811 bantur.
389 2763 556 2807 Eadem
578 2762 921 2804 valentinorum
941 2779 1025 2821 pro

137 2824 471 2868 valentiorum.
555 2821 646 2862 Pro
680 2826 890 2862 contactu
922 2820 1024 2866 edd.

136 2880 315 2927 Puteol.
351 2878 408 2923 V.
442 2886 485 2920 et
509 2876 613 2922 Alc.
650 2876 757 2923 dant
792 2885 1025 2921 cunctata.

135 2939 242 2982 Non
266 2934 601 2982 adfirmaverim
624 2950 680 2978 an
704 2933 862 2977 eodem
886 2935 1024 2978 modo

138 2996 239 3046 edd.
256 2995 359 3047 Put.
374 2994 442 3037 M.
464 3002 506 3035 et
519 2990 726 3035 Beroald.
784 2991 900 3035 Nam
923 2992 1026 3035 licet

136 3053 245 3099 nibil
268 3050 597 3100 adnotaverim,
626 3049 774 3106 potuit
798 3049 926 3092 facile
947 3048 1025 3092 issa

136 3110 326 3161 varietas
363 3107 524 3151 oculos
554 3107 724 3165 sugere.
778 3106 1024 3149 *Rhenanus

136 3165 334 3218 restituit
362 3172 600 3216 contactu,
633 3163 755 3223 quod
785 3173 849 3208 est
875 3165 923 3208 in
955 3163 1024 3207 ed.

137 3225 256 3285 Spir.
287 3218 452 3267 et'MS.
468 3221 622 3267 Guelf.

192 2709 478 2754 cohibentur.

186 3320 465 3377 provinciae.
533 3317 637 3362 MS.
663 3318 790 3365 Flor.
819 3322 867 3371 (t.
886 3319 1023 3376 Vici.)

130 3379 419 3435 provintiae,
471 3386 515 3420 et
550 3376 616 3420 sic
655 3377 728 3419 ed.
764 3378 882 3435 Spir.
926 3377 1025 3420 aliis

135 3435 257 3481 locis·
290 3434 520 3494 plurimis;
582 3433 656 3476 hic
695 3435 849 3477 eadem
892 3434 1023 3478 habet

133 3492 416 3548 provinciae,
455 3492 518 3533 uti
542 3490 588 3535 id
610 3506 714 3540 voc.
738 3492 949 3537 scribitur
975 3491 1022 3537 in

137 3549 329 3595 Monim.
360 3548 534 3607 Ancyr.

1170 1925 1404 1979 exposita.
1467 1923 1544 1968 Sic
1564 1925 1701 1969 MSS.
1728 1925 1855 1970 Flor.
1885 1928 2000 1981 (test.

1108 1981 1275 2039 Ryck.)
1299 1982 1416 2023 Bud.
1443 1981 1553 2040 Agr.
1581 1983 1731 2026 Guelf.
1768 1991 1811 2026 et
1844 2000 2002 2027 omnes

1107 2039 1250 2082 ferme
1274 2040 1402 2092 (teste
1425 2039 1676 2097 Broterio),
1706 2040 1920 2084 edd.Put.
1935 2043 2000 2085 M.

1107 2105 1150 2139 et
1175 2097 1230 2140 V.
1264 2095 1472 2139 Beroald.
1514 2098 1637 2151 (cum
1673 2097 1820 2141 silent.
1855 2099 1998 2154 vict.)

1105 2154 1207 2198 Alc.
1230 2153 1375 2196 Rhen.
1395 2154 1494 2197 Ald.
1511 2154 1630 2211 Lips.
1654 2155 1822 2212 prima,
1853 2164 1896 2198 et
1919 2172 2001 2198 nu-

1106 2228 1186 2269 per
1222 2211 1327 2254 edd.
1351 2211 1528 2255 Ernest.
1559 2228 1657 2269 sqq.
1695 2239 1751 2247 --
1806 2216 1998 2269 exposi-

1105 2276 1184 2310 tae
1204 2268 1303 2311 MS.
1329 2267 1435 2326 Reg.
1457 2270 1555 2313 edd.
1570 2269 1689 2328 Spir.
1710 2269 1830 2327 Lips.
1853 2280 1997 2329 poste-

1103 2326 1270 2378 riores,
1301 2325 1431 2371 Pieh.
1456 2343 1551 2385 sqq.
1576 2328 1632 2371 ad
1654 2327 1831 2372 Ernest-

1161 2424 1379 2454 cessurae
1404 2419 1555 2454 erant.
1617 2411 1692 2455 Sic
1716 2410 1851 2454 MSS.
1871 2411 1995 2455 Harl.

1102 2467 1239 2511 Bodl.
1273 2468 1358 2510 les.
1394 2467 1545 2512 Guelf.
1587 2469 1691 2511 edd.
1734 2468 1852 2526 Spir.
1892 2469 1995 2512 Put.

1103 2541 1199 2583 sqq.
1228 2525 1350 2579 (cum
1376 2525 1521 2568 silent.
1551 2527 1776 2581 Vict.).-
1804 2541 1997 2569 cessura

1102 2591 1239 2626 erant
1277 2581 1415 2624 MSS.
1450 2582 1577 2625 Flor.
1619 2584 1745 2637 (test.
1791 2583 1993 2641 Ryekio)

1098 2640 1214 2688 Eud,
1241 2639 1351 2698 Agr.
1413 2638 1596 2683 Scilicet
1627 2640 1773 2683 littera
1793 2655 1817 2682 e
1841 2641 1886 2683 in
1906 2641 1993 2683 fine

1099 2697 1266 2741 coaluit
1291 2712 1395 2741 cum
1421 2696 1567 2740 littera
1589 2695 1734 2756 prima
1764 2698 1991 2755 sequentis

1098 2755 1245 2801 verbi.

1148 2853 1311 2894 prope.
1370 2838 1472 2882 MS.
1500 2837 1651 2882 Guelf.
1667 2840 1874 2893 proprie.

1156 2921 1269 2967 CAP.
1304 2923 1370 2964 12.
1429 2921 1655 2977 Pompeii.
1710 2921 1829 2964 Edd.
1865 2922 1984 2981 Spir-

1095 2980 1198 3023 Put.
1224 2995 1326 3022 eum
1352 2979 1453 3023 MS.
1484 2978 1634 3023 Guelf.
1659 2978 1868 3034 Pompei.

1155 3063 1433 3107 reverentia.
1493 3061 1597 3105 MS.
1631 3063 1747 3106 Bud.
1779 3064 1981 3105 licentia.

1095 3120 1214 3168 Hinc
1243 3119 1486 3162 Rhenanus
1521 3121 1811 3165 conficiebat:
1861 3123 1990 3173 rupti

1092 3177 1384 3222 sacramenti
1428 3178 1629 3222 licentia.
1709 3177 1799 3222 Sed
1847 3178 1983 3221 ceteri

1093 3235 1196 3280 libri
1222 3250 1376 3300 oni-nes
1399 3233 1447 3277 in
1468 3235 1695 3293 vulgatam
1715 3236 1981 3294 scripturam

1094 3299 1400 3338 consentiunt.

1136 3375 1380 3431 flagitare.
1438 3376 1521 3421 Ed.
1550 3377 1670 3435 Spir.
1683 3375 1982 3432 flagitavere.

1094 3433 1204 3477 Mox
1237 3436 1309 3478 ed.
1340 3434 1548 3478 Beroald.
1581 3434 1736 3478 vitiose
1768 3434 1983 3476 senatui:

1095 3491 1288 3535 correxit
1312 3491 1556 3537 Victorius.
1623 3490 1724 3535 MS.
1747 3489 1899 3536 Guelf.
1928 3505 1950 3532 e
1966 3497 1985 3532 t

1090 3551 1279 3606 pqpuzo.
