<?xml version="1.0" encoding="UTF-8"?>
<!DOCTYPE html PUBLIC "-//W3C//DTD XHTML 1.0 Transitional//EN"
    "http://www.w3.org/TR/xhtml1/DTD/xhtml1-transitional.dtd">
<html xmlns="http://www.w3.org/1999/xhtml" xml:lang="en" lang="en">
 <head>
  <title>
</title>
<meta http-equiv="Content-Type" content="text/html;charset=utf-8" />
  <meta name='ocr-system' content='tesseract 3.04.00' />
  <meta name='ocr-capabilities' content='ocr_page ocr_carea ocr_par ocr_line ocrx_word'/>
</head>
<body>
  <div class='ocr_page' id='page_1' title='image "./operarecensuitet03taciuoft/operarecensuitet03taciuoft_0450.png"; bbox 0 0 2138 4030; ppageno 0'>
   <div class='ocr_carea' id='block_1_1' title="bbox 1698 146 1929 256">
    <p class='ocr_par' dir='ltr' id='par_1_1' title="bbox 1698 146 1929 256">
     <span class='ocr_line' id='line_1_1' title="bbox 1698 146 1929 256; baseline 0 0"><span class='ocrx_word' id='word_1_1' title='bbox 1698 146 1929 256; x_wconf 55' lang='lat' dir='ltr'><strong>2:th</strong></span> 
     </span>
    </p>
   </div>
   <div class='ocr_carea' id='block_1_2' title="bbox 165 176 1527 262">
    <p class='ocr_par' dir='ltr' id='par_1_2' title="bbox 165 176 1527 262">
     <span class='ocr_line' id='line_1_2' title="bbox 165 176 1527 262; baseline -0.001 -20"><span class='ocrx_word' id='word_1_2' title='bbox 165 181 291 244; x_wconf 83' lang='lat'><strong>440</strong></span> <span class='ocrx_word' id='word_1_3' title='bbox 731 176 1440 262; x_wconf 74' lang='lat' dir='ltr'><strong>HlsrosslARUM</strong></span> <span class='ocrx_word' id='word_1_4' title='bbox 1526 220 1527 223; x_wconf 12' lang='grc' dir='ltr'><strong><em>κ</em></strong></span> 
     </span>
    </p>
   </div>
   <div class='ocr_carea' id='block_1_3' title="bbox 168 307 2071 1575">
    <p class='ocr_par' dir='ltr' id='par_1_3' title="bbox 168 307 2071 1575">
     <span class='ocr_line' id='line_1_3' title="bbox 339 307 2019 387; baseline 0 -19"><span class='ocrx_word' id='word_1_5' title='bbox 339 307 497 370; x_wconf 85' lang='lat' dir='ltr'><strong>LVI.</strong></span> <span class='ocrx_word' id='word_1_6' title='bbox 582 307 742 368; x_wconf 89' lang='lat' dir='ltr'><strong>Haec</strong></span> <span class='ocrx_word' id='word_1_7' title='bbox 770 312 925 369; x_wconf 85' lang='lat' dir='ltr'><strong>dicta</strong></span> <span class='ocrx_word' id='word_1_8' title='bbox 960 310 1179 385; x_wconf 86' lang='lat' dir='ltr'><strong>pariter</strong></span> <span class='ocrx_word' id='word_1_9' title='bbox 1213 311 1574 387; x_wconf 81' lang='lat' dir='ltr'><strong>probataque</strong></span> <span class='ocrx_word' id='word_1_10' title='bbox 1587 332 1606 366; x_wconf 90' lang='lat'><strong>:-</strong></span> <span class='ocrx_word' id='word_1_11' title='bbox 1645 312 1717 368; x_wconf 91' lang='lat' dir='ltr'><strong>de</strong></span> <span class='ocrx_word' id='word_1_12' title='bbox 1750 310 2019 387; x_wconf 74' lang='lat' dir='ltr'><strong>reliquiis</strong></span> 
     </span>
     <span class='ocr_line' id='line_1_4' title="bbox 168 393 1198 453; baseline 0.002 -5"><span class='ocrx_word' id='word_1_13' title='bbox 168 393 478 452; x_wconf 83' lang='lat' dir='ltr'><strong>Vitelliani</strong></span> <span class='ocrx_word' id='word_1_14' title='bbox 515 396 796 452; x_wconf 75' lang='lat' dir='ltr'><strong>exercitus</strong></span> <span class='ocrx_word' id='word_1_15' title='bbox 833 396 1198 453; x_wconf 79' lang='lat' dir='ltr'><strong>dubitavere.</strong></span> 
     </span>
     <span class='ocr_line' id='line_1_5' title="bbox 172 479 2020 555; baseline 0 -18"><span class='ocrx_word' id='word_1_16' title='bbox 172 480 486 537; x_wconf 80' lang='lat' dir='ltr'><strong>censebant</strong></span> <span class='ocrx_word' id='word_1_17' title='bbox 518 481 822 549; x_wconf 83' lang='lat' dir='ltr'><strong>turbidos,</strong></span> <span class='ocrx_word' id='word_1_18' title='bbox 875 480 1118 548; x_wconf 81' lang='lat' dir='ltr'><strong>infidos,</strong></span> <span class='ocrx_word' id='word_1_19' title='bbox 1167 479 1450 553; x_wconf 85' lang='lat' dir='ltr'><strong>sanguine</strong></span> <span class='ocrx_word' id='word_1_20' title='bbox 1490 482 1709 537; x_wconf 88' lang='lat' dir='ltr'><strong>dueum</strong></span> <span class='ocrx_word' id='word_1_21' title='bbox 1746 480 2020 555; x_wconf 84' lang='lat' dir='ltr'><strong>pollutos.</strong></span> 
     </span>
     <span class='ocr_line' id='line_1_6' title="bbox 172 563 2023 640; baseline 0.001 -22"><span class='ocrx_word' id='word_1_22' title='bbox 172 563 335 622; x_wconf 81' lang='lat' dir='ltr'>Vicit</span> <span class='ocrx_word' id='word_1_23' title='bbox 354 565 504 621; x_wconf 89' lang='lat' dir='ltr'><strong>ratio</strong></span> <span class='ocrx_word' id='word_1_24' title='bbox 530 565 845 640; x_wconf 45' lang='lat' dir='ltr'><strong>parcendi.</strong></span> <span class='ocrx_word' id='word_1_25' title='bbox 881 585 957 620; x_wconf 89' lang='lat' dir='ltr'><strong>ne</strong></span> <span class='ocrx_word' id='word_1_26' title='bbox 993 564 1222 620; x_wconf 90' lang='lat' dir='ltr'><strong>sublata</strong></span> <span class='ocrx_word' id='word_1_27' title='bbox 1257 584 1358 638; x_wconf 89' lang='lat' dir='ltr'><strong>spe</strong></span> <span class='ocrx_word' id='word_1_28' title='bbox 1396 565 1603 620; x_wconf 86' lang='lat' dir='ltr'><strong>veniae</strong></span> <span class='ocrx_word' id='word_1_29' title='bbox 1639 563 2023 640; x_wconf 74' lang='lat' dir='ltr'><strong>pertinaciam</strong></span> 
     </span>
     <span class='ocr_line' id='line_1_7' title="bbox 174 647 2024 722; baseline -0.001 -16"><span class='ocrx_word' id='word_1_30' title='bbox 174 651 574 709; x_wconf 84' lang='lat' dir='ltr'><strong>accenderent.</strong></span> <span class='ocrx_word' id='word_1_31' title='bbox 662 650 1024 706; x_wconf 88' lang='lat' dir='ltr'><strong>adliciendos</strong></span> <span class='ocrx_word' id='word_1_32' title='bbox 1054 649 1252 722; x_wconf 79' lang='lat' dir='ltr'><strong>potius</strong></span> <span class='ocrx_word' id='word_1_33' title='bbox 1286 649 1350 704; x_wconf 90' lang='lat' dir='ltr'><strong>in</strong></span> <span class='ocrx_word' id='word_1_34' title='bbox 1387 649 1736 709; x_wconf 87' lang='lat' dir='ltr'><strong>societatem.</strong></span> <span class='ocrx_word' id='word_1_35' title='bbox 1821 647 2024 722; x_wconf 82' lang='lat' dir='ltr'><strong>legatis</strong></span> 
     </span>
     <span class='ocr_line' id='line_1_8' title="bbox 174 726 2055 808; baseline -0.002 -16"><span class='ocrx_word' id='word_1_36' title='bbox 174 733 404 792; x_wconf 85' lang='lat' dir='ltr'><strong>tantum</strong></span> <span class='ocrx_word' id='word_1_37' title='bbox 440 735 739 808; x_wconf 87' lang='lat' dir='ltr'><strong>legionum</strong></span> <span class='ocrx_word' id='word_1_38' title='bbox 777 733 1095 790; x_wconf 85' lang='lat' dir='ltr'><strong>interfectis</strong></span> <span class='ocrx_word' id='word_1_39' title='bbox 1135 745 1391 790; x_wconf 88' lang='lat' dir='ltr'><strong>ceterum</strong></span> <span class='ocrx_word' id='word_1_40' title='bbox 1426 735 1638 808; x_wconf 84' lang='lat' dir='ltr'><strong>vulgus</strong></span> <span class='ocrx_word' id='word_1_41' title='bbox 1671 726 2055 791; x_wconf 31' lang='lat' dir='ltr'><strong>conscientia*</strong></span> 
     </span>
     <span class='ocr_line' id='line_1_9' title="bbox 175 811 2028 894; baseline -0.002 -18"><span class='ocrx_word' id='word_1_42' title='bbox 175 821 458 876; x_wconf 86' lang='lat' dir='ltr'><strong>scelerum</strong></span> <span class='ocrx_word' id='word_1_43' title='bbox 486 833 543 877; x_wconf 90' lang='lat' dir='ltr'><strong>et</strong></span> <span class='ocrx_word' id='word_1_44' title='bbox 569 840 667 894; x_wconf 91' lang='lat' dir='ltr'><strong>spe</strong></span> <span class='ocrx_word' id='word_1_45' title='bbox 696 811 1062 894; x_wconf 86' lang='lat' dir='ltr'><strong>impunitatis</strong></span> <span class='ocrx_word' id='word_1_46' title='bbox 1086 819 1255 874; x_wconf 86' lang='lat' dir='ltr'><strong>facile</strong></span> <span class='ocrx_word' id='word_1_47' title='bbox 1284 838 1665 879; x_wconf 87' lang='lat' dir='ltr'><strong>accessurum.</strong></span> <span class='ocrx_word' id='word_1_48' title='bbox 1733 816 1824 876; x_wconf 87' lang='lat' dir='ltr'><strong>Ea</strong></span> <span class='ocrx_word' id='word_1_49' title='bbox 1848 816 2028 894; x_wconf 87' lang='lat' dir='ltr'><strong>primi</strong></span> 
     </span>
     <span class='ocr_line' id='line_1_10' title="bbox 175 899 2028 983; baseline 0.001 -23"><span class='ocrx_word' id='word_1_50' title='bbox 175 905 409 961; x_wconf 88' lang='lat' dir='ltr'><strong>consilii</strong></span> <span class='ocrx_word' id='word_1_51' title='bbox 453 905 659 962; x_wconf 85' lang='lat' dir='ltr'><strong>forma.</strong></span> <span class='ocrx_word' id='word_1_52' title='bbox 761 904 1039 980; x_wconf 87' lang='lat' dir='ltr'>missique</span> <span class='ocrx_word' id='word_1_53' title='bbox 1082 923 1188 980; x_wconf 90' lang='lat' dir='ltr'><strong>per</strong></span> <span class='ocrx_word' id='word_1_54' title='bbox 1227 899 1454 959; x_wconf 88' lang='lat' dir='ltr'><strong>Gallias</strong></span> <span class='ocrx_word' id='word_1_55' title='bbox 1494 905 1820 962; x_wconf 87' lang='lat' dir='ltr'><strong>concitores</strong></span> <span class='ocrx_word' id='word_1_56' title='bbox 1864 901 2028 983; x_wconf 75' lang='lat' dir='ltr'><strong>belli.</strong></span> 
     </span>
     <span class='ocr_line' id='line_1_11' title="bbox 175 980 2071 1065; baseline -0.002 -20"><span class='ocrx_word' id='word_1_57' title='bbox 175 990 514 1046; x_wconf 76' lang='lat' dir='ltr'><strong>simulatum</strong></span> <span class='ocrx_word' id='word_1_58' title='bbox 555 989 697 1064; x_wconf 92' lang='lat' dir='ltr'><strong>ipsis</strong></span> <span class='ocrx_word' id='word_1_59' title='bbox 732 989 1111 1065; x_wconf 85' lang='lat' dir='ltr'><strong>obsequium,</strong></span> <span class='ocrx_word' id='word_1_60' title='bbox 1163 1009 1280 1064; x_wconf 90' lang='lat' dir='ltr'><strong>quo</strong></span> <span class='ocrx_word' id='word_1_61' title='bbox 1323 980 2030 1046; x_wconf 63' lang='lat' dir='ltr'><strong>incautiorem‡Voculam</strong></span> <span class='ocrx_word' id='word_1_62' title='bbox 2068 1008 2071 1018; x_wconf 57' lang='lat'><em>¹</em></span> 
     </span>
     <span class='ocr_line' id='line_1_12' title="bbox 182 1071 2030 1150; baseline -0.001 -19"><span class='ocrx_word' id='word_1_63' title='bbox 182 1075 601 1150; x_wconf 84' lang='lat' dir='ltr'><strong>opprimerent.</strong></span> <span class='ocrx_word' id='word_1_64' title='bbox 670 1107 674 1110; x_wconf 94' lang='lat'><em>-</em></span> <span class='ocrx_word' id='word_1_65' title='bbox 732 1094 842 1130; x_wconf 88' lang='lat' dir='ltr'><strong>nec</strong></span> <span class='ocrx_word' id='word_1_66' title='bbox 898 1074 1136 1129; x_wconf 85' lang='lat' dir='ltr'><strong>defuere</strong></span> <span class='ocrx_word' id='word_1_67' title='bbox 1195 1072 1297 1149; x_wconf 86' lang='lat' dir='ltr'><strong>qui</strong></span> <span class='ocrx_word' id='word_1_68' title='bbox 1349 1071 1611 1132; x_wconf 83' lang='lat' dir='ltr'><strong>Voculae</strong></span> <span class='ocrx_word' id='word_1_69' title='bbox 1667 1073 2030 1132; x_wconf 85' lang='lat' dir='ltr'><strong>nuntiarent.</strong></span> 
     </span>
     <span class='ocr_line' id='line_1_13' title="bbox 179 1156 2032 1236; baseline -0.002 -21"><span class='ocrx_word' id='word_1_70' title='bbox 179 1162 280 1216; x_wconf 90' lang='lat' dir='ltr'><strong>sed</strong></span> <span class='ocrx_word' id='word_1_71' title='bbox 324 1159 479 1214; x_wconf 88' lang='lat' dir='ltr'><strong>vires</strong></span> <span class='ocrx_word' id='word_1_72' title='bbox 524 1160 600 1215; x_wconf 88' lang='lat' dir='ltr'><strong>ad</strong></span> <span class='ocrx_word' id='word_1_73' title='bbox 645 1161 1032 1215; x_wconf 86' lang='lat' dir='ltr'><strong>coercendum</strong></span> <span class='ocrx_word' id='word_1_74' title='bbox 1082 1159 1326 1216; x_wconf 82' lang='lat' dir='ltr'><strong>deerant</strong></span> <span class='ocrx_word' id='word_1_75' title='bbox 1374 1157 1846 1236; x_wconf 83' lang='lat' dir='ltr'><strong>infrequentibus</strong></span> <span class='ocrx_word' id='word_1_76' title='bbox 1896 1156 2032 1212; x_wconf 88' lang='lat' dir='ltr'><strong>infi-</strong></span> 
     </span>
     <span class='ocr_line' id='line_1_14' title="bbox 181 1241 2034 1321; baseline -0.003 -19"><span class='ocrx_word' id='word_1_77' title='bbox 181 1245 387 1321; x_wconf 89' lang='lat' dir='ltr'><strong>disque</strong></span> <span class='ocrx_word' id='word_1_78' title='bbox 438 1243 790 1317; x_wconf 81' lang='lat' dir='ltr'><strong>legionibUS.</strong></span> <span class='ocrx_word' id='word_1_79' title='bbox 901 1241 1063 1301; x_wconf 89' lang='lat' dir='ltr'><strong>Inter</strong></span> <span class='ocrx_word' id='word_1_80' title='bbox 1115 1243 1418 1316; x_wconf 84' lang='lat' dir='ltr'><strong>ambiguos</strong></span> <span class='ocrx_word' id='word_1_81' title='bbox 1465 1245 1682 1301; x_wconf 88' lang='lat' dir='ltr'><strong>milites</strong></span> <span class='ocrx_word' id='word_1_82' title='bbox 1730 1255 1787 1300; x_wconf 85' lang='lat' dir='ltr'><strong>et</strong></span> <span class='ocrx_word' id='word_1_83' title='bbox 1835 1241 2034 1299; x_wconf 82' lang='lat' dir='ltr'><strong>occul-</strong></span> 
     </span>
     <span class='ocr_line' id='line_1_15' title="bbox 183 1323 2034 1404; baseline -0.003 -17"><span class='ocrx_word' id='word_1_84' title='bbox 183 1341 272 1387; x_wconf 88' lang='lat' dir='ltr'><strong>tos</strong></span> <span class='ocrx_word' id='word_1_85' title='bbox 303 1323 525 1385; x_wconf 80' lang='lat' dir='ltr'><strong>hostes</strong></span> <span class='ocrx_word' id='word_1_86' title='bbox 579 1329 872 1404; x_wconf 84' lang='lat' dir='ltr'><strong>optimum</strong></span> <span class='ocrx_word' id='word_1_87' title='bbox 928 1351 958 1385; x_wconf 92' lang='lat' dir='ltr'><strong>e</strong></span> <span class='ocrx_word' id='word_1_88' title='bbox 1014 1329 1418 1404; x_wconf 85' lang='lat' dir='ltr'><strong>praesentibus</strong></span> <span class='ocrx_word' id='word_1_89' title='bbox 1461 1339 1622 1386; x_wconf 74' lang='lat' dir='ltr'><strong>ratus</strong></span> <span class='ocrx_word' id='word_1_90' title='bbox 1663 1339 1869 1386; x_wconf 85' lang='lat' dir='ltr'><strong>mutua</strong></span> <span class='ocrx_word' id='word_1_91' title='bbox 1912 1326 2034 1383; x_wconf 90' lang='lat' dir='ltr'><strong>dis-</strong></span> 
     </span>
     <span class='ocr_line' id='line_1_16' title="bbox 183 1413 2036 1489; baseline -0.002 -19"><span class='ocrx_word' id='word_1_92' title='bbox 183 1414 557 1471; x_wconf 89' lang='lat' dir='ltr'><strong>simulatione</strong></span> <span class='ocrx_word' id='word_1_93' title='bbox 639 1425 694 1470; x_wconf 86' lang='lat' dir='ltr'><strong>et</strong></span> <span class='ocrx_word' id='word_1_94' title='bbox 772 1415 1015 1482; x_wconf 88' lang='lat' dir='ltr'><strong>iisdem,</strong></span> <span class='ocrx_word' id='word_1_95' title='bbox 1099 1413 1313 1489; x_wconf 90' lang='lat' dir='ltr'><strong>quibus</strong></span> <span class='ocrx_word' id='word_1_96' title='bbox 1391 1415 1727 1488; x_wconf 87' lang='lat' dir='ltr'><strong>petebatur,</strong></span> <span class='ocrx_word' id='word_1_97' title='bbox 1811 1413 2036 1470; x_wconf 85' lang='lat' dir='ltr'><strong>artibus</strong></span> 
     </span>
     <span class='ocr_line' id='line_1_17' title="bbox 182 1494 2036 1575; baseline -0.002 -20"><span class='ocrx_word' id='word_1_98' title='bbox 182 1499 427 1573; x_wconf 86' lang='lat' dir='ltr'><strong>grassari</strong></span> <span class='ocrx_word' id='word_1_99' title='bbox 482 1499 545 1556; x_wconf 90' lang='lat' dir='ltr'><strong>in</strong></span> <span class='ocrx_word' id='word_1_100' title='bbox 597 1499 890 1557; x_wconf 88' lang='lat' dir='ltr'><strong>coloniam</strong></span> <span class='ocrx_word' id='word_1_101' title='bbox 930 1494 1423 1575; x_wconf 84' lang='lat' dir='ltr'><strong>Agrippinensem</strong></span> <span class='ocrx_word' id='word_1_102' title='bbox 1466 1499 1784 1559; x_wconf 81' lang='lat' dir='ltr'><strong>descendit.</strong></span> <span class='ocrx_word' id='word_1_103' title='bbox 1895 1496 2036 1555; x_wconf 86' lang='lat' dir='ltr'><strong>illuc</strong></span> 
     </span>
    </p>
   </div>
   <div class='ocr_carea' id='block_1_4' title="bbox 180 1744 2040 1924">
    <p class='ocr_par' dir='ltr' id='par_1_4' title="bbox 180 1744 2040 1924">
     <span class='ocr_line' id='line_1_18' title="bbox 180 1744 2039 1809; baseline 0 -18"><span class='ocrx_word' id='word_1_104' title='bbox 180 1757 318 1805; x_wconf 82' lang='lat' dir='ltr'><strong>ptato</strong></span> <span class='ocrx_word' id='word_1_105' title='bbox 342 1754 542 1798; x_wconf 83' lang='lat' dir='ltr'><strong>multum</strong></span> <span class='ocrx_word' id='word_1_106' title='bbox 557 1770 571 1804; x_wconf 90' lang='lat'><strong><em>;</em></strong></span> <span class='ocrx_word' id='word_1_107' title='bbox 603 1752 671 1802; x_wconf 84' lang='lat'><strong>14,</strong></span> <span class='ocrx_word' id='word_1_108' title='bbox 698 1753 764 1796; x_wconf 89' lang='lat'><strong>18.</strong></span> <span class='ocrx_word' id='word_1_109' title='bbox 788 1755 1076 1809; x_wconf 78' lang='lat' dir='ltr'><strong>disceptator</strong></span> <span class='ocrx_word' id='word_1_110' title='bbox 1147 1744 1355 1799; x_wconf 58' lang='lat' dir='ltr'><strong>Beron.</strong></span> <span class='ocrx_word' id='word_1_111' title='bbox 1381 1751 1504 1806; x_wconf 86' lang='lat' dir='ltr'><strong>(cum</strong></span> <span class='ocrx_word' id='word_1_112' title='bbox 1529 1749 1831 1804; x_wconf 61' lang='lat' dir='ltr'><strong>sileanvict.)</strong></span> <span class='ocrx_word' id='word_1_113' title='bbox 1854 1748 2039 1792; x_wconf 71' lang='lat' dir='ltr'><strong>Ernest.</strong></span> 
     </span>
     <span class='ocr_line' id='line_1_19' title="bbox 184 1805 2039 1867; baseline -0.001 -18"><span class='ocrx_word' id='word_1_114' title='bbox 184 1823 424 1861; x_wconf 79' lang='lat' dir='ltr'><strong>agrorum.</strong></span> <span class='ocrx_word' id='word_1_115' title='bbox 484 1810 570 1853; x_wconf 90' lang='lat' dir='ltr'><strong>Sed</strong></span> <span class='ocrx_word' id='word_1_116' title='bbox 594 1827 687 1856; x_wconf 87' lang='lat' dir='ltr'><strong>non</strong></span> <span class='ocrx_word' id='word_1_117' title='bbox 741 1811 909 1854; x_wconf 87' lang='lat' dir='ltr'><strong>oenitet</strong></span> <span class='ocrx_word' id='word_1_118' title='bbox 931 1828 1075 1857; x_wconf 87' lang='lat' dir='ltr'><strong>emen·</strong></span> <span class='ocrx_word' id='word_1_119' title='bbox 1149 1812 1276 1853; x_wconf 89' lang='lat' dir='ltr'><strong>Brot.</strong></span> <span class='ocrx_word' id='word_1_120' title='bbox 1301 1826 1399 1867; x_wconf 87' lang='lat' dir='ltr'><strong>sqq.</strong></span> <span class='ocrx_word' id='word_1_121' title='bbox 1425 1834 1483 1843; x_wconf 93' lang='lat'><strong>—</strong></span> <span class='ocrx_word' id='word_1_122' title='bbox 1537 1810 1714 1853; x_wconf 82' lang='lat' dir='ltr'><strong>concilii</strong></span> <span class='ocrx_word' id='word_1_123' title='bbox 1731 1807 1868 1851; x_wconf 78' lang='lat' dir='ltr'><strong>MSS.</strong></span> <span class='ocrx_word' id='word_1_124' title='bbox 1887 1805 2039 1850; x_wconf 73' lang='lat' dir='ltr'><strong>Guelf.</strong></span> 
     </span>
     <span class='ocr_line' id='line_1_20' title="bbox 186 1828 2040 1924; baseline -0.001 -16"><span class='ocrx_word' id='word_1_125' title='bbox 186 1865 379 1909; x_wconf 72' lang='lat' dir='ltr'><strong>dationis</strong></span> <span class='ocrx_word' id='word_1_126' title='bbox 408 1866 634 1912; x_wconf 80' lang='lat' dir='ltr'><strong>Rhenani.</strong></span> <span class='ocrx_word' id='word_1_127' title='bbox 709 1828 825 1912; x_wconf 51' lang='lat' dir='ltr'><strong>Elam</strong></span> <span class='ocrx_word' id='word_1_128' title='bbox 856 1870 1079 1924; x_wconf 83' lang='lat' dir='ltr'><strong>dispicere</strong></span> <span class='ocrx_word' id='word_1_129' title='bbox 1150 1868 1275 1912; x_wconf 85' lang='lat' dir='ltr'><strong>Harl.</strong></span> <span class='ocrx_word' id='word_1_130' title='bbox 1309 1865 1441 1910; x_wconf 80' lang='lat' dir='ltr'><strong>Bodl.</strong></span> <span class='ocrx_word' id='word_1_131' title='bbox 1473 1867 1555 1909; x_wconf 83' lang='lat' dir='ltr'><strong>[es.</strong></span> <span class='ocrx_word' id='word_1_132' title='bbox 1593 1866 1692 1912; x_wconf 84' lang='lat' dir='ltr'><strong>edd.</strong></span> <span class='ocrx_word' id='word_1_133' title='bbox 1726 1864 1902 1908; x_wconf 75' lang='lat' dir='ltr'><strong>Puteol.</strong></span> <span class='ocrx_word' id='word_1_134' title='bbox 1934 1862 2040 1908; x_wconf 79' lang='lat' dir='ltr'><strong>Alc.</strong></span> 
     </span>
    </p>
   </div>
   <div class='ocr_carea' id='block_1_5' title="bbox 1279 379 2138 471">
    <p class='ocr_par' dir='ltr' id='par_1_5' title="bbox 1279 379 2138 471">
     <span class='ocr_line' id='line_1_21' title="bbox 1279 379 2138 471; baseline -0.001 -21"><span class='ocrx_word' id='word_1_135' title='bbox 1279 395 1545 471; x_wconf 89' lang='lat' dir='ltr'><strong>plerique</strong></span> <span class='ocrx_word' id='word_1_136' title='bbox 1584 395 2020 453; x_wconf 87' lang='lat' dir='ltr'><strong>interficiendos</strong></span> <span class='ocrx_word' id='word_1_137' title='bbox 2091 415 2104 427; x_wconf 64' lang='lat'><strong>²</strong></span> <span class='ocrx_word' id='word_1_138' title='bbox 2135 379 2138 382; x_wconf 34' lang='grc'>’</span> 
     </span>
    </p>
   </div>
   <div class='ocr_carea' id='block_1_6' title="bbox 186 1922 1084 2153">
    <p class='ocr_par' dir='ltr' id='par_1_6' title="bbox 186 1922 1084 2153">
     <span class='ocr_line' id='line_1_22' title="bbox 186 1922 1078 1984; baseline 0.003 -19"><span class='ocrx_word' id='word_1_139' title='bbox 186 1922 290 1966; x_wconf 81' lang='lat' dir='ltr'><strong>loeo</strong></span> <span class='ocrx_word' id='word_1_140' title='bbox 327 1924 441 1967; x_wconf 89' lang='lat' dir='ltr'><strong>bene</strong></span> <span class='ocrx_word' id='word_1_141' title='bbox 474 1926 703 1969; x_wconf 81' lang='lat' dir='ltr'><strong>convenit.</strong></span> <span class='ocrx_word' id='word_1_142' title='bbox 765 1926 835 1969; x_wconf 78' lang='lat' dir='ltr'><strong>Cf,</strong></span> <span class='ocrx_word' id='word_1_143' title='bbox 861 1927 977 1969; x_wconf 85' lang='lat' dir='ltr'><strong>Plin.</strong></span> <span class='ocrx_word' id='word_1_144' title='bbox 1007 1943 1078 1984; x_wconf 90' lang='lat' dir='ltr'><strong>ep.</strong></span> 
     </span>
     <span class='ocr_line' id='line_1_23' title="bbox 190 1980 1078 2038; baseline 0.006 -17"><span class='ocrx_word' id='word_1_145' title='bbox 190 1982 228 2031; x_wconf 90' lang='lat'><strong>1,</strong></span> <span class='ocrx_word' id='word_1_146' title='bbox 247 1980 287 2022; x_wconf 87' lang='lat'><strong>5.</strong></span> <span class='ocrx_word' id='word_1_147' title='bbox 313 1982 528 2036; x_wconf 74' lang='lat' dir='ltr'><strong>dispicies</strong></span> <span class='ocrx_word' id='word_1_148' title='bbox 550 1983 661 2038; x_wconf 84' lang='lat' dir='ltr'><strong>ipse.</strong></span> <span class='ocrx_word' id='word_1_149' title='bbox 702 1983 769 2028; x_wconf 80' lang='lat' dir='ltr'><strong>ld.</strong></span> <span class='ocrx_word' id='word_1_150' title='bbox 791 1983 833 2032; x_wconf 88' lang='lat'><strong>7,</strong></span> <span class='ocrx_word' id='word_1_151' title='bbox 847 1984 918 2028; x_wconf 82' lang='grc'><strong>33,</strong></span> <span class='ocrx_word' id='word_1_152' title='bbox 941 1985 1078 2037; x_wconf 79' lang='lat' dir='ltr'><strong>dispi-</strong></span> 
     </span>
     <span class='ocr_line' id='line_1_24' title="bbox 191 2039 1084 2097; baseline 0.006 -18"><span class='ocrx_word' id='word_1_153' title='bbox 191 2053 263 2089; x_wconf 75' lang='grc' dir='ltr'><strong>α,</strong></span> <span class='ocrx_word' id='word_1_154' title='bbox 295 2046 337 2079; x_wconf 87' lang='lat' dir='ltr'><strong>et</strong></span> <span class='ocrx_word' id='word_1_155' title='bbox 373 2039 431 2080; x_wconf 73' lang='lat' dir='ltr'><strong>ita</strong></span> <span class='ocrx_word' id='word_1_156' title='bbox 466 2040 655 2097; x_wconf 84' lang='lat' dir='ltr'><strong>saepius.</strong></span> <span class='ocrx_word' id='word_1_157' title='bbox 715 2041 861 2085; x_wconf 84' lang='lat' dir='ltr'><strong>Tacit.</strong></span> <span class='ocrx_word' id='word_1_158' title='bbox 885 2043 974 2085; x_wconf 79' lang='lat' dir='ltr'><strong>An.</strong></span> <span class='ocrx_word' id='word_1_159' title='bbox 1017 2041 1084 2091; x_wconf 80' lang='lat'><strong>13,</strong></span> 
     </span>
     <span class='ocr_line' id='line_1_25' title="bbox 192 2095 1084 2153; baseline 0.004 -16"><span class='ocrx_word' id='word_1_160' title='bbox 192 2095 264 2138; x_wconf 71' lang='grc'><strong>27.</strong></span> <span class='ocrx_word' id='word_1_161' title='bbox 293 2096 535 2150; x_wconf 78' lang='lat' dir='ltr'><strong>dispiceret</strong></span> <span class='ocrx_word' id='word_1_162' title='bbox 570 2099 763 2153; x_wconf 79' lang='lat' dir='ltr'><strong>quisque</strong></span> <span class='ocrx_word' id='word_1_163' title='bbox 795 2101 964 2142; x_wconf 75' lang='lat' dir='ltr'><strong>merita</strong></span> <span class='ocrx_word' id='word_1_164' title='bbox 1001 2108 1084 2141; x_wconf 77' lang='lat' dir='ltr'><strong>etc.</strong></span> 
     </span>
    </p>
   </div>
   <div class='ocr_carea' id='block_1_7' title="bbox 193 2152 799 2200">
    <p class='ocr_par' dir='ltr' id='par_1_7' title="bbox 193 2152 799 2200">
     <span class='ocr_line' id='line_1_26' title="bbox 193 2152 799 2200; baseline 0.002 -5"><span class='ocrx_word' id='word_1_165' title='bbox 193 2153 252 2196; x_wconf 78' lang='lat' dir='ltr'><strong>cf.</strong></span> <span class='ocrx_word' id='word_1_166' title='bbox 274 2153 453 2196; x_wconf 86' lang='lat' dir='ltr'><strong>Ernest.</strong></span> <span class='ocrx_word' id='word_1_167' title='bbox 477 2152 547 2197; x_wconf 92' lang='lat' dir='ltr'><strong>Cl.</strong></span> <span class='ocrx_word' id='word_1_168' title='bbox 569 2153 665 2197; x_wconf 86' lang='lat' dir='ltr'><strong>Cic.</strong></span> <span class='ocrx_word' id='word_1_169' title='bbox 689 2154 733 2197; x_wconf 85' lang='lat' dir='ltr'><strong>h.</strong></span> <span class='ocrx_word' id='word_1_170' title='bbox 757 2171 799 2200; x_wconf 93' lang='lat' dir='ltr'><strong>v.</strong></span> 
     </span>
    </p>
   </div>
   <div class='ocr_carea' id='block_1_8' title="bbox 149 2223 1093 2926">
    <p class='ocr_par' dir='ltr' id='par_1_8' title="bbox 191 2223 1086 2396">
     <span class='ocr_line' id='line_1_27' title="bbox 250 2223 1083 2281; baseline 0.001 -14"><span class='ocrx_word' id='word_1_171' title='bbox 250 2223 365 2267; x_wconf 83' lang='lat' dir='ltr'><strong>CAP.</strong></span> <span class='ocrx_word' id='word_1_172' title='bbox 398 2223 469 2267; x_wconf 86' lang='lat'><strong>56.</strong></span> <span class='ocrx_word' id='word_1_173' title='bbox 546 2227 604 2267; x_wconf 88' lang='lat' dir='ltr'><strong>de</strong></span> <span class='ocrx_word' id='word_1_174' title='bbox 642 2226 867 2281; x_wconf 79' lang='lat' dir='ltr'><strong>reliquiis.</strong></span> <span class='ocrx_word' id='word_1_175' title='bbox 946 2223 1083 2269; x_wconf 85' lang='lat' dir='ltr'><strong><em>MSS.</em></strong></span> 
     </span>
     <span class='ocr_line' id='line_1_28' title="bbox 193 2281 1086 2343; baseline 0.002 -20"><span class='ocrx_word' id='word_1_176' title='bbox 193 2281 308 2325; x_wconf 85' lang='lat' dir='ltr'><strong>Bud.</strong></span> <span class='ocrx_word' id='word_1_177' title='bbox 335 2281 445 2340; x_wconf 81' lang='lat' dir='ltr'><strong>Agr.</strong></span> <span class='ocrx_word' id='word_1_178' title='bbox 482 2284 522 2338; x_wconf 86' lang='lat' dir='ltr'><strong>(a</strong></span> <span class='ocrx_word' id='word_1_179' title='bbox 560 2282 703 2343; x_wconf 81' lang='lat' dir='ltr'><strong>prima</strong></span> <span class='ocrx_word' id='word_1_180' title='bbox 737 2286 890 2338; x_wconf 84' lang='lat' dir='ltr'><strong>manu)</strong></span> <span class='ocrx_word' id='word_1_181' title='bbox 925 2286 982 2325; x_wconf 88' lang='lat' dir='ltr'><strong>de</strong></span> <span class='ocrx_word' id='word_1_182' title='bbox 1009 2298 1086 2326; x_wconf 83' lang='lat' dir='ltr'><strong>re-</strong></span> 
     </span>
     <span class='ocr_line' id='line_1_29' title="bbox 191 2341 338 2396; baseline 0.02 -16"><span class='ocrx_word' id='word_1_183' title='bbox 191 2341 338 2396; x_wconf 83' lang='lat' dir='ltr'><strong>liquis.</strong></span> 
     </span>
    </p>

    <p class='ocr_par' dir='ltr' id='par_1_9' title="bbox 149 2411 1087 2528">
     <span class='ocr_line' id='line_1_30' title="bbox 248 2411 1087 2463; baseline 0.005 -13"><span class='ocrx_word' id='word_1_184' title='bbox 248 2411 569 2463; x_wconf 76' lang='lat' dir='ltr'><strong>pertinaciam</strong></span> <span class='ocrx_word' id='word_1_185' title='bbox 607 2416 929 2456; x_wconf 78' lang='lat' dir='ltr'><strong>accenderent.</strong></span> <span class='ocrx_word' id='word_1_186' title='bbox 1007 2412 1087 2455; x_wconf 71' lang='lat' dir='ltr'><strong>Sic,</strong></span> 
     </span>
     <span class='ocr_line' id='line_1_31' title="bbox 149 2467 1087 2528; baseline 0 -15"><span class='ocrx_word' id='word_1_187' title='bbox 149 2512 152 2513; x_wconf 14' lang='grc' dir='ltr'><em>γ</em></span> <span class='ocrx_word' id='word_1_188' title='bbox 196 2467 334 2511; x_wconf 84' lang='lat' dir='ltr'><strong>MSS.</strong></span> <span class='ocrx_word' id='word_1_189' title='bbox 360 2468 480 2511; x_wconf 78' lang='lat' dir='ltr'><strong>Flor.</strong></span> <span class='ocrx_word' id='word_1_190' title='bbox 508 2470 634 2524; x_wconf 70' lang='lat' dir='ltr'><strong>(teste</strong></span> <span class='ocrx_word' id='word_1_191' title='bbox 647 2470 838 2527; x_wconf 84' lang='lat' dir='ltr'><strong>Ryckio)</strong></span> <span class='ocrx_word' id='word_1_192' title='bbox 858 2470 1087 2528; x_wconf 78' lang='lat' dir='ltr'><strong>Agr-Reg.</strong></span> 
     </span>
    </p>

    <p class='ocr_par' dir='ltr' id='par_1_10' title="bbox 196 2524 1093 2926">
     <span class='ocr_line' id='line_1_32' title="bbox 198 2524 1089 2587; baseline 0.001 -19"><span class='ocrx_word' id='word_1_193' title='bbox 198 2524 434 2583; x_wconf 87' lang='lat' dir='ltr'><strong>edd.Spir.</strong></span> <span class='ocrx_word' id='word_1_194' title='bbox 461 2526 635 2570; x_wconf 78' lang='lat' dir='ltr'><strong>Ernest.</strong></span> <span class='ocrx_word' id='word_1_195' title='bbox 655 2528 831 2571; x_wconf 74' lang='lat' dir='ltr'><strong>Broter.</strong></span> <span class='ocrx_word' id='word_1_196' title='bbox 856 2544 952 2587; x_wconf 89' lang='lat' dir='ltr'><strong>sqq.</strong></span> <span class='ocrx_word' id='word_1_197' title='bbox 1014 2527 1089 2569; x_wconf 86' lang='lat' dir='ltr'><strong>Vi-</strong></span> 
     </span>
     <span class='ocr_line' id='line_1_33' title="bbox 198 2582 1090 2635; baseline 0 -9"><span class='ocrx_word' id='word_1_198' title='bbox 198 2582 395 2635; x_wconf 83' lang='lat' dir='ltr'><strong>ctorius,</strong></span> <span class='ocrx_word' id='word_1_199' title='bbox 423 2583 615 2627; x_wconf 82' lang='lat' dir='ltr'><strong>Picbena</strong></span> <span class='ocrx_word' id='word_1_200' title='bbox 649 2595 692 2628; x_wconf 76' lang='lat' dir='ltr'><strong>et</strong></span> <span class='ocrx_word' id='word_1_201' title='bbox 722 2586 806 2628; x_wconf 85' lang='lat' dir='ltr'><strong>lae.</strong></span> <span class='ocrx_word' id='word_1_202' title='bbox 829 2584 1090 2628; x_wconf 83' lang='lat' dir='ltr'><strong>Gronovius</strong></span> 
     </span>
     <span class='ocr_line' id='line_1_34' title="bbox 199 2640 1090 2700; baseline 0.001 -17"><span class='ocrx_word' id='word_1_203' title='bbox 199 2640 377 2683; x_wconf 76' lang='lat' dir='ltr'><strong>silentio</strong></span> <span class='ocrx_word' id='word_1_204' title='bbox 448 2641 721 2685; x_wconf 82' lang='lat' dir='ltr'><strong>transierunt</strong></span> <span class='ocrx_word' id='word_1_205' title='bbox 793 2642 1090 2700; x_wconf 81' lang='lat' dir='ltr'><strong>scripturam:</strong></span> 
     </span>
     <span class='ocr_line' id='line_1_35' title="bbox 196 2697 1091 2758; baseline 0.001 -18"><span class='ocrx_word' id='word_1_206' title='bbox 196 2697 455 2753; x_wconf 72' lang='lat' dir='ltr'><strong>pertinacia</strong></span> <span class='ocrx_word' id='word_1_207' title='bbox 520 2704 909 2751; x_wconf 79' lang='lat' dir='ltr'><strong>accenderentur,</strong></span> <span class='ocrx_word' id='word_1_208' title='bbox 979 2716 1091 2758; x_wconf 81' lang='lat' dir='ltr'><strong>quae</strong></span> 
     </span>
     <span class='ocr_line' id='line_1_36' title="bbox 202 2754 1092 2811; baseline 0.003 -13"><span class='ocrx_word' id='word_1_209' title='bbox 202 2763 339 2798; x_wconf 72' lang='lat' dir='ltr'><strong>exstat</strong></span> <span class='ocrx_word' id='word_1_210' title='bbox 373 2754 586 2811; x_wconf 20' lang='lat' dir='ltr'><strong>ianSS.</strong></span> <span class='ocrx_word' id='word_1_211' title='bbox 613 2756 769 2801; x_wconf 79' lang='lat' dir='ltr'><strong>Guelf.</strong></span> <span class='ocrx_word' id='word_1_212' title='bbox 801 2757 925 2800; x_wconf 80' lang='lat' dir='ltr'><strong>Harl.</strong></span> <span class='ocrx_word' id='word_1_213' title='bbox 958 2757 1092 2801; x_wconf 78' lang='lat' dir='ltr'><strong>Bodl-</strong></span> 
     </span>
     <span class='ocr_line' id='line_1_37' title="bbox 206 2812 1090 2872; baseline 0.006 -19"><span class='ocrx_word' id='word_1_214' title='bbox 206 2812 288 2855; x_wconf 82' lang='lat' dir='ltr'><strong>les.</strong></span> <span class='ocrx_word' id='word_1_215' title='bbox 317 2812 607 2857; x_wconf 82' lang='lat' dir='ltr'><strong>edd.Puteo!.</strong></span> <span class='ocrx_word' id='word_1_216' title='bbox 632 2831 728 2872; x_wconf 84' lang='lat' dir='ltr'><strong>sqq.</strong></span> <span class='ocrx_word' id='word_1_217' title='bbox 753 2814 804 2857; x_wconf 84' lang='lat' dir='ltr'><strong>ad</strong></span> <span class='ocrx_word' id='word_1_218' title='bbox 819 2815 1090 2858; x_wconf 83' lang='lat' dir='ltr'><strong>Ernestium.</strong></span> 
     </span>
     <span class='ocr_line' id='line_1_38' title="bbox 203 2869 1093 2926; baseline 0.004 -15"><span class='ocrx_word' id='word_1_219' title='bbox 203 2869 308 2914; x_wconf 81' lang='lat' dir='ltr'><strong>MS.</strong></span> <span class='ocrx_word' id='word_1_220' title='bbox 357 2871 475 2915; x_wconf 84' lang='lat' dir='ltr'><strong>Bud.</strong></span> <span class='ocrx_word' id='word_1_221' title='bbox 515 2873 825 2926; x_wconf 77' lang='lat' dir='ltr'><strong>pertinaciam</strong></span> <span class='ocrx_word' id='word_1_222' title='bbox 880 2876 1093 2915; x_wconf 82' lang='lat' dir='ltr'><strong>attende-</strong></span> 
     </span>
    </p>
   </div>
   <div class='ocr_carea' id='block_1_9' title="bbox 118 2935 329 2982">
    <p class='ocr_par' dir='ltr' id='par_1_11' title="bbox 118 2935 329 2982">
     <span class='ocr_line' id='line_1_39' title="bbox 118 2935 329 2982; baseline 0.014 -13"><span class='ocrx_word' id='word_1_223' title='bbox 118 2972 125 2982; x_wconf 24' lang='lat'><em>*</em></span> <span class='ocrx_word' id='word_1_224' title='bbox 205 2935 329 2972; x_wconf 85' lang='lat' dir='ltr'><strong>rent.</strong></span> 
     </span>
    </p>
   </div>
   <div class='ocr_carea' id='block_1_10' title="bbox 206 2998 1101 3512">
    <p class='ocr_par' dir='ltr' id='par_1_12' title="bbox 206 2998 1101 3231">
     <span class='ocr_line' id='line_1_40' title="bbox 261 2998 1096 3055; baseline 0.005 -17"><span class='ocrx_word' id='word_1_225' title='bbox 261 2998 564 3044; x_wconf 81' lang='lat' dir='ltr'><strong>adliciendos.</strong></span> <span class='ocrx_word' id='word_1_226' title='bbox 650 3000 751 3044; x_wconf 78' lang='lat' dir='ltr'><strong>MS.</strong></span> <span class='ocrx_word' id='word_1_227' title='bbox 792 3000 915 3043; x_wconf 89' lang='lat' dir='ltr'><strong>Flor.</strong></span> <span class='ocrx_word' id='word_1_228' title='bbox 968 3000 1096 3055; x_wconf 81' lang='lat' dir='ltr'><strong>(test.</strong></span> 
     </span>
     <span class='ocr_line' id='line_1_41' title="bbox 207 3054 1098 3115; baseline 0.003 -18"><span class='ocrx_word' id='word_1_229' title='bbox 207 3054 360 3112; x_wconf 76' lang='lat' dir='ltr'><strong>vict.)</strong></span> <span class='ocrx_word' id='word_1_230' title='bbox 391 3063 434 3098; x_wconf 81' lang='lat' dir='ltr'><strong>et</strong></span> <span class='ocrx_word' id='word_1_231' title='bbox 470 3057 540 3101; x_wconf 82' lang='lat' dir='ltr'><strong>ed.</strong></span> <span class='ocrx_word' id='word_1_232' title='bbox 577 3057 694 3115; x_wconf 87' lang='lat' dir='ltr'><strong>Spir.</strong></span> <span class='ocrx_word' id='word_1_233' title='bbox 728 3059 998 3110; x_wconf 78' lang='lat' dir='ltr'><strong>allicienda,</strong></span> <span class='ocrx_word' id='word_1_234' title='bbox 1049 3066 1098 3100; x_wconf 81' lang='lat' dir='ltr'><strong>ut</strong></span> 
     </span>
     <span class='ocr_line' id='line_1_42' title="bbox 206 3112 1097 3172; baseline 0.002 -17"><span class='ocrx_word' id='word_1_235' title='bbox 206 3113 265 3156; x_wconf 84' lang='lat' dir='ltr'><strong>ita</strong></span> <span class='ocrx_word' id='word_1_236' title='bbox 300 3112 409 3156; x_wconf 82' lang='lat' dir='ltr'><strong>haee</strong></span> <span class='ocrx_word' id='word_1_237' title='bbox 440 3129 541 3157; x_wconf 77' lang='lat' dir='ltr'><strong>cuni</strong></span> <span class='ocrx_word' id='word_1_238' title='bbox 577 3115 947 3172; x_wconf 78' lang='lat' dir='ltr'><strong>praecedentibus</strong></span> <span class='ocrx_word' id='word_1_239' title='bbox 982 3130 1097 3159; x_wconf 87' lang='lat' dir='ltr'><strong>con-</strong></span> 
     </span>
     <span class='ocr_line' id='line_1_43' title="bbox 208 3170 1101 3231; baseline 0.001 -17"><span class='ocrx_word' id='word_1_240' title='bbox 208 3170 452 3227; x_wconf 75' lang='lat' dir='ltr'><strong>iungantur</strong></span> <span class='ocrx_word' id='word_1_241' title='bbox 471 3180 512 3214; x_wconf 83' lang='lat' dir='ltr'><strong>et</strong></span> <span class='ocrx_word' id='word_1_242' title='bbox 527 3173 798 3223; x_wconf 83' lang='lat' dir='ltr'><strong>adliciendo,</strong></span> <span class='ocrx_word' id='word_1_243' title='bbox 821 3181 871 3215; x_wconf 87' lang='lat' dir='ltr'><strong>ut</strong></span> <span class='ocrx_word' id='word_1_244' title='bbox 883 3188 1024 3231; x_wconf 81' lang='lat' dir='ltr'><strong>saepe,</strong></span> <span class='ocrx_word' id='word_1_245' title='bbox 1045 3172 1101 3215; x_wconf 83' lang='lat' dir='ltr'><strong>sit</strong></span> 
     </span>
    </p>

    <p class='ocr_par' dir='ltr' id='par_1_13' title="bbox 210 3226 1100 3512">
     <span class='ocr_line' id='line_1_44' title="bbox 242 3226 1099 3285; baseline 0.002 -16"><span class='ocrx_word' id='word_1_246' title='bbox 242 3243 293 3270; x_wconf 84' lang='lat' dir='ltr'><strong>ro</strong></span> <span class='ocrx_word' id='word_1_247' title='bbox 321 3226 559 3285; x_wconf 60' lang='lat' dir='ltr'><strong>&gt;participio</strong></span> <span class='ocrx_word' id='word_1_248' title='bbox 594 3232 871 3273; x_wconf 81' lang='lat' dir='ltr'><strong>adlicientes.</strong></span> <span class='ocrx_word' id='word_1_249' title='bbox 952 3229 1099 3274; x_wconf 77' lang='lat' dir='ltr'><strong>Ceteri</strong></span> 
     </span>
     <span class='ocr_line' id='line_1_45' title="bbox 210 3244 1097 3344; baseline 0.002 -17"><span class='ocrx_word' id='word_1_250' title='bbox 210 3244 313 3327; x_wconf 59' lang='lat' dir='ltr'><strong>libri</strong></span> <span class='ocrx_word' id='word_1_251' title='bbox 341 3284 564 3344; x_wconf 75' lang='lat' dir='ltr'><strong>vulgatum</strong></span> <span class='ocrx_word' id='word_1_252' title='bbox 591 3294 792 3330; x_wconf 81' lang='lat' dir='ltr'><strong>tuentur.</strong></span> <span class='ocrx_word' id='word_1_253' title='bbox 852 3287 969 3331; x_wconf 76' lang='lat' dir='ltr'><strong>Edd.</strong></span> <span class='ocrx_word' id='word_1_254' title='bbox 995 3288 1097 3329; x_wconf 77' lang='lat' dir='ltr'><strong>Put.</strong></span> 
     </span>
     <span class='ocr_line' id='line_1_46' title="bbox 213 3342 1100 3387; baseline -0.001 -1"><span class='ocrx_word' id='word_1_255' title='bbox 213 3343 281 3386; x_wconf 89' lang='lat' dir='ltr'><strong>M.</strong></span> <span class='ocrx_word' id='word_1_256' title='bbox 302 3349 346 3384; x_wconf 82' lang='lat' dir='ltr'><strong>et</strong></span> <span class='ocrx_word' id='word_1_257' title='bbox 371 3342 426 3386; x_wconf 90' lang='lat' dir='ltr'><strong>V.</strong></span> <span class='ocrx_word' id='word_1_258' title='bbox 453 3342 661 3385; x_wconf 80' lang='lat' dir='ltr'><strong>Beroald.</strong></span> <span class='ocrx_word' id='word_1_259' title='bbox 690 3344 787 3387; x_wconf 68' lang='lat' dir='ltr'><strong>Aue.</strong></span> <span class='ocrx_word' id='word_1_260' title='bbox 822 3344 975 3387; x_wconf 72' lang='lat' dir='ltr'><strong>sei-unt</strong></span> <span class='ocrx_word' id='word_1_261' title='bbox 1003 3345 1100 3387; x_wconf 82' lang='lat' dir='ltr'><strong>ali-</strong></span> 
     </span>
     <span class='ocr_line' id='line_1_47' title="bbox 214 3400 1100 3445; baseline 0.001 -2"><span class='ocrx_word' id='word_1_262' title='bbox 214 3402 418 3443; x_wconf 75' lang='lat' dir='ltr'><strong>ciendos.</strong></span> <span class='ocrx_word' id='word_1_263' title='bbox 454 3413 505 3432; x_wconf 78' lang='grc'><strong>-’--</strong></span> <span class='ocrx_word' id='word_1_264' title='bbox 566 3400 673 3443; x_wconf 76' lang='lat' dir='ltr'><strong>Mox</strong></span> <span class='ocrx_word' id='word_1_265' title='bbox 707 3401 805 3443; x_wconf 82' lang='lat' dir='ltr'><strong>MS.</strong></span> <span class='ocrx_word' id='word_1_266' title='bbox 834 3402 960 3445; x_wconf 74' lang='lat' dir='ltr'><strong>Flor.</strong></span> <span class='ocrx_word' id='word_1_267' title='bbox 993 3409 1100 3445; x_wconf 83' lang='lat' dir='ltr'><strong>teste</strong></span> 
     </span>
     <span class='ocr_line' id='line_1_48' title="bbox 214 3456 869 3512; baseline 0.003 -13"><span class='ocrx_word' id='word_1_268' title='bbox 214 3456 418 3502; x_wconf 74' lang='lat' dir='ltr'><strong>victorio</strong></span> <span class='ocrx_word' id='word_1_269' title='bbox 443 3459 627 3512; x_wconf 74' lang='lat' dir='ltr'><strong>volgus,</strong></span> <span class='ocrx_word' id='word_1_270' title='bbox 651 3456 718 3499; x_wconf 68' lang='lat' dir='ltr'><strong>&#39;uti</strong></span> <span class='ocrx_word' id='word_1_271' title='bbox 743 3459 869 3501; x_wconf 76' lang='lat' dir='ltr'><strong>solet.</strong></span> 
     </span>
    </p>
   </div>
   <div class='ocr_carea' id='block_1_11' title="bbox 244 3514 1102 3582">
    <p class='ocr_par' dir='ltr' id='par_1_14' title="bbox 244 3514 1102 3582">
     <span class='ocr_line' id='line_1_49' title="bbox 244 3514 1102 3582; baseline -0.002 -23"><span class='ocrx_word' id='word_1_272' title='bbox 244 3516 461 3582; x_wconf 58' lang='lat' dir='ltr'><strong>comum.</strong></span> <span class='ocrx_word' id='word_1_273' title='bbox 524 3514 599 3560; x_wconf 77' lang='lat' dir='ltr'><strong>Sic</strong></span> <span class='ocrx_word' id='word_1_274' title='bbox 612 3514 711 3558; x_wconf 79' lang='lat' dir='ltr'><strong>MS.</strong></span> <span class='ocrx_word' id='word_1_275' title='bbox 728 3514 834 3573; x_wconf 75' lang='lat' dir='ltr'><strong>Reg.</strong></span> <span class='ocrx_word' id='word_1_276' title='bbox 863 3516 963 3558; x_wconf 72' lang='lat' dir='ltr'><strong>edd.</strong></span> <span class='ocrx_word' id='word_1_277' title='bbox 987 3515 1102 3575; x_wconf 82' lang='lat' dir='ltr'><strong>Spir.</strong></span> 
     </span>
    </p>
   </div>
   <div class='ocr_carea' id='block_1_12' title="bbox 1152 1923 2043 2085">
    <p class='ocr_par' dir='ltr' id='par_1_15' title="bbox 1152 1923 2043 2085">
     <span class='ocr_line' id='line_1_50' title="bbox 1152 1923 2043 1982; baseline -0.006 -14"><span class='ocrx_word' id='word_1_278' title='bbox 1152 1925 1294 1969; x_wconf 89' lang='lat' dir='ltr'><strong>Rhen.</strong></span> <span class='ocrx_word' id='word_1_279' title='bbox 1317 1941 1418 1982; x_wconf 86' lang='lat' dir='ltr'><strong>sqq.</strong></span> <span class='ocrx_word' id='word_1_280' title='bbox 1445 1924 1499 1967; x_wconf 84' lang='lat' dir='ltr'><strong>ad</strong></span> <span class='ocrx_word' id='word_1_281' title='bbox 1524 1923 1798 1970; x_wconf 80' lang='lat' dir='ltr'><strong>Ernestium.</strong></span> <span class='ocrx_word' id='word_1_282' title='bbox 1819 1950 1877 1959; x_wconf 89' lang='lat'>-</span> <span class='ocrx_word' id='word_1_283' title='bbox 1929 1935 2043 1964; x_wconf 76' lang='lat' dir='ltr'><strong>oon-</strong></span> 
     </span>
     <span class='ocr_line' id='line_1_51' title="bbox 1152 1977 2043 2085; baseline -0.003 -61"><span class='ocrx_word' id='word_1_284' title='bbox 1152 1984 1272 2085; x_wconf 58' lang='lat' dir='ltr'><strong>{aigi</strong></span> <span class='ocrx_word' id='word_1_285' title='bbox 1295 1984 1394 2028; x_wconf 81' lang='lat' dir='ltr'><strong>MS.</strong></span> <span class='ocrx_word' id='word_1_286' title='bbox 1415 1981 1531 2024; x_wconf 85' lang='lat' dir='ltr'><strong>Bud.</strong></span> <span class='ocrx_word' id='word_1_287' title='bbox 1601 1980 1663 2025; x_wconf 84' lang='lat' dir='ltr'><strong>cf.</strong></span> <span class='ocrx_word' id='word_1_288' title='bbox 1688 1989 1783 2024; x_wconf 82' lang='lat' dir='ltr'><strong>not.</strong></span> <span class='ocrx_word' id='word_1_289' title='bbox 1809 1979 1865 2023; x_wconf 81' lang='lat' dir='ltr'><strong>ad</strong></span> <span class='ocrx_word' id='word_1_290' title='bbox 1884 1977 2043 2022; x_wconf 84' lang='lat' dir='ltr'><strong>Germ.</strong></span> 
     </span>
    </p>
   </div>
   <div class='ocr_carea' id='block_1_13' title="bbox 1155 2107 2045 2211">
    <p class='ocr_par' dir='ltr' id='par_1_16' title="bbox 1155 2107 2045 2211">
     <span class='ocr_line' id='line_1_52' title="bbox 1213 2107 2045 2153; baseline -0.006 0"><span class='ocrx_word' id='word_1_291' title='bbox 1213 2113 1471 2153; x_wconf 75' lang='lat' dir='ltr'><strong>concitores</strong></span> <span class='ocrx_word' id='word_1_292' title='bbox 1501 2111 1622 2152; x_wconf 81' lang='lat' dir='ltr'><strong>belli.</strong></span> <span class='ocrx_word' id='word_1_293' title='bbox 1684 2107 1784 2152; x_wconf 88' lang='lat' dir='ltr'><strong>MS.</strong></span> <span class='ocrx_word' id='word_1_294' title='bbox 1816 2108 1896 2150; x_wconf 81' lang='lat' dir='ltr'><strong>les.</strong></span> <span class='ocrx_word' id='word_1_295' title='bbox 1931 2122 2045 2149; x_wconf 82' lang='lat' dir='ltr'><strong>con-</strong></span> 
     </span>
     <span class='ocr_line' id='line_1_53' title="bbox 1155 2165 2043 2211; baseline 0 -1"><span class='ocrx_word' id='word_1_296' title='bbox 1155 2168 1391 2211; x_wconf 81' lang='lat' dir='ltr'><strong>citatores.</strong></span> <span class='ocrx_word' id='word_1_297' title='bbox 1481 2169 1568 2210; x_wconf 84' lang='lat' dir='ltr'><strong>Sed</strong></span> <span class='ocrx_word' id='word_1_298' title='bbox 1606 2166 1665 2210; x_wconf 82' lang='lat' dir='ltr'><strong>cf.</strong></span> <span class='ocrx_word' id='word_1_299' title='bbox 1702 2175 1796 2209; x_wconf 76' lang='lat' dir='ltr'><strong>not.</strong></span> <span class='ocrx_word' id='word_1_300' title='bbox 1834 2165 1889 2208; x_wconf 90' lang='lat' dir='ltr'><strong>ad</strong></span> <span class='ocrx_word' id='word_1_301' title='bbox 1930 2165 2043 2210; x_wconf 69' lang='lat' dir='ltr'><strong>Hist.</strong></span> 
     </span>
    </p>
   </div>
   <div class='ocr_carea' id='block_1_14' title="bbox 1157 2225 1271 2268">
    <p class='ocr_par' dir='ltr' id='par_1_17' title="bbox 1157 2225 1271 2268">
     <span class='ocr_line' id='line_1_54' title="bbox 1157 2225 1271 2268; baseline -0.009 -1"><span class='ocrx_word' id='word_1_302' title='bbox 1157 2225 1197 2268; x_wconf 76' lang='lat'><strong>3.</strong></span> <span class='ocrx_word' id='word_1_303' title='bbox 1228 2226 1271 2267; x_wconf 75' lang='lat'><strong>2.</strong></span> 
     </span>
    </p>
   </div>
   <div class='ocr_carea' id='block_1_15' title="bbox 1158 2293 2047 2396">
    <p class='ocr_par' dir='ltr' id='par_1_18' title="bbox 1158 2293 2047 2396">
     <span class='ocr_line' id='line_1_55' title="bbox 1215 2293 2047 2352; baseline -0.001 -15"><span class='ocrx_word' id='word_1_304' title='bbox 1215 2296 1550 2348; x_wconf 82' lang='lat' dir='ltr'><strong>opprimerent.</strong></span> <span class='ocrx_word' id='word_1_305' title='bbox 1622 2293 1705 2337; x_wconf 86' lang='lat' dir='ltr'><strong>Ed.</strong></span> <span class='ocrx_word' id='word_1_306' title='bbox 1738 2293 1857 2352; x_wconf 86' lang='lat' dir='ltr'><strong>Spir.</strong></span> <span class='ocrx_word' id='word_1_307' title='bbox 1887 2295 2047 2349; x_wconf 84' lang='lat' dir='ltr'><strong>oppri-</strong></span> 
     </span>
     <span class='ocr_line' id='line_1_56' title="bbox 1158 2360 1328 2396; baseline -0.006 0"><span class='ocrx_word' id='word_1_308' title='bbox 1158 2360 1328 2396; x_wconf 80' lang='lat' dir='ltr'><strong>meret.</strong></span> 
     </span>
    </p>
   </div>
   <div class='ocr_carea' id='block_1_16' title="bbox 1161 2420 2050 2582">
    <p class='ocr_par' dir='ltr' id='par_1_19' title="bbox 1161 2420 2050 2582">
     <span class='ocr_line' id='line_1_57' title="bbox 1214 2420 2049 2484; baseline 0 -19"><span class='ocrx_word' id='word_1_309' title='bbox 1214 2424 1459 2484; x_wconf 69' lang='lat' dir='ltr'><strong>infidisque</strong></span> <span class='ocrx_word' id='word_1_310' title='bbox 1483 2422 1752 2476; x_wconf 72' lang='lat' dir='ltr'><strong>legionibus.</strong></span> <span class='ocrx_word' id='word_1_311' title='bbox 1814 2422 1912 2466; x_wconf 88' lang='lat' dir='ltr'><strong>MS.</strong></span> <span class='ocrx_word' id='word_1_312' title='bbox 1935 2420 2049 2484; x_wconf 80' lang='lat' dir='ltr'><strong>Reg.</strong></span> 
     </span>
     <span class='ocr_line' id='line_1_58' title="bbox 1161 2479 2050 2536; baseline -0.001 -12"><span class='ocrx_word' id='word_1_313' title='bbox 1161 2489 1203 2524; x_wconf 86' lang='lat' dir='ltr'><strong>et</strong></span> <span class='ocrx_word' id='word_1_314' title='bbox 1239 2481 1308 2523; x_wconf 89' lang='lat' dir='ltr'><strong>ed.</strong></span> <span class='ocrx_word' id='word_1_315' title='bbox 1345 2482 1374 2523; x_wconf 75' lang='lat' dir='ltr'><strong>S</strong></span> <span class='ocrx_word' id='word_1_316' title='bbox 1412 2480 1462 2522; x_wconf 84' lang='lat' dir='ltr'><strong>ir.</strong></span> <span class='ocrx_word' id='word_1_317' title='bbox 1495 2482 1754 2536; x_wconf 80' lang='lat' dir='ltr'><strong>inuidisque</strong></span> <span class='ocrx_word' id='word_1_318' title='bbox 1783 2479 2050 2534; x_wconf 73' lang='lat' dir='ltr'><strong>legionibus.</strong></span> 
     </span>
     <span class='ocr_line' id='line_1_59' title="bbox 1162 2535 1964 2582; baseline -0.001 -1"><span class='ocrx_word' id='word_1_319' title='bbox 1162 2535 1213 2581; x_wconf 89' lang='lat' dir='ltr'><strong>ln</strong></span> <span class='ocrx_word' id='word_1_320' title='bbox 1238 2535 1338 2580; x_wconf 89' lang='lat' dir='ltr'><strong>MS.</strong></span> <span class='ocrx_word' id='word_1_321' title='bbox 1408 2536 1483 2582; x_wconf 86' lang='lat' dir='ltr'><strong>ud.</strong></span> <span class='ocrx_word' id='word_1_322' title='bbox 1507 2537 1616 2580; x_wconf 83' lang='lat' dir='ltr'><strong>baec</strong></span> <span class='ocrx_word' id='word_1_323' title='bbox 1637 2537 1964 2580; x_wconf 76' lang='lat' dir='ltr'><strong>desiderantur.</strong></span> 
     </span>
    </p>
   </div>
   <div class='ocr_carea' id='block_1_17' title="bbox 1163 2606 2053 2722">
    <p class='ocr_par' dir='ltr' id='par_1_20' title="bbox 1163 2606 2053 2722">
     <span class='ocr_line' id='line_1_60' title="bbox 1221 2606 2053 2666; baseline 0 -15"><span class='ocrx_word' id='word_1_324' title='bbox 1221 2609 1470 2662; x_wconf 82' lang='lat' dir='ltr'><strong>optimum.</strong></span> <span class='ocrx_word' id='word_1_325' title='bbox 1529 2607 1631 2650; x_wconf 84' lang='lat' dir='ltr'><strong>MS.</strong></span> <span class='ocrx_word' id='word_1_326' title='bbox 1650 2607 1761 2666; x_wconf 82' lang='lat' dir='ltr'><strong>Agr.</strong></span> <span class='ocrx_word' id='word_1_327' title='bbox 1785 2616 1828 2650; x_wconf 76' lang='lat' dir='ltr'><strong>et</strong></span> <span class='ocrx_word' id='word_1_328' title='bbox 1848 2606 1918 2651; x_wconf 62' lang='lat' dir='ltr'><strong>eds</strong></span> <span class='ocrx_word' id='word_1_329' title='bbox 1935 2606 2053 2664; x_wconf 83' lang='lat' dir='ltr'><strong>Spir.</strong></span> 
     </span>
     <span class='ocr_line' id='line_1_61' title="bbox 1163 2663 2053 2722; baseline -0.003 -13"><span class='ocrx_word' id='word_1_330' title='bbox 1163 2674 1465 2720; x_wconf 77' lang='lat' dir='ltr'><strong>oportunum.</strong></span> <span class='ocrx_word' id='word_1_331' title='bbox 1489 2693 1546 2700; x_wconf 90' lang='lat'><em>-</em></span> <span class='ocrx_word' id='word_1_332' title='bbox 1591 2663 1700 2706; x_wconf 84' lang='lat' dir='ltr'><strong>Mox</strong></span> <span class='ocrx_word' id='word_1_333' title='bbox 1721 2665 1790 2707; x_wconf 88' lang='lat' dir='ltr'><strong>ed.</strong></span> <span class='ocrx_word' id='word_1_334' title='bbox 1816 2663 1933 2722; x_wconf 80' lang='lat' dir='ltr'><strong>Spir.</strong></span> <span class='ocrx_word' id='word_1_335' title='bbox 1959 2665 2053 2707; x_wconf 78' lang='lat' dir='ltr'><strong>his-</strong></span> 
     </span>
    </p>
   </div>
   <div class='ocr_carea' id='block_1_18' title="bbox 1164 2721 2138 2780">
    <p class='ocr_par' dir='ltr' id='par_1_21' title="bbox 1164 2721 2138 2780">
     <span class='ocr_line' id='line_1_62' title="bbox 1164 2721 2138 2780; baseline -0.003 -13"><span class='ocrx_word' id='word_1_336' title='bbox 1164 2729 1270 2767; x_wconf 81' lang='lat' dir='ltr'><strong>dem</strong></span> <span class='ocrx_word' id='word_1_337' title='bbox 1297 2739 1379 2780; x_wconf 86' lang='lat' dir='ltr'><strong>pro</strong></span> <span class='ocrx_word' id='word_1_338' title='bbox 1406 2723 1586 2765; x_wconf 80' lang='lat' dir='ltr'><strong>iisdem.</strong></span> <span class='ocrx_word' id='word_1_339' title='bbox 1645 2721 1726 2765; x_wconf 84' lang='lat' dir='ltr'><strong>Ed.</strong></span> <span class='ocrx_word' id='word_1_340' title='bbox 1751 2721 1854 2766; x_wconf 75' lang='lat' dir='ltr'><strong>Put.</strong></span> <span class='ocrx_word' id='word_1_341' title='bbox 1887 2722 1944 2767; x_wconf 90' lang='lat' dir='ltr'><strong>V.</strong></span> <span class='ocrx_word' id='word_1_342' title='bbox 1967 2723 2052 2765; x_wconf 83' lang='lat' dir='ltr'><strong>iss·</strong></span> <span class='ocrx_word' id='word_1_343' title='bbox 2135 2739 2138 2742; x_wconf 54' lang='lat'><strong>⁴</strong></span> 
     </span>
    </p>
   </div>
   <div class='ocr_carea' id='block_1_19' title="bbox 1165 2786 2055 2952">
    <p class='ocr_par' dir='ltr' id='par_1_22' title="bbox 1165 2786 2055 2952">
     <span class='ocr_line' id='line_1_63' title="bbox 1165 2786 2054 2881; baseline -0.001 -1"><span class='ocrx_word' id='word_1_344' title='bbox 1165 2786 1607 2881; x_wconf 62' lang='lat' dir='ltr'><strong>degissimulatione.</strong></span> <span class='ocrx_word' id='word_1_345' title='bbox 1669 2836 1770 2879; x_wconf 88' lang='lat' dir='ltr'><strong>MS.</strong></span> <span class='ocrx_word' id='word_1_346' title='bbox 1794 2835 1924 2880; x_wconf 82' lang='lat' dir='ltr'><strong>Bodl.</strong></span> <span class='ocrx_word' id='word_1_347' title='bbox 1953 2837 2054 2879; x_wconf 78' lang='lat' dir='ltr'><strong>dis-</strong></span> 
     </span>
     <span class='ocr_line' id='line_1_64' title="bbox 1165 2894 2055 2952; baseline -0.003 -12"><span class='ocrx_word' id='word_1_348' title='bbox 1165 2899 1348 2946; x_wconf 73' lang='lat' dir='ltr'><strong>cordia,</strong></span> <span class='ocrx_word' id='word_1_349' title='bbox 1379 2896 1426 2938; x_wconf 88' lang='lat' dir='ltr'><strong>in</strong></span> <span class='ocrx_word' id='word_1_350' title='bbox 1453 2895 1650 2952; x_wconf 83' lang='lat' dir='ltr'><strong>margine</strong></span> <span class='ocrx_word' id='word_1_351' title='bbox 1674 2894 2055 2944; x_wconf 76' lang='lat' dir='ltr'><strong>dissimulatione.</strong></span> 
     </span>
    </p>
   </div>
   <div class='ocr_carea' id='block_1_20' title="bbox 1166 2962 2073 3493">
    <p class='ocr_par' dir='ltr' id='par_1_23' title="bbox 1166 2962 2060 3412">
     <span class='ocr_line' id='line_1_65' title="bbox 1166 2962 2056 3078; baseline -0.004 -10"><span class='ocrx_word' id='word_1_352' title='bbox 1166 2969 1461 3068; x_wconf 54' lang='lat' dir='ltr'><strong>Mg&#39;sf‘bi‘fssr.</strong></span> <span class='ocrx_word' id='word_1_353' title='bbox 1480 3027 1483 3036; x_wconf 86' lang='lat'><em>·</em></span> <span class='ocrx_word' id='word_1_354' title='bbox 1505 2963 1632 3076; x_wconf 54' lang='lat'><strong>(222².</strong></span> <span class='ocrx_word' id='word_1_355' title='bbox 1666 2962 2056 3078; x_wconf 60' lang='lat' dir='ltr'><strong>ss2?³¹3¹.32‚¹1¹2¹2.;¹33</strong></span> 
     </span>
     <span class='ocr_line' id='line_1_66' title="bbox 1168 3077 2058 3140; baseline -0.003 -16"><span class='ocrx_word' id='word_1_356' title='bbox 1168 3082 1277 3140; x_wconf 83' lang='lat' dir='ltr'><strong>Reg.</strong></span> <span class='ocrx_word' id='word_1_357' title='bbox 1311 3081 1428 3123; x_wconf 87' lang='lat' dir='ltr'><strong>Bud.</strong></span> <span class='ocrx_word' id='word_1_358' title='bbox 1475 3078 1544 3121; x_wconf 91' lang='lat' dir='ltr'><strong>ed.</strong></span> <span class='ocrx_word' id='word_1_359' title='bbox 1581 3077 1701 3136; x_wconf 85' lang='lat' dir='ltr'><strong>Spir.</strong></span> <span class='ocrx_word' id='word_1_360' title='bbox 1749 3094 1844 3122; x_wconf 86' lang='lat' dir='ltr'><strong>non</strong></span> <span class='ocrx_word' id='word_1_361' title='bbox 1895 3078 1935 3122; x_wconf 85' lang='lat' dir='ltr'><strong>le</strong></span> <span class='ocrx_word' id='word_1_362' title='bbox 1965 3079 2058 3122; x_wconf 78' lang='lat' dir='ltr'><strong>itur</strong></span> 
     </span>
     <span class='ocr_line' id='line_1_67' title="bbox 1168 3134 2060 3239; baseline -0.002 0"><span class='ocrx_word' id='word_1_363' title='bbox 1168 3134 1949 3239; x_wconf 59' lang='lat' dir='ltr'><strong>51&#39;33⁸ffi3s{³‹‘}·.3{⁰¹ff;21‘3·3035?</strong></span> <span class='ocrx_word' id='word_1_364' title='bbox 1975 3143 2060 3237; x_wconf 61' lang='grc' dir='ltr'><strong>ιῗζῗ</strong></span> 
     </span>
     <span class='ocr_line' id='line_1_68' title="bbox 1170 3248 2058 3309; baseline -0.001 -14"><span class='ocrx_word' id='word_1_365' title='bbox 1170 3254 1281 3309; x_wconf 80' lang='lat' dir='ltr'><strong>Agr.</strong></span> <span class='ocrx_word' id='word_1_366' title='bbox 1323 3251 1424 3295; x_wconf 89' lang='lat' dir='ltr'><strong>edd.</strong></span> <span class='ocrx_word' id='word_1_367' title='bbox 1466 3250 1642 3296; x_wconf 75' lang='lat' dir='ltr'><strong>Puteol.</strong></span> <span class='ocrx_word' id='word_1_368' title='bbox 1686 3248 1895 3293; x_wconf 86' lang='lat' dir='ltr'><strong>Beroald.</strong></span> <span class='ocrx_word' id='word_1_369' title='bbox 1937 3250 2058 3304; x_wconf 84' lang='lat' dir='ltr'><strong>(cum</strong></span> 
     </span>
     <span class='ocr_line' id='line_1_69' title="bbox 1171 3305 2060 3366; baseline -0.004 -13"><span class='ocrx_word' id='word_1_370' title='bbox 1171 3311 1239 3354; x_wconf 85' lang='lat' dir='ltr'><strong>sil.</strong></span> <span class='ocrx_word' id='word_1_371' title='bbox 1264 3308 1401 3363; x_wconf 69' lang='lat' dir='ltr'><strong>Vici.)</strong></span> <span class='ocrx_word' id='word_1_372' title='bbox 1429 3316 1526 3366; x_wconf 79' lang='lat' dir='ltr'><strong>sqq.</strong></span> <span class='ocrx_word' id='word_1_373' title='bbox 1544 3340 1555 3358; x_wconf 89' lang='lat'><em>,</em></span> <span class='ocrx_word' id='word_1_374' title='bbox 1585 3316 1627 3351; x_wconf 78' lang='lat' dir='ltr'><strong>et</strong></span> <span class='ocrx_word' id='word_1_375' title='bbox 1653 3307 1796 3366; x_wconf 75' lang='lat' dir='ltr'><strong>aptius</strong></span> <span class='ocrx_word' id='word_1_376' title='bbox 1823 3305 1938 3363; x_wconf 68' lang='lat' dir='ltr'><strong>haud</strong></span> <span class='ocrx_word' id='word_1_377' title='bbox 1973 3305 2060 3349; x_wconf 85' lang='lat' dir='ltr'><strong>du-</strong></span> 
     </span>
     <span class='ocr_line' id='line_1_70' title="bbox 1174 3364 1612 3412; baseline -0.016 0"><span class='ocrx_word' id='word_1_378' title='bbox 1174 3368 1245 3412; x_wconf 80' lang='lat' dir='ltr'><strong>bie</strong></span> <span class='ocrx_word' id='word_1_379' title='bbox 1271 3368 1453 3409; x_wconf 80' lang='lat' dir='ltr'><strong>artibus</strong></span> <span class='ocrx_word' id='word_1_380' title='bbox 1474 3364 1612 3408; x_wconf 81' lang='lat' dir='ltr'><strong>adest.</strong></span> 
     </span>
    </p>

    <p class='ocr_par' dir='ltr' id='par_1_24' title="bbox 1230 3432 2073 3493">
     <span class='ocr_line' id='line_1_71' title="bbox 1230 3432 2073 3493; baseline -0.002 -14"><span class='ocrx_word' id='word_1_381' title='bbox 1230 3439 1455 3491; x_wconf 76' lang='lat' dir='ltr'><strong>grassari.</strong></span> <span class='ocrx_word' id='word_1_382' title='bbox 1513 3435 1595 3478; x_wconf 82' lang='lat' dir='ltr'><strong>Ed.</strong></span> <span class='ocrx_word' id='word_1_383' title='bbox 1623 3433 1740 3493; x_wconf 82' lang='lat' dir='ltr'><strong>Spir.</strong></span> <span class='ocrx_word' id='word_1_384' title='bbox 1761 3432 1985 3482; x_wconf 65' lang='lat' dir='ltr'><strong>crassari.</strong></span> <span class='ocrx_word' id='word_1_385' title='bbox 2071 3465 2073 3472; x_wconf 38' lang='grc' dir='ltr'><em>ι</em></span> 
     </span>
    </p>
   </div>
   <div class='ocr_carea' id='block_1_21' title="bbox 1236 3510 1829 3558">
    <p class='ocr_par' dir='ltr' id='par_1_25' title="bbox 1236 3510 1829 3558">
     <span class='ocr_line' id='line_1_72' title="bbox 1236 3510 1829 3558; baseline -0.005 -2"><span class='ocrx_word' id='word_1_386' title='bbox 1236 3514 1358 3558; x_wconf 79' lang='lat' dir='ltr'><strong>illuc.</strong></span> <span class='ocrx_word' id='word_1_387' title='bbox 1418 3511 1520 3556; x_wconf 88' lang='lat' dir='ltr'><strong>MS.</strong></span> <span class='ocrx_word' id='word_1_388' title='bbox 1545 3510 1696 3555; x_wconf 83' lang='lat' dir='ltr'><strong>Guels.</strong></span> <span class='ocrx_word' id='word_1_389' title='bbox 1722 3510 1829 3553; x_wconf 63' lang='lat' dir='ltr'><strong>aaz.</strong></span> 
     </span>
    </p>
   </div>
  </div>
 </body>
</html>
