2138 4030
199 257 334 363 {fio
469 282 1182 346 HlsronlARnM
1229 283 1669 360 maures.
1754 279 2010 370 tae&-

214 416 549 473 constantia¹
579 414 1156 473 morum.·continere
1191 426 1388 490 putat,
1434 418 1648 478 merui—t
1682 415 1870 496 magis
1893 442 2072 502 quam

213 496 442 560 habuit.
541 498 658 560 Rei
704 500 974 576 publicae
1022 493 1184 557 haud
1229 501 1409 558 dubie
1451 503 1731 563 intererat
1764 503 2075 567 Vitellium

163 594 167 597 ’
213 584 397 641 vinci:
438 585 539 642 sed
562 586 851 661 imputare
876 583 1184 659 perfidiam
1209 605 1332 642 non
1356 599 1620 662 possunt,
1648 591 1753 667 qui
1767 589 2074 652 Vitellium

218 667 580 745 Vespasiano
608 670 922 747 prodidere
938 714 955 738 ‚
1000 688 1135 725 cum
1160 689 1194 726 a
1218 668 1412 729 Galba
1437 673 1859 737 descivissent.
1894 676 2075 736 Prae·-

215 754 382 829 cipiti
418 756 483 811 in
523 774 791 812 occasum
828 753 1037 810 die->oh
1065 773 1344 828 pavorem
1367 758 1814 832 magistratuum
1841 775 2075 822 senato·

216 859 494 916 rumque,
538 841 642 916 qui
681 838 896 914 dilapsi
935 858 1004 894 ex
1039 839 1188 895 urbe
1228 851 1329 898 aut
1365 862 1472 918 per
1513 844 1722 902 domos
1764 846 2072 906 clientium
2093 848 2108 855 ’

217 937 397 982 semet
433 920 838 993 occultabant,
895 923 1096 979 vocari
1135 935 1368 997 senatus
1405 931 1530 984 non
1570 928 1779 1004 potuit.
1861 929 2074 990 Domi-

211 1009 474 1080 danum,
523 1000 833 1086 postquam
869 1003 1026 1063 nihil
1059 1003 1275 1066 hostile
1318 1013 1721 1086 metuebatur,
1773 1015 1850 1073 ad
1893 1018 2072 1077 duces

211 1096 470 1169 partium
493 1113 865 1170 progressum
900 1103 957 1150 et
972 1090 1280 1150 Caesarem
1307 1097 1735 1156 consalutatum
1761 1100 1933 1158 miles
1953 1105 2073 1161 fre-

203 1199 399 1255 quens
425 1191 608 1256 utque
633 1191 755 1237 erat
781 1179 845 1233 in
872 1177 1049 1234 armis
1076 1179 1141 1234 in
1164 1191 1442 1255 paternos
1467 1194 1708 1259 penates
1729 1185 1991 1246 deduxit.

269 1386 513 1452 continere
558 1416 714 1466 putat.
801 1408 878 1453 Sic
931 1414 1104 1454 veteres
1235 1412 1368 1457 vinei.
1434 1413 1537 1458 MS.
1566 1413 1692 1459 Flor.
1726 1421 1839 1460 teste
1859 1414 2067 1464 victorio

210 1464 316 1508 libri
352 1481 524 1510 omnes.
583 1465 789 1510 Acidalio
820 1472 1005 1509 auctore
1031 1464 1105 1509 Bi·
1179 1469 1363 1522 uicinis,
1427 1471 1549 1528 quod
1587 1471 1747 1518 vitium
1778 1483 1886 1533 puta
1920 1483 2075 1520 ortum

209 1531 340 1580 pont.
371 1522 582 1567 Oberlin.
605 1539 703 1582 sqq.
734 1523 972 1567 ediderunt
990 1537 1106 1565 eon-
1177 1542 1227 1569 ex
1269 1535 1454 1572 attracta
1489 1529 1633 1587 prima
1663 1529 1810 1575 littera
1844 1533 2074 1592 sequentis

119 1609 137 1613 ⁴-
212 1581 361 1622 tineri
380 1589 545 1635 putat,
576 1582 703 1625 cuius
725 1579 983 1624 mutationis
1006 1580 1105 1624 nul·
1178 1585 1401 1629 vocabuli.

210 1637 304 1680 lam
323 1639 457 1685 video
484 1639 810 1683 necessitatem.
858 1637 962 1680 Non
984 1637 1106 1680 enim

212 1694 268 1737 de
306 1696 443 1739 ‘animi
486 1696 708 1740 sententia
746 1694 919 1739 Vitellii
954 1708 1106 1739 sermo

213 1760 302 1803 est,
354 1755 480 1820 quasi
514 1769 778 1813 persuasum
825 1751 908 1810 ipsi
949 1751 1107 1819 fuisset

209 1810 428 1854 amicitias
470 1812 634 1855 debere
667 1809 891 1853 contineri
928 1825 1123 1866 magn1-.‚

208 1866 364 1910 tudine
397 1884 671 1920 munerum,
720 1883 817 1910 non
859 1866 1108 1921 constantia
1656 1912 1659 1913 γ

212 1940 421 1970 morum:
461 1927 537 1970 sed
573 1926 619 1969 id
653 1926 841 1974 dicitur,
872 1923 1111 1968 Vitellium
1236 1925 1499 1979 praecipiti.
1561 1925 1639 1972 Sic
1662 1927 1936 1976 MSS.F101·.
1955 1931 2075 1988 (test.

210 1981 271 2025 ita
296 1983 436 2041 egisse
457 1985 504 2026 in
527 1983 756 2035 amicitiis,
787 1991 837 2025 ut
865 1988 1041 2040 putaret
1064 1996 1111 2024 se
1182 1980 1332 2037 Pich.)
1368 1981 1517 2030 Vatic.
1570 1987 1692 2042 (test.
1734 1986 1880 2047 Lips.)
1921 1986 2074 2035 Guelf.

213 2054 284 2082 eas
307 2040 410 2083 satis
428 2040 662 2084 continere
682 2039 992 2099 magnitudine
1012 2055 1110 2082 mu·
1181 2038 1306 2083 Harl.
1331 2039 1462 2084 Bodl.
1489 2042 1573 2086 les.
1610 2043 1714 2087 edd.
1738 2044 1844 2090 Put.
1868 2046 1937 2090 M.
1955 2055 2001 2090 et
2016 2046 2076 2092 V.

217 2112 395 2141 nerum.
1182 2095 1394 2140 Beroald.
1429 2099 1554 2152 (cum
1587 2099 1658 2145 sil.
1687 2099 1824 2159 vict.)
1856 2103 1959 2148 Alc.
1984 2103 2075 2148 Mi·

270 2156 445 2197 τηεν-υἰέ
470 2156 626 2211 magis
647 2170 793 2211 quam
813 2154 992 2198 habuit.
1049 2151 1107 2196 H.
1184 2153 1292 2211 cyll.
1319 2154 1485 2211 (1557.)
1519 2156 1641 2215 Lips.
1671 2158 1854 2204 Pichen.
1886 2176 1987 2219 sqq.
2017 2185 2077 2198 -

210 2225 250 2255 e.
282 2226 334 2254 er
366 2217 508 2255 stand
546 2215 676 2256 mehr
704 2215 770 2254 im
800 2211 996 2254 Dienste
1035 2212 1111 2253 als
1180 2212 1428 2268 praecipite
1449 2213 1585 2258 MSS.
1600 2214 1833 2275 Reg.Agr.
1847 2216 1986 2264 Corb.
2004 2222 2075 2264 ed.

214 2269 280 2310 im
298 2269 475 2326 Genesis·
496 2272 654 2314 seiner
677 2266 1108 2323 Freundschaften.
1181 2269 1212 2312 S
1247 2268 1298 2312 ir.
1330 2292 1386 2302 —
1437 2272 1779 2328 praecipitante
1813 2274 1918 2320 MS.
1955 2276 2074 2324 Bud.

213 2325 448 2371 Burnoufz
502 2330 539 2371 il
573 2343 630 2371 en
664 2329 832 2370 aeheta
856 2328 965 2381 plus
996 2324 1114 2380 qu'il
1182 2342 1205 2369 e
1239 2325 1284 2370 d.
1307 2325 1454 2371 Rhen.
1474 2326 1582 2374 Ald.

253 2383 264 2402 '
1647 2390 1650 2393 ,

215 2396 249 2424 ¹²
268 2393 611 2497 &giezi-‘buwe-
697 2441 820 2485 Haec
865 2438 1110 2482 Rhenanus
1239 2410 1492 2456 clientium.
1559 2411 1646 2456 Ed.
1678 2413 1800 2474 Spir.
1832 2416 1984 2461 clieta.
2017 2443 2076 2455 —

213 2506 399 2552 auctore
433 2500 536 2545 cod.
566 2499 682 2543 Bud.
715 2499 957 2543 deleverat.
1026 2495 1111 2538 Re·
1182 2464 1355 2510 Eadem
1375 2484 1480 2533 ¹¹¹⁰}
1504 2469 1575 2513 ’ῆι
1590 2476 1675 2531 Ρω
1698 2473 1829 2519 mml’
2045 2484 2053 2487 i

214 2556 357 2600 stituit
386 2557 561 2617 Lipsius
594 2574 617 2600 c
646 2556 748 2600 MS.
785 2554 956 2606 vatic„
1006 2567 1112 2596 cum
1239 2553 1613 2598 consalutatum.
1671 2553 1776 2602 MS.
1796 2545 1949 2604 Guelf.
1971 2575 2076 2605 eon·

217 2629 309 2671 quo
356 2616 491 2659 ceteri
537 2615 640 2660 libri
686 2622 858 2662 veteres
912 2625 1111 2656 consen·
1182 2610 1445 2709 ,Ξαιῖιαιιινης
1473 2611 1618 2667 sedin
1639 2612 1843 2673 margine
1863 2620 2075 2673 consalu·

223 2671 354 2718 fiunt,
1205 2682 1236 2710 α
1259 2680 1358 2711 um.

1236 1667 1486 1723 imputare.
1571 1670 1652 1717 sic
1692 1669 1882 1716 Phaedr.
1930 1675 1982 1726 1,
2000 1674 2073 1719 22.

1178 1725 1280 1767 noli
1321 1729 1554 1778 imputare
1594 1742 1771 1771 vanum
1812 1731 2076 1788 beneficium

1180 1782 1313 1827 mihi.
1365 1781 1460 1827 Ubi
1481 1784 1579 1832 vid.
1595 1785 1835 1832 Schwabe.
1885 1787 1946 1834 cf.
1962 1788 2073 1834 Sue-

1181 1846 1277 1884 ton.
1299 1839 1399 1884 Tib.
1433 1856 1476 1886 c.
1498 1842 1567 1888 53.
