2138 4030
183 200 402 282 ἓξῧὸῑ

517 224 520 226 -
594 202 772 264 LIB.
816 203 932 265 11..
979 201 1310 265 CAR-13.
1353 158 1448 267 14.
1826 211 1966 268 149Δ

265 333 437 396 XIII.
482 330 762 392 Inritatus
793 353 859 391 eo
877 334 1111 406 proelio
1140 329 1403 390 Othonis
1426 335 1596 392 miles
1617 340 1940 400 vertit2iras

95 423 166 497 in-
188 412 582 497 municipium
605 414 853 476 Albium
883 415 1276 478 Intemelium.
1361 419 1578 494 quippe
1610 421 1672 489 in
1700 425 1819 480 acie
1844 425 1940 480 ni-

96 503 187 565 hil
217 506 492 580 praedae:
549 503 754 577 inopes
789 516 1038 575 agrestes
1068 515 1122 560 et
1140 504 1292 559 .vilia
1317 524 1502 559 arma:
1549 524 1655 562 nec
1681 509 1808 582 capi
1831 529 1941 583 po-

96 603 291 649 terant
312 589 518 665 pernix
541 607 722 661 genus
747 599 802 644 et
826 588 995 659 gnari
1015 589 1299 647 locorum.
1388 591 1486 645 sed
1515 590 1940 650 calamitatibus

98 676 422 733 insontium
461 673 684 749 expleta
726 673 987 732 avaritia.
1087 673 1271 733 Auxit
1312 673 1599 731 invidiam
1642 678 1938 749 praeclaro

98 761 363 836 exemplo
386 759 607 818 femina
629 757 810 830 Ligus
827 803 842 825 ‚
886 779 1034 833 quae
1058 760 1180 814 filio
1207 758 1436 827 abdito,
1480 781 1610 816 cum
1638 761 1814 821 simul
1837 782 1941 835 pe-

96 837 333 903 cuniam
359 843 637 902 occultari
661 843 878 898 milites
903 844 1283 900 credidissent
1312 864 1496 920 eoque
1523 865 1628 918 per
1654 846 1941 902 cruciatus

96 931 555 1003 interrogarent,
609 927 712 984 ubi
751 927 938 984 filium
977 929 1303 985 occuleret?
1361 941 1595 985 uterum
1629 931 1940 988 ostendens

95 1016 274 1073 latere
311 1013 650 1089 respondit,
705 1032 812 1068 nec
846 1013 983 1069 ullis
1020 1015 1233 1070 deinde
1266 1015 1590 1071 terroribus
1620 1026 1720 1074 aut
1753 1027 1951 1071 morte-

95 1099 482 1163 constantiam
506 1099 666 1154 vocis
690 1098 951 1171 egregiae
976 1100 1245 1158 mutavit.

264 1205 429 1266 XIV.
489 1205 804 1262 Imminere
845 1206 1186 1280 provinciae
1230 1205 1602 1264 Narbonensi
1648 1208 1712 1263 in
1759 1209 1936 1264 verba

97 1293 323 1353 Vitellii
370 1294 605 1348 adactae
649 1291 888 1347 classem
920 1287 1183 1348 Othonis
1220 1290 1403 1349 Fabio
1441 1292 1679 1350 Valenti
1716 1293 1941 1367 vtrepidi

93 1379 293 1436 nuntii
346 1377 610 1434 attulere.
713 1376 957 1431 aderant
1007 1377 1182 1449 legati
1231 1379 1599 1434 coloniarum
1651 1379 1938 1441 auxilium

93 1476 342 1520 orantes,
431 1462 576 1517 duas
601 1459 984 1533 Tungrorum
1014 1459 1315 1531 cohortes,
1360 1475 1639 1540 quattuor
1675 1483 1703 1517 e
1748 1464 1939 1519 uit-um

93 1561 343 1616 turmaS,
386 1547 721 1604 universam
748 1545 1141 1603 Treverorum
1167 1549 1320 1604 alam
1345 1569 1477 1604 cum
1503 1547 1733 1605 Iuliorss
1757 1549 1937 1604 assico

92 1635 382 1710 praefecto
430 1631 615 1689 misit:
674 1650 704 1685 e
743 1632 959 1707 quibus
998 1653 1147 1708 pars.
1166 1634 1230 1689 in
1269 1634 1500 1690 colonia
1541 1632 1938 1690 Foroiuliensi

150 1869 263 1912 CAP.
304 1862 371 1907 13.
428 1864 616 1905 Albium
661 1861 978 1903 Intemelium.

91 1926 168 1971 Sic
199 1923 372 1979 Lipsius
411 1919 602 1966 correxit
634 1935 657 1962 e
687 1920 906 1962 Strabone
937 1919 980 1967 4,

91 2002 133 2041 p.
170 1980 270 2025 202.
327 1978 449 2022 Ptin.
481 1978 522 2029 3,
551 1978 592 2018 5.
635 2001 692 2011 -—
750 1975 832 2017 Ed.
859 1976 977 2032 Spir.

89 2037 454 2083 Albintimilum.
511 2033 625 2076 Edd.
657 2033 759 2074 Put.
790 2049 891 2090 sqq.
924 2033 976 2074 ad

88 2098 203 2157 Lips.
231 2091 616 2140 Albintimilium,
643 2090 705 2132 uti
731 2097 795 2132 cst
816 2091 862 2131 in
885 2090 977 2131 An-

89 2153 232 2199 tonini
252 2149 482 2195 itinerario
505 2145 798 2190 e‹1.Wessel.
825 2163 866 2205 p.
881 2147 978 2191 296.

1051 1866 1094 1916 (a
1108 1864 1252 1921 prima
1263 1866 1418 1920 manu)
1431 1860 1657 1908 Bodl.'1es.
1673 1862 1824 1906 Guels.
1841 1861 1939 1905 edd.

1051 1921 1153 1964 Put.
1179 1938 1279 1978 sqq.
1302 1922 1355 1964 ad
1370 1922 1719 1966 Pichenam.»‚--
1765 1927 1937 1975 tempo-

1051 1979 1182 2021 ribus
1207 1979 1305 2022 MS.
1329 1979 1446 2022 Bud.
1622 1995 1626 1997 ·

1108 2066 1434 2105 constantiam.
1505 2062 1605 2107 MS.
1636 2061 1788 2106 (iuelf.
1831 2077 1941 2104 con-

1052 2122 1234 2162 stantia
1260 2129 1301 2163 ct
1323 2137 1424 2163 mox
1447 2123 1636 2175 egregie.

91 2214 176 2256 lac.
211 2206 470 2253 Gronovius
504 2205 546 2246 in
584 2205 686 2246 MS.
713 2205 833 2247 Flor.
867 2204 979 2249 vidit

87 2267 475 2313 Albintimilitum.
505 2261 734 2307 Victorius
753 2261 861 2304 nihil
880 2279 979 2305 cor-

87 2327 204 2384 rigit.
264 2322 363 2366 MS.
379 2319 528 2365 Guels.
553 2319 954 2363 Albuncimilium.

143 2386 191 2426 in
227 2382 343 2424 acie.
409 2378 510 2422 MS.
544 2377 658 2419 Bud.
700 2379 749 2418 in
781 2394 835 2418 ea
867 2380 979 2428 acie,

88 2448 130 2483 et
164 2455 266 2482 mox
299 2451 381 2479 nec
406 2435 582 2490 pernix
609 2447 773 2487 genus.
833 2434 976 2477 Rhen.

89 2495 354 2541 coniiciebat
414 2491 524 2536 illud
580 2507 662 2533 nec
710 2493 976 2535 mutandum

12 2591 16 2597 ,
87 2571 181 2598 esse
205 2553 251 2595 in
275 2559 333 2598 et.

146 2611 306 2665 Ligus.
385 2605 460 2650 Sic
502 2623 525 2648 e
567 2605 668 2649 MS.
711 2605 827 2648 Bud.
873 2606 972 2648 edd.

89 2668 232 2711 Rhen.
253 2681 352 2724 sqq.
412 2664 563 2718 Lygus
583 2663 684 2705 MS.
708 2662 854 2705 Guels.
876 2664 979 2706 edd.

88 2727 189 2771 Put.
203 2725 271 2768 M.
290 2731 332 2765 et
346 2722 399 2761 V.
418 2721 520 2764 Ber.
544 2721 665 2772 (cum
684 2720 829 2763 silent.
846 2721 981 2777 Vici.)

91 2783 189 2826 Ale.
227 2810 285 2817 —-
342 2780 465 2834 ligur
496 2777 598 2821 MS.
624 2778 728 2832 Agr.
765 2779 833 2820 ed.
860 2778 977 2836 Spir.

90 2841 150 2883 cs.
189 2837 345 2896 Virgil.
389 2839 500 2879 Aen.
536 2839 601 2886 11,
632 2835 728 2878 715.
795 2835 971 2879 Sallust,

91 2894 504 3006 luihtss'rfffg'arem.
571 2949 671 2992 MS.
706 2948 856 2993 Guels.
902 2951 973 2990 in·-

91 3015 431 3063 terrogassent,
492 3014 534 3049 et
578 3021 680 3048 mox
720 3009 985 3050 occulerac:

90 3086 114 3113 a
134 3068 275 3126 prima
291 3081 431 3108 *manu
454 3065 538 3107 fuit
558 3066 831 3106 occuluerat.

148 3127 296 3165 latere
317 3123 567 3175 respondit.
629 3119 728 3161 MS.
744 3119 854 3175 Agr.
870 3128 978 3163 teste

90 3180 273 3225 Heinsio
314 3181 382 3221 hic
420 3182 583 3221 latere.
654 3178 740 3219 Sed
770 3178 878 3220 illud
910 3181 979 3220 laic

89 3238 247 3283 inutile
305 3242 369 3279 cst
425 3237 542 3277 iuxta
602 3236 733 3277 verba
791 3237 978 3277 uterum

91 3299 352 3340 ostendens.
519 3327 522 3330 Δ
777 3305 779 3309 ’

148 3354 414 3394 terroribus.
475 3350 552 3392 Sic
564 3349 698 3392 MSS.
712 3349 837 3390 Flor.
864 3350 975 3403 (test.

94 3411 212 3454 Vici.
234 3425 338 3452 cuin
362 3408 506 3459 Pich.)
530 3408 640 3464 ch.
664 3407 781 3448 llari.
815 3407 908 3461 (hic
930 3408 974 3447 in

97 3467 314 3523 margine)
342 3466 443 3509 edd.
467 3464 583 3521 Spir.
608 3463 733 3506 Pich.
761 3464 973 3520 Rernegg.

98 3539 195 3581 sqq.
247 3552 304 3560 —
375 3522 628 3565 tortoribus
673 3520 806 3564 MSS.
852 3509 974 3564 llari.

1073 2203 1225 2250 „CAQ
1262 2205 1330 2250 14.
1386 2207 1586 2247 adactae
1621 2208 1819 2248 classem
1854 2214 1937 2248 etc.

1050 2261 1133 2304 Ed.
1166 2261 1282 2318 Spir.
1320 2276 1425 2305 cum
1462 2263 1564 2305 MS.
1603 2262 1751 2305 Guelf.
1787 2265 1828 2317 (a
1865 2280 1940 2305 se·-

1051 2319 1199 2361 cunda
1255 2322 1407 2372 manu)
1467 2324 1690 2362 adactam
1743 2322 1937 2362 classem

1051 2376 1255 2418 Othonis
1295 2378 1465 2430 trepidi
1495 2380 1649 2420 nuntii
1679 2379 1822 2419 Fabio
1852 2394 1939 2419 va·-

1047 2434 1165 2475 lcnti
1195 2435 1410 2476 attulere.
1477 2433 1565 2476 Sed
1599 2434 1746 2477 Guels.
1786 2435 1938 2492 vulga-

1048 2499 1141 2532 tum
1166 2492 1404 2532 verborum
1429 2492 1636 2535 ordinem
1661 2492 1838 2534 retinet.

1107 2574 1419 2626 ungrorum.
1502 2574 1579 2618 Sic
1628 2576 1761 2618 MSS.
1812 2577 1935 2619 Flor.

1049 2632 1167 2684 (test.
1199 2631 1340 2682 Vici.)
1363 2632 1470 2690 Reg.
1499 2632 1594 2675 edd.
1619 2633 1818 2688 Rhenan.
1849 2633 1937 2686 (bie

1048 2706 1096 2731 ex
1120 2689 1317 2744 ingenio)
1333 2689 1547 2747 Ald.sqq.
1583 2714 1634 2725 --
1680 2689 1936 2744 Thuringu-

1048 2761 1157 2788 rum
1202 2748 1271 2787 ed.
1311 2746 1415 2803 Spir
1492 2770 1550 2778 -—
1628 2748 1935 2802 Turingorum

1046 2805 1181 2846 MSS.
1216 2802 1338 2846 Harl.
1373 2803 1502 2846 Bodl.
1535 2804 1613 2849 les.
1638 2806 1735 2848 Bud
1781 2805 1933 2849 Guels.

1047 2861 1150 2903 edd.
1186 2861 1287 2901 Pur.
1322 2861 1391 2904 M.
1423 2870 1465 2903 et
1492 2861 1546 2904 V.
1581 2862 1685 2906 Ber.
1719 2863 1818 2906 Alc.
1878 2862 1936 2911 cs.

1050 2917 1206 2961 Germ.
1240 2933 1279 2959 c.
1299 2918 1343 2960 2.

1109 2988 1429 3032 Treverorum.
1489 2987 1566 3032 Sic
1581 2989 1743 3034 ed‹l.1,i
1766 3008 1811 3034 ›s.
1838 3008 1933 3049 sqq.

1049 3076 1106 3083 .-
1150 3045 1454 3087 Tra-virorum
1492 3046 1594 3091 MS.
1630 3049 1741 3091 Guel
1765 3049 1780 3092 '.
1830 3051 1931 3092 edd.

1051 3100 1381 3146 Put.13eroald.
1414 3104 1536 3157 (curn
1570 3105 1638 3148 sil.
1667 3104 1800 3162 Vici.)
1835 3107 1931 3149 Alc.

1049 3161 1190 3204 len.
1219 3176 1314 3218 sqq.
1351 3159 1403 3202 ad
1430 3161 1649 3219 Lipsium.
1682 3185 1737 3193 -—-
1787 3166 1929 3204 mire„

1049 3223 1232 3260 uiarum
1269 3215 1341 3260 ed.
1371 3217 1491 3276 Spir.
1571 3220 1629 3263 cs.
1663 3221 1754 3263 An.
1793 3223 1829 3269 1,
1862 3219 1931 3263 41.

1049 3276 1088 3327 3,
1110 3278 1179 3318 40.
1207 3283 1250 3317 et
1269 3274 1343 3318 46.

1109 3345 1432 3388 ΗυὮιίιῖιίἰιεί.
1495 3347 1579 3390 Ed.
1604 3347 1717 3404 Spir.
1739 3347 1931 3401 sammi-

1047 3405 1196 3445 lc'ensl‘.
1273 3402 1360 3447 Ed.
1394 3405 1598 3446 Beroald.
1635 3406 1931 3454 hbrm'ulmsi,

1048 3460 1168 3518 quod
1203 3460 1433 3507 Victorius
1468 3462 1661 3506 correxit
1697 3461 1741 3503 in
1781 3476 1930 3506 veram

1050 3517 1334 3574 scripturam.
