2138 4030
26 2350 27 2354 ’
70 2348 254 2376 manus-

54 204 61 251 ῑ
164 186 217 273 2⁴:
230 192 283 272 g]
299 191 386 274 ⁸33:

590 159 768 257 mn,
806 161 910 260 113w
962 191 1415 261 CAP.14.15.

1809 193 1921 255 151

55 325 233 388 ‘inter
278 326 497 388 milites
544 325 767 380 strenui
811 324 1124 401 ignavique
1163 325 1226 379 in
1267 323 1512 380 victoria
1549 326 1706 383 idem
1744 330 1926 385 aude-

76 415 240 472 bant.
315 411 561 468 additus
597 409 877 484 perculsis
911 421 1101 466 terror
1125 409 1352 466 invecta
1379 409 1443 464 in
1466 420 1623 483 terga
1653 432 1924 486 pugnan-

77 501 222 556 tium
261 497 458 555 classe.
525 494 621 551 ita
659 494 923 569 undique
955 494 1161 551 clausi:
1219 494 1556 569 deletaeque
1586 516 1786 552 omnes
1822 519 1924 554 co—

73 585 204 660 piae
237 584 459 649 forent,
499 579 568 634 ni
601 580 882 636 victorem
915 580 1231 636 exercitum
1254 579 1583 634 attinuisset
1608 581 1922 639 obscurum

74 669 282 736 noctiS‚
307 665 577 723 obtentui
600 664 981 737 fugientibus

238 805 374 868 XV.
403 839 407 842 ·
437 805 559 864 Nec
582 804 891 862 Vitelliani
927 826 1263 885 quanquam
1286 807 1427 862 victi
1450 806 1740 882 quievere.

1828 829 1924 864 ac-

74 894 203 951 citis
240 893 470 950 auxiliis
504 912 774 948 securum
815 886 1045 946 hostem
1079 913 1144 948 ac
1182 911 1446 948 successu
1490 912 1689 947 rerum
1713 888 1922 948 ‘socor-

75 980 229 1049 dius
254 989 517 1052 agentem
554 977 862 1034 invadunt.

951 977 1101 1032 caesi
1133 978 1368 1050 vigileS‚
1411 990 1688 1052 perrupta
1723 989 1923 1048 castra,

70 1063 431 1139 trepidatum
477 1063 630 1137 apud
676 1061 873 1129 naviS‚
938 1061 1123 1117 donec
1162 1063 1387 1118 sidente
1426 1052 1710 1137 pauleitim
1746 1074 1930 1134 metu5

71 1160 350 1226 occupato
379 1148 539 1204 iuxta
567 1146 715 1202 colle
744 1145 968 1201 defensi
996 1166 1132 1202 mox
1157 1147 1449 1222 inrupere.
1499 1159 1662 1203 atrox
1685 1148 1771 1204 ibi
1793 1169 1924 1205 cae—

73 1236 207 1303 deS,
279 1245 335 1290 et
369 1231 748 1305 Tungrarum
783 1225 1114 1286 cohortium
1151 1233 1428 1306 praefecti
1464 1244 1781 1303 sustentata
1812 1234 1922 1290 ‘diu

73 1321 195 1379 acie
230 1318 361 1376 telis
394 1318 746 1373 obruuntur.

831 1311 1311 1372 Ne'Othonianis
1345 1319 1585 1393 quidem
1616 1317 1920 1375 incruenta

71 1403 316 1460 victoria
349 1402 492 1471 fuit,
536 1420 790 1477 quorum
827 1399 1156 1474 improvide
1194 1414 1420 1459 secutos
1454 1404 1719 1459 conversi
1757 1403 1922 1480 equi-

69 1647 332 1699 pichenam,
363 1647 437 1706 qui
463 1645 654 1688 restituit
678 1652 720 1688 et
745 1660 828 1688 suo
858 1645 958 1688 loeo

69 1705 220 1764 posuit
243 1704 507 1749 auctoritate
527 1703 626 1746 MS.
652 1703 776 1746 Flor.
832 1701 957 1744 Con-

70 1764 266 1806 sentiunt
287 1762 421 1806 MSS.
445 1763 483 1804 A
517 1777 553 1802 r.
568 1759 703 1803 Corb.
724 1759 825 1803 edd.
842 1759 960 1817 Spir.

71 1818 278 1862 Beroald.
314 1820 371 1874 (c.
398 1818 467 1861 sil.
540 1818 653 1869 iet.).
727 1815 959 1859 Broierius

68 1875 180 1919 salso
230 1877 413 1919 tradidit
456 1876 501 1917 in
542 1874 646 1916 MS.
688 1873 814 1916 Flor.
864 1888 959 1916 esse

68 1935 204 1976 saxis·
229 1935 396 1986 etium,
428 1932 676 1987 eodemque
699 1945 854 1973 errore
885 1939 956 1972 te-

69 1999 205 2033 netur
237 1989 494 2048 Rupertius.
575 1986 680 2029 MS.
717 1987 833 2030 Bud.
875 2003 958 2044 pro

68 2047 242 2092 verbis:
290 2049 436 2090 simul
467 2062 499 2087 a
533 2047 682 2087 latere
712 2047 845 2087 saxis
876 2058 957 2086 ur-

68 2112 200 2160 geret
238 2112 353 2160 apta
407 2103 503 2146 dat:
568 2103 714 2143 simul
753 2103 956 2143 altitudo

69 2170 199 2217 apta.
265 2159 496 2220 Bipontini
521 2157 773 2214 refingunt:
816 2160 962 2201 simul

69 2230 102 2261 α
153 2221 317 2262 latere.
385 2217 533 2260 Saxis
582 2219 728 2257 etiam
772 2223 959 2270 urgeret

68 2283 184 2330 apta
231 2281 295 2318 ad
350 2276 614 2318 iaeiendum
658 2287 958 2327 paganorum

323 2332 412 2376 Sed
443 2348 475 2374 a
504 2335 654 2372 latere
688 2329 759 2373 hie
791 2330 958 2372 inlelli-

70 2391 264 2446 gendum
302 2399 366 2432 est
403 2389 457 2432 de
494 2386 711 2436 collibus,
766 2387 811 2428 in
845 2403 958 2444 quos

70 2448 226 2504 pagani
248 2451 595 2490 exsul-rexerant.
655 2443 864 2487 Ceterum
889 2445 958 2486 ed.

70 2506 187 2562 Spir.
228 2520 310 2563 pro
341 2507 406 2546 ad
435 2503 694 2544 iaciendum
731 2517 835 2543 cum
859 2500 957 2543 MS.

74 2562 187 2605 Bud.
221 2570 339 2605 amat
371 2564 435 2603 ad
455 2562 641 2609 facian,
673 2566 714 2601 el
739 2575 843 2600 mox
866 2559 956 2600 sola

71 2633 323 2674 audiebant
364 2648 446 2690 pro
488 2630 724 2670 audebant
739 2646 753 2680 ‚·
803 2628 958 2682 speulis

71 2689 133 2744 (h.
160 2706 197 2732 e.
214 2690 439 2744 praculis)
458 2701 541 2744 pro
564 2688 800 2739 perculsis.

504 2785 609 2831 MS.
665 2785 819 2830 Guelf.
873 2790 956 2829 de-

130 2793 413 2844 deletaeque.

72 2850 320 2902 lectaeque,

741 2945 816 2988 Sic
851 2945 954 2987 MS.

130 2947 338 2990 obtentui
350 2946 663 3002 fugientibus.
837 3001 873 3044 C

878 3019 955 3043 on-

72 3005 186 3046 Bud.
224 3005 326 3047 edd.
362 3004 393 3044 S
427 3004 480 3046 ir.
506 3003 647 3046 Rhen.
669 3017 764 3060 sqq.

74 3062 204 3104 sentit
234 3061 395 3104 MS.-F
414 3077 482 3103 or.
503 3070 612 3104 teste
632 3059 854 3110 Victurio5'
880 3059 957 3116 qui

73 3127 243 3176 puncto
279 3118 528 3175 subscripto
564 3116 730 3158 notavit
764 3117 955 3159 alterum

74 3184 90 3216 t
115 3175 157 3217 in
182 3178 403 3225 obtentui,
432 3174 556 3231 quasi
580 3173 641 3215 ibi
673 3173 726 3215 sit
753 3174 953 3215 obtenui.

71 3232 208 3275 MSS.
239 3230 395 3275 Guelf.
429 3232 551 3273 Harl.
575 3230 709 3272 Bodl.
739 3230 818 3272 les¹
853 3230 954 3273 edd.

74 3290 247 3332 Puteol.
273 3305 371 3346 sqq.
405 3288 460 3331 ad
486 3287 753 3354 Rheiganum
786 3287 956 3330 addunt

74 3348 296 3388 obiectum
323 3354 427 3389 ante
451 3346 673 3388 obtentui.

129 3446 239 3489 CAP.
263 3446 331 3488 15.
386 3458 597 3487 successu
625 3459 807 3491 rerum.
871 3443 952 3486 Ed.

77 3501 192 3559 Spir·
220 3517 553 3547 successurum.

1087 1651 1215 1703 apud
1235 1651 1380 1692 navis.
1433 1649 1510 1691 Sio
1528 1648 1630 1691 MS.
1645 1647 1798 1691 Guelf.
1822 1649 1920 1692 edd.

1030 1703 1150 1761 Spir.
1179 1706 1283 1748 Put.
1312 1707 1378 1748 M.
1405 1715 1448 1748 et
1471 1706 1525 1748 V.
1551 1705 1758 1748 Beroald.
1794 1707 1917 1760 (cum

1029 1763 1100 1806 sil.
1126 1763 1266 1818 Viet.)
1291 1763 1389 1806 Alc.
1419 1788 1474 1795 -
1525 1763 1764 1806 Rhenanus
1798 1764 1914 1805 anti-

1032 1835 1117 1876 qua
1139 1821 1285 1862 forma
1309 1831 1454 1878 spreta
1474 1821 1595 1863 dedit
1617 1824 1745 1872 apud
1762 1835 1919 1872 naves,

1031 1879 1154 1933 quod
1192 1878 1414 1935 vulgatur.
1487 1877 1575 1920 Sed
1605 1877 1696 1921 vid.
1737 1886 1831 1920 not.
1864 1879 1915 1920 ad

1030 1937 1120 1979 An.
1149 1937 1187 1983 1,
1211 1935 1253 1978 3.
1277 1937 1359 1978 sub
1388 1952 1428 1980 v.
1449 1937 1710 1990 omnisque.

1086 2050 1262 2091 sidente
1279 2051 1518 2105 paulatim
1535 2057 1678 2091 metu.
1724 2050 1799 2093 Sic
1821 2050 1919 2094 edd.

1030 2107 1132 2149 I‘ut.
1158 2108 1221 2148 M.
1250 2117 1290 2148 et
1308 2106 1361 2148 V.
1386 2106 1595 2150 Beroald.
1621 2113 1746 2160 (eum
1771 2107 1917 2150 silent.

1032 2165 1170 2220 Viet.)
1205 2165 1302 2207 Aue.
1337 2164 1482 2207 Rhen.
1521 2164 1619 2206 Ald.
1650 2180 1748 2221 sqq.
1779 2170 1918 2222 usque

1030 2223 1084 2264 ad
1109 2221 1406 2273 Oberlinum,
1438 2222 1512 2278 qui
1537 2237 1620 2278 pro
1644 2223 1820 2263 sidente
1845 2223 1916 2264 de-

1031 2279 1095 2322 dit
1142 2283 1332 2322 cedente
1371 2297 1393 2320 e
1430 2279 1564 2322 MSS.
1604 2278 1756 2321 Guelf.
1794 2279 1915 2322 Harl.

1030 2336 1162 2381 Bodl.
1188 2338 1268 2391 les.
1298 2366 1350 2372 —
1390 2338 1492 2380 MS.
1517 2336 1634 2378 Bud.
1661 2337 1731 2379 dat
1755 2340 1916 2378 ceden-

1032 2403 1114 2449 tes.
1163 2394 1413 2437 Mseorb.
1437 2397 1655 2436 sidentes.
1704 2392 1919 2450 Ed.Spir.

1029 2456 1284 2494 sedentem.
1355 2451 1441 2493 Sed
1468 2459 1629 2492 metus
1668 2450 1808 2492 multo
1844 2466 1917 2491 ex—

1030 2509 1233 2568 quisitius
1272 2509 1525 2565 rectiusque
1567 2507 1732 2550 dieitur
1771 2510 1922 2549 sidere

1030 2583 1165 2626 quam
1191 2570 1374 2613 cedere,
1405 2582 1489 2608 nec
1513 2581 1624 2622 opus
1649 2573 1710 2606 est
1731 2564 1919 2606 Ernestii

1030 2626 1287 2667 coniectura
1331 2625 1578 2666 residente.
1653 2621 1712 2663 cf.
1749 2622 1837 2665 An.
1877 2623 1918 2669 Ξ,

1028 2685 1070 2726 6,
1097 2692 1138 2725 et
1158 2683 1226 2724 47.
1261 2685 1296 2732 1,
1321 2681 1390 2723 70.
1452 2679 1566 2723 Cum
1595 2679 1797 2722 Bekkero
1833 2679 1919 2738 igi-

1029 2750 1103 2783 tur
1125 2738 1331 2785 revocavi
1353 2747 1551 2782 veterem
1575 2737 1863 2795 scripturam.

1085 2843 1226 2883 iuxta
1268 2841 1394 2881 colle.
1488 2837 1574 2880 Ed.
1615 2837 1734 2895 Spir.
1777 2838 1918 2879 iuxta

1030 2900 1208 2941 collem.

1084 3000 1316 3050 inrupere.
1379 2994 1460 3039 Ed.
1485 2996 1603 3053 Spir.
1636 2998 1917 3050 irrumpere.

1088 3098 1412 3151 Tungrarum.
1501 3096 1646 3145 Libri,
1700 3105 1745 3138 ut
1783 3113 1915 3154 supra

1029 3174 1069 3200 c.
1100 3160 1165 3198 14.

1083 3276 1346 3313 sustentata
1381 3270 1462 3312 diu
1496 3270 1609 3311 acie.
1671 3268 1747 3310 Sic
1775 3268 1911 3311 MSS.

1029 3327 1151 3387 Elor.
1173 3334 1293 3381 (test.
1322 3326 1456 3382 vict.)
1484 3324 1630 3369 Guelf.
1659 3326 1774 3368 Bud.
1812 3326 1909 3367 edd.

1030 3385 1231 3450 lihenan.
1264 3382 1370 3450 Add.
1404 3400 1499 3441 sqq.
1535 3407 1599 3449 -Ἰ
1638 3389 1912 3448 ’sustentata

1028 3440 1542 3545 ssissfnsslessli‘idi'kiflfl‘
1570 3441 1688 3498 ὄψ’
1720 3440 1818 3482 pm.
1845 3438 1909 3481 Μ’
