2138 4030
1875 136 1883 157 Ι
1919 152 1929 160 2

1751 277 1803 354 t:
1816 273 1872 357 ’ὲ
1886 274 1974 355 ’ἓῧῑ

209 291 335 352 538
778 278 1479 343 HISTORIARUM

214 433 328 489 est,
380 416 717 494 periculum·
743 412 916 490 pauci
948 426 1265 485 sumpsere.
1350 406 1520 466 Circa
1557 409 1748 466 lacum
1783 407 2065 468 Fundani

175 496 179 502 ¹
214 501 704 575 descendentibus
745 498 849 575 qui
884 495 1175 554 Sabinum
1217 495 1651 552 comitabantur
1687 494 1925 552 armatis
1961 517 2066 554 oe-

215 599 463 648 currunt
485 582 907 662 promptissimi
925 579 1401 638 Vitellianorum.
1454 580 1754 635 modicum
1778 580 1866 636 ibi
1890 601 2066 656 proe-

213 671 362 732 lium
387 671 706 748 improviso
737 667 1028 734 nimium,
1071 667 1169 720 sed
1198 683 1543 739 prosperum
1570 663 1907 722 Vitellianis
1935 665 2066 740 fuit.

216 761 473 819 Sabinus
494 777 556 813 re
581 747 858 829 trepida.
881 750 1036 828 quod
1067 750 1422 806 tutissimum
1446 770 1476 805 e
1500 750 1905 824 praesentibus
1917 758 1938 820 ³,
1970 771 2069 808 ar·-

217 865 342 902 cem
366 841 646 918 Capitolii
673 836 889 895 insedit
916 835 1099 891 mixto
1135 835 1325 891 milite
1357 846 1413 891 et
1449 834 1804 911 quibusdam
1835 846 2069 893 senato-

213 951 349 987 rum
389 928 800 1004 equitumque,
842 940 1099 998 quorum
1131 919 1373 987 nomina
1408 921 1637 975 tradere
1673 915 1831 976 haud
1862 941 2067 1002 prorn-

217 1028 387 1092 ptum
413 1024 528 1080 est,
568 1008 855 1086 quoniam
877 1006 1097 1063 victore
1119 1003 1481 1081 Vespasiano
1508 1002 1684 1062 multi
1705 1003 1766 1060 id
1790 1007 2068 1078 meritum

217 1120 348 1174 erga
375 1108 568 1174 partes
597 1092 966 1150 simulavere.
1035 1090 1343 1146 subierunt
1369 1087 1669 1145 obsidium
1695 1089 1871 1146 etiam
1897 1092 2070 1147 femi-

214 1206 354 1254 nae,
390 1183 543 1239 inter
566 1198 711 1256 quas
733 1177 985 1233 maxime
1011 1175 1259 1248 insignis
1275 1173 1575 1231 Verulana
1598 1171 1852 1231 Gratilla
1877 1196 2071 1253 neque

215 1272 435 1327 liberos
457 1285 648 1342 neque
674 1262 1073 1338 propinqum,
1124 1262 1223 1316 sed
1247 1260 1470 1316 bellum
1499 1269 1710 1318 secuta.
1794 1258 2070 1323 Vitellia-
2130 1311 2133 1314 .

214 1375 328 1412 nus
365 1352 535 1408 miles
562 1348 807 1406 ‘socordi
840 1346 1104 1404 custodia
1147 1346 1375 1402 clausos
1415 1343 1834 1414 circumdedit,
1883 1366 2070 1422 eoque

216 1438 503 1498 concubia
538 1445 710 1492 nocte
736 1452 873 1490 suos
901 1432 1120 1489 liberos
1145 1430 1405 1488 Sabinus
1432 1441 1490 1487 et
1513 1429 1923 1487 Domitianum
1950 1431 2071 1487 fra-

1179 1647 1316 1691 fuisse
1347 1647 1535 1701 milites,
1573 1648 1648 1691 sed
1683 1647 1868 1690 mixtum
1894 1655 2071 1692 tantum

1180 1706 1339 1749 ceteris
1374 1707 1577 1750 militem.
1637 1706 1748 1749 Meo
1774 1705 1974 1764 periculo
1998 1723 2070 1750 ro-

1177 1764 1343 1808 stilum-

275 1656 510 1702 Fundani.
593 1652 677 1696 Ed.
721 1650 839 1708 Spir.
880 1650 1106 1706 fundam,

210 1714 437 1775 frequenti
457 1713 502 1755 in
532 1710 609 1755 illo
636 1711 751 1754 libro
773 1710 907 1757 vitio,
949 1717 998 1750 ut
1020 1715 1103 1750 ter·

216 1772 511 1819 minationem
533 1770 618 1813 am'
636 1775 774 1811 vertat
797 1767 843 1810 in
863 1782 960 1809 om.

1239 1869 1284 1904 et
1304 1861 1602 1918 quibusdam.
1658 1859 1736 1904 Sic
1747 1859 1886 1906 MSS.
1907 1869 1949 1904 et
1969 1871 2076 1907 vett·

1182 1919 1282 1962 edd.
1328 1927 1509 1976 praeter
1554 1918 1718 1961 librum
1761 1917 1898 1969 Bnd„
1952 1921 2072 1964 unde

1181 1975 1422 2020 Rhenanus
1457 1975 1571 2019 male
1604 1985 1834 2033 receperat
1868 1991 1933 2018 ex
1971 1981 2070 2034 qui-

1183 2037 1406 2082 busdam,
1448 2034 1786 2091 obtemperante
1811 2033 1947 2078 Aldo.
2010 2037 2072 2079 At

1182 2090 1357 2148 Mieyn.
1384 2090 1545 2144 (1557.)
1573 2092 1689 2148 Lips.
1715 2090 1839 2134 Pich.
1864 2107 1960 2150 sqq.
1995 2108 2070 2148 pe-

1179 2147 1327 2191 tinent
1350 2155 1395 2189 et
1416 2149 1716 2204 quibusdmn,
1751 2146 1979 2206 falsusque
2008 2158 2074 2193 est

1180 2205 1425 2254 Ernestius,
1452 2204 1527 2273 qui
1543 2204 1740 2262 Lipsium
1763 2205 1870 2249 dicit
1888 2206 2076 2251 edidisse

1181 2262 1369 2306 alteram
1392 2271 1676 2318 scripturam.

1009 1879 1110 1923 MS.

273 1885 509 1929 modicum
561 1881 626 1924 ibi
668 1882 918 1934 proelium.

216 1944 356 1990 Corb.
383 1942 707 1996 modicumque
722 1940 969 1995 proelium.

274 2055 426 2096 mixto
469 2051 627 2092 milite.
695 2047 774 2092 Sic
816 2047 953 2092 MSS.
986 2046 1109 2090 Flor-

212 2115 334 2168 (test.
350 2108 491 2164 Pieli.)
518 2107 625 2160 Reg-
649 2106 751 2149 edd.
767 2106 887 2163 Spir.
902 2104 1111 2148 Beroald.

219 2173 343 2225 (cum
394 2165 541 2209 silent.
587 2162 731 2213 Vict..)
785 2163 884 2206 Ale.
925 2161 1106 2218 Micyll.

219 2225 381 2283 (1557.)
406 2231 449 2265 et
473 2220 634 2265 deinde
661 2219 783 2262 Pieh.
799 2220 913 2276 Lips.
944 2219 1109 2274 (1607.)

219 2284 353 2329 Grut.
379 2296 477 2338 sqq.
534 2279 586 2321 ln
609 2277 710 2321 MS.
735 2276 888 2320 Guelf.
911 2276 1110 2321 voeabu-

217 2343 312 2388 lum
344 2338 499 2382 mixto
530 2335 708 2379 additur
736 2335 780 2377 in
809 2333 1025 2392 margine.
1052 2359 1113 2369 ---

219 2399 369 2442 milite
396 2394 619 2451 (neglecta
649 2391 784 2435 altera
817 2407 931 2434 voce
973 2390 1110 2434 MSS.

220 2454 346 2505 Harl.
375 2452 506 2499 Bodl.
529 2450 610 2493 les.
639 2449 756 2493 Bud.
790 2448 891 2492 edd.
953 2456 1016 2491 ut.
1046 2447 1112 2490 M.

223 2524 267 2559 et
286 2514 345 2557 V.
368 2511 512 2554 Rhen.
546 2506 651 2551 Ald.
682 2514 725 2549 et
755 2505 892 2565 Lipsii
925 2505 1115 2564 priores,

220 2582 267 2616 et
302 2585 446 2628 nuper
477 2567 653 2610 Ernest.
680 2563 809 2607 Brot.
835 2579 936 2621 sqq.
998 2563 1111 2605 Nam

221 2627 452 2674 Ernestius
482 2624 537 2668 ad
571 2621 615 2665 h.
645 2620 677 2665 l.
716 2621 914 2672 „mixtus
946 2621 1113 2663 miles''

219 2687 284 2732 ait
326 2683 501 2737 „latine
549 2679 836 2737 loquentibus
878 2686 945 2722 est
986 2677 1114 2721 miles

221 2759 316 2789 non
367 2739 565 2785 eiusdem
621 2737 824 2794 generis,
882 2735 959 2779 sed
1014 2735 1116 2779 eol-

221 2799 415 2846 lectitius
435 2813 459 2841 e
485 2794 614 2840 variis
634 2793 867 2851 gentibus,
897 2792 1026 2836 variis
1050 2791 1116 2834 in·

224 2865 419 2903 structus
441 2853 601 2900 armis,
631 2866 726 2894 non
752 2850 897 2894 eidem
921 2848 1115 2907 discipli·

223 2930 308 2958 nae
330 2911 612 2958 adsuefactus
625 2909 652 2931 ''
667 2942 678 2959 ,
708 2924 900 2965 eumque
923 2905 1112 2950 militem

223 2973 278 3015 ab
304 2971 391 3014 hoe
415 2970 516 3013 loeo
542 2967 737 3012 alienum
769 2980 861 3009 esse
891 2964 1114 3008 adfirmat.

225 3029 367 3086 Igitur
378 3027 560 3071 Tacitus
581 3039 677 3067 non
701 3023 832 3066 latine
852 3022 1028 3065 locutus
1049 3027 1116 3063 est

179 3119 190 3123 <
225 3101 359 3142 supra
393 3085 436 3132 2,
472 3084 537 3126 14.
578 3089 627 3124 ut
659 3094 780 3135 pars
811 3081 1113 3123 classicorum

225 3143 389 3185 mixtis
406 3140 613 3196 paganis
634 3141 680 3179 in
699 3139 838 3179 colles
860 3136 989 3179 mari
998 3149 1111 3192 pro-

218 3202 418 3256 pinquos
438 3203 728 3249 exsurgeret.
757 3194 870 3237 Nam
890 3192 952 3238 ibi
972 3192 1118 3237 mixti

217 3257 402 3313 pagani
460 3252 724 3311 simpliciter
785 3259 890 3295 sunt
954 3249 1112 3294 ceteris

223 3314 365 3358 innoti
390 3319 433 3355 et
457 3326 561 3354 eum
586 3310 640 3352 iis
662 3308 794 3353 simul
819 3315 1114 3366 exsurgentes.

227 3370 405 3428 Quodsi
444 3368 632 3411 latinum
674 3374 762 3418 est,
803 3366 944 3425 proba
977 3365 1112 3408 etiam

224 3431 447 3486 scriptura
471 3427 625 3467 mixto
650 3425 820 3475 milite,
859 3431 908 3465 ut
929 3429 1111 3465 senten·-

215 3486 333 3529 -tiam
365 3482 551 3533 efficiat,
594 3495 698 3523 cum
728 3480 805 3527 iis,
847 3480 1007 3537 quibus
1041 3495 1109 3520 ar-

219 3558 320 3587 cem
369 3537 579 3598 Capitolii
633 3535 822 3579 Sabinus
883 3534 1110 3586 insederit,

223 3601 359 3643 fuisse
384 3607 425 3639 et
452 3595 611 3640 milites
631 3609 775 3651 neque
809 3609 918 3641 vero
950 3607 1108 3635 omnes

1240 2362 1431 2403 tradere
1460 2361 1586 2402 houd
1606 2374 1682 2413 pr.
1707 2367 1790 2404 est.
1848 2357 1935 2403 Ed.
1956 2358 2075 2420 Spin.

1184 2419 1317 2461 haud
1339 2420 1528 2462 tradere
1546 2425 1820 2474 promptum
1843 2425 1930 2463 est.

1241 2516 1427 2558 victore.
1521 2512 1604 2558 Ed.
1654 2512 1776 2574 Spir.
1835 2516 2073 2561 victor-⁸⁴00.

1182 2572 1349 2617 Eadem
1371 2572 1633 2616 subsidium
1653 2587 1736 2630 pro
1759 2573 2007 2618 absidiam.

1243 2688 1490 2730 Verulana
1526 2685 1752 2730 Gratilla.
1826 2685 1890 2730 Ex
1923 2702 2077 2732 emen·

1185 2744 1365 2788 datione
1388 2743 1608 2792 Ernestii.
1643 2743 1698 2787 ad
1729 2759 1864 2803 quam
1893 2745 2078 2804 praeivit

1186 2801 1306 2846 Plin.
1339 2817 1412 2860 ep.
1434 2800 1477 2850 3,
1499 2804 1565 2860 ll.
1589 2811 1633 2845 et
1657 2801 1699 2853 5,'
1723 2805 1759 2865 l‘.
1826 2801 1893 2846 Ne
1921 2811 2073 2846 tamen

1181 2867 1310 2917 putes
1330 2858 1521 2903 eandem
1543 2858 1605 2902 ibi
1631 2858 1889 2903 Gratillam
1909 2859 2074 2903 intelli·

1213 2917 1392 2960 endam.
1480 2916 1614 2960 MSS.
1648 2916 1773 2961 Flor.
1815 2914 1932 2971 (sest.
1978 2917 2068 2962 lae.

1183 2932 1334 3020 {rom
1357 2981 1400 3018 et
1415 2973 1635 3029 Victorio)
1660 2973 1772 3030 Agr.
1791 2974 1905 3018 Bud.
1919 2973 2071 3019 Guett'.

1183 3030 1323 3077 Corb.
1363 3031 1432 3075 ed.
1473 3031 1597 3089 Spir.
1633 3031 1856 3076 Gratilia.
1937 3031 2069 3076 MSS.

1183 3088 1293 3148 Reg.
1315 3087 1439 3134 Harl.
1461 3087 1593 3132 Bodl.
1618 3089 1699 3142 les,
1724 3088 1825 3131 edd.
1844 3088 1950 3133 Puta
2057 3121 2070 3135 .

1180 3146 1236 3191 ad
1262 3145 1517 3190 Ernestium
1545 3145 1774 3189 Gracitia.
1845 3145 1939 3190 Pro
2015 3161 2068 3190 e-

1179 3208 1359 3247 rulana
1372 3201 1508 3249 MSS.
1524 3201 1677 3247 Guelf.
1703 3201 1825 3247 Harl.
1852 3202 1934 3246 les.
1955 3202 2070 3247 exhi·

1181 3263 1291 3306 bent
1323 3262 1563 3318 Vernula,
1609 3259 1757 3305 Guelf.
1787 3259 1834 3304 in
1869 3262 2070 3320 margine

1183 3320 1451 3365 Verulana.

1239 3417 1427 3458 socordi
1443 3418 1668 3459 custodia.
1726 3414 1803 3459 Sic
1824 3415 1928 3461 MS.
1941 3416 2065 3463 Flor-

1181 3475 1297 3528 (test.
1319 3473 1454 3531 Viet.)
1482 3482 1525 3517 et
1547 3473 1616 3517 ed.
1637 3473 1754 3531 Spir.
1796 3497 1851 3506 —
1907 3484 2063 3518 custo-

1178 3534 1257 3574 dia
1287 3533 1472 3573 socordi
1498 3532 1600 3574 MS.
1632 3529 1783 3574 Guelf.
1821 3531 1920 3576 edd.
1955 3533 2058 3578 Put.

1179 3605 1275 3647 sqq.
1298 3588 1353 3631 ad
1377 3588 1498 3632 huno
1523 3587 1654 3631 diem.

2091 3617 2115 3629 κ
