2138 4030
1787 232 2007 318 &wit

233 239 359 314 450
794 217 1531 322 ΗιετοηιΑΒυΜ·

229 369 657 426 meditantibus
713 365 951 424 advenit
997 364 1406 440 proficiscendi
1458 362 1609 425 hora
1662 372 2090 445 exspectatione

230 450 474 512 tristior.
561 453 781 530 quippe
822 453 979 510 intra
1013 450 1239 507 vallum
1281 450 1620 509 deformitas
1652 447 2093 531 haud'perinde

230 539 536 603 notabilis:
582 538 799 594 detexit
827 535 1218 608 ignominiam
1249 545 1486 611 campus
1512 548 1570 593 et
1595 538 1742 598 dies..
1823 543 2090 600 revulsae

231 626 654 700 imperatorum
707 622 1021 694 imagineS‚
1102 617 1400 679 inhonora
1453 622 1645 695 signa,
1689 669 1692 673 .
1723 625 2090 698 fulgentibus

231 706 373 766 hinc
397 710 535 765 inde
562 706 878 773 Gallorum
903 705 1162 761 vexillis:
1208 707 1388 761 silens
1414 725 1622 780 agmen
1658 719 1714 765 et
1747 711 1919 787 velut¹
1951 712 2089 769 lon-

233 814 335 869 gae
368 778 702 870 exsequiae:
747 792 868 847 dux
882 787 1178 867 Claudius
1212 789 1494 860 Sanctu5‚
1537 791 1745 850 effosso
1783 790 1956 867 oculo
1989 798 2091 854 -di-

231 901 333 938 rus
369 874 496 948 ore,
541 877 780 951 ingenio
821 876 1094 932 debilior.
1191 876 1530 950 duplicatur
1563 877 1885 952 flagitium,
1927 893 2091 957 post-

232 986 410 1043 quam
437 963 676 1021 desertis
700 959 1122 1017 Bonnensibus
1146 962 1347 1017 castris
1368 962 1550 1018 altera
1574 982 1639 1019 se
1660 963 1813 1038 legio
1838 966 2092 1038 miscue-

231 1063 340 1110 rat.
414 1052 496 1105 ‘et
533 1048 770 1120 vulgata
809 1058 1111 1122 captarum
1154 1046 1457 1121 legionum
1502 1049 1658 1104 fama
1708 1051 1932 1133 cuncti?
1985 1053 2091 1129 qui

230 1135 408 1213 paulo
436 1144 571 1190 ante
595 1131 1009 1191 Romanorum
1039 1152 1260 1187 nomen
1287 1128 1639 1201 horrebant,
1678 1150 2090 1209 procurrentes

233 1243 300 1278 ex
337 1220 489 1293 agris
527 1218 810 1294 tectisque
847 1229 904 1274 et
942 1217 1210 1293 undique
1258 1217 1429 1273 effusi
1474 1218 1713 1275 insolito
1762 1223 2089 1296 spectaculo

229 1306 488 1363 nimium
529 1304 898 1362 fruebantur.
983 1302 1121 1359 Non
1156 1303 1296 1359 tulit
1338 1304 1430 1359 ala
1468 1302 1775 1361 Picentina
1808 1308 2091 1380 gaudium

231 1389 573 1447 insultantis
602 1389 796 1462 vulgi,
839 1388 1163 1464 spretisque
1198 1386 1401 1445 Sancti
1432 1389 1736 1463 promissis
1773 1402 1876 1449 aut
1909 1392 2091 1450 minis

230 1475 675 1550 Magontiacum
705 1475 953 1530 abeunt:
993 1493 1059 1529 ac
1092 1474 1244 1530 forte
1278 1474 1455 1530 obvio
1492 1468 1865 1533 interfectore
1890 1475 2091 1535 Vocu-

230 1563 323 1618 lae
354 1560 630 1633 Longino
668 1559 948 1615 coniectis
983 1558 1047 1613 in
1084 1578 1219 1615 eum
1256 1559 1387 1615 telis
1425 1559 1666 1616 initium
1704 1562 2089 1620 exsolvendae

230 1648 296 1703 in
315 1658 621 1722 posterum
650 1645 854 1719 culpae
882 1645 1085 1702 secere.
1170 1642 1460 1716 Legiones
1485 1639 1638 1700 nihil
1661 1657 1885 1706 mutato
1913 1647 2090 1706 itine-

230 1753 295 1791 re
326 1744 461 1788 ante
489 1731 724 1786 moenia
753 1728 1154 1786 Treverorum
1188 1727 1525 1789 considunt.
2014 1799 2019 1806 a

393 1814 623 1877 LXIII.
706 1813 917 1872 Civilis
942 1826 998 1873 et
1021 1811 1310 1871 Classicus
1337 1814 1515 1871 rebus
1550 1815 1823 1873 secundis
1857 1815 2093 1890 sublati,

232 1925 308 1960 an
334 1902 628 1960 coloniam
643 1897 1142 1975 Agrippinensem
1168 1900 1566 1974 diripiendam
1601 1901 1947 1960 exercitibus
1971 1905 2092 1962 suis

231 1989 638 2065 permitterent
695 1986 1057 2045 dubitavere.
1165 1985 1406 2043 saevitia
1448 1985 1673 2060 ingenii
1721 1999 1776 2045 et
1811 1989 2089 2065 cupidine

289 2254 531 2294 inhmmraez.
608 2247 669 2290 Ex
710 2248 1023 2296 emendatione
1058 2249 1125 2292 Li·
1253 2250 1411 2293 minis.
1471 2249 1572 2293 MS.
1599 2248 1752 2294 Guelf.
1778 2254 1954 2296 mtnus.

232 2312 314 2370 psii
331 2343 341 2360 ,
374 2324 507 2366 qnam
534 2306 580 2349 in
606 2307 760 2349 locum
794 2306 968 2363 primus
994 2323 1123 2350 rece-

233 2370 297 2428 pit
329 2366 537 2409 Piehena.
623 2362 684 2422 At
721 2363 898 2420 pridem
939 2364 1124 2406 eandem

232 2423 595 2469 emendationem
650 2419 878 2464 Victorius
935 2421 981 2464 in
1042 2438 1124 2464 suo

231 2481 467 2539 exemplari
500 2476 772 2522 Beroaldino
816 2478 1126 2523 adnotaverat.

1254 2348 1367 2394 CAP.
1392 2348 1466 2394 63.
1524 2334 1943 2405 Agrffipinensemj
1986 2353 2088 2398 MS.

1196 2405 1318 2450 Flor.
1353 2415 1462 2451 teste
1485 2406 1692 2450 Victorio
1718 2409 2087 2480 Agrippias-sein.

1253 2508 1579 2562 diripiendam.
1656 2507 1769 2553 Edd.
1802 2508 2010 2554 Beroaldi
2044 2520 2087 2555 et

230 2541 529 2584 Praeiverunt
554 2551 649 2580 eam
676 2535 811 2578 codd.
836 2536 975 2579 MSS.
1003 2536 1125 2579 Flor.

231 2598 340 2655 Reg.
386 2595 503 2638 Bud.
521 2628 531 2645 ,
585 2594 661 2651 qui
721 2592 874 2636 serunt
931 2594 1125 2644 innam,-

228 2656 330 2698 Ma.
345 2655 453 2710 Agr.
481 2661 524 2695 et
546 2651 617 2695 ed.
633 2648 751 2708 Spir.
776 2652 824 2692 in
842 2665 944 2695 ora.
1005 2651 1125 2694 Ante

230 2709 472 2756 Picssbenam
505 2709 719 2752 edebatur
749 2709 953 2760 innexa,
999 2709 1123 2766 quod

231 2777 367 2813 exstat
407 2769 453 2810 in
486 2767 622 2810 MSS.
648 2764 799 2810 Guetf.
832 2766 956 2810 Harl.
989 2766 1120 2810 Bodt.

230 2828 311 2870 les.
345 2825 448 2870 cdd.
473 2823 647 2867 Puteol.
674 2838 771 2881 sqq.
848 2823 1024 2881 Lipsius
1050 2826 1122 2867 in-

229 2887 412 2926 honora
455 2882 597 2938 signa
635 2881 954 2939 iuterpretatur
985 2897 1124 2939 squa-

230 2940 344 2989 lida,
403 2956 497 2983 non
555 2947 715 2990 uncta,
769 2954 865 2981 non
918 2938 1144 2982 nitidata..

142 3027 145 3032 ,
231 2998 544 3054 Opponuntur
575 2994 851 3053 fulgentibus
883 2995 1122 3039 Gallorum

227 3055 416 3098 vexillis.
465 3054 524 3098 cf.
547 3063 640 3097 not.
669 3054 722 3096 ad
745 3055 832 3096 An.
851 3053 973 3105 1324.
1035 3053 1123 3096 lac.

231 3111 498 3157 Gronovius
529 3111 698 3154 frustra
732 3111 928 3155 coniecit
955 3111 1123 3154 viliora

227 3173 382 3224 signa.
443 3168 531 3211 An.
566 3170 632 3220 15,
653 3168 727 3211 25.
759 3178 804 3211 et
839 3168 951 3213 Hist.
989 3167 1122 3219 231.

228 3225 372 3275 simile
397 3225 552 3268 vitium
586 3225 633 3268 in
670 3225 771 3269 eod.
793 3225 917 3269 Flor.
949 3224 1121 3270 inveni-

230 3300 357 3327 mus:
409 3298 511 3326 nam
560 3284 618 3327 ibi
674 3291 739 3330 est
789 3285 980 3327 inhosta
1036 3298 1118 3341 pro

229 3345 510 3394 inhonestus.

288 3401 513 3449 Sanctus,
547 3398 728 3453 effossa.
788 3397 871 3442 Ed.
899 3398 1015 3455 Spir.
1038 3411 1120 3450 se·

229 3473 335 3500 cnm
363 3455 540 3510 effosso.
571 3482 631 3491 --
672 3455 840 3499 Eadem
871 3455 1120 3498 bonesibus

228 3531 311 3572 pro
335 3512 694 3563 Bonnensibus,
737 3521 780 3555 et
820 3513 981 3558 deinde
1004 3526 1119 3559 sane

230 3585 311 3630 pro
335 3571 510 3614 Sancti.

1196 2564 1361 2608 Aleiati
1387 2580 1410 2606 e
1435 2565 1546 2608 vitio
1575 2565 1900 2624 typographico
1934 2567 2088 2614 ferunt

1194 2623 1510 2674 diripentium.
1625 2624 1851 2668 Victorius
1902 2640 1926 2667 e
1980 2627 2083 2670 eod.

1195 2679 1459 2724 Florentino
1477 2678 1647 2724 addidit
1661 2679 1868 2730 litteram,
1889 2697 2000 2742 quae
2014 2685 2090 2727 ab·

1197 2746 1307 2782 erat.
1873 2771 1875 2774 ι

1252 2820 1458 2864 saevitia
1504 2822 1690 2876 ingenii.
1779 2821 1916 2869 MSS.
1959 2821 2086 2871 Flor..

1198 2881 1319 2931 (test.
1345 2878 1489 2979 Picta?
1510 2877 1654 2928 Vatic.
1677 2881 1794 2935 (test.
1814 2879 1953 2939 Lips.)
1977 2872 2042 2927 Re)

1196 2935 1346 2980 Guetf.
1378 2935 1468 2979 Har
1490 2968 1501 2978 .
1537 2936 1675 2981 Bodl.
1709 2937 1789 2981 les.
1821 2937 1938 2992 Bud.
1974 2940 2031 2983 ed
2067 2971 2081 2985 .
2136 2955 2138 2984 ι

1196 2993 1313 3052 Spir.
1345 2992 1449 3037 Put.
1496 2993 1700 3038 Beroald.
1744 2994 1847 3040 Alc:
1885 2990 2083 3043 saem‘tia
2137 3012 2138 3029 ἢ

1193 3052 1386 3104 ingenti.
1479 3045 1590 3094 Inde
1630 3050 1873 3096 Rhenanus
1914 3053 2084 3099 fecerat

1192 3109 1427 3163 ingenita:
1478 3107 1642 3151 melius
1688 3108 1857 3168 Lipsius
1896 3112 2081 3170 ingenii,

1193 3165 1315 3223 quod
1337 3164 1532 3209 Piehena
1553 3165 1600 3208 in
1627 3166 1780 3210 locum
1813 3168 1985 3225 primus
2013 3184 2082 3217 rse-

1193 3223 1334 3280 cepit,
1365 3223 1577 3281 idemque
1606 3228 1740 3267 ex‘stat
1773 3224 1819 3267 in
1842 3225 1944 3270 MS.
1968 3224 2078 3285 Agr.

1191 3296 1215 3322 a
1236 3280 1600 3332 seeundalmauu,
1620 3281 1768 3339 inquo
1783 3297 1807 3324 a
1827 3282 1967 3340 prima
1991 3299 2083 3327 ma·

1192 3353 1252 3379 nu
1278 3337 1458 3381 videtur
1476 3336 1611 3381 fuisse
1635 3338 1836 3394 ingerite.
1866 3363 1920 3374 —
1970 3338 2081 3383 Mox

1192 3394 1292 3438 edd.
1308 3395 1427 3452 Spir.
1461 3394 1564 3438 Put.
1591 3395 1656 3442 M:
1682 3404 1725 3438 et
1747 3397 1798 3440 V.
1824 3395 1926 3442 Ber.
1950 3401 2079 3452 (cum

1191 3452 1260 3496 sil.
1286 3451 1426 3509 Viet.)
1451 3453 1554 3497 Alc.
1586 3453 1932 3506 incohantibus,
1971 3453 2074 3499 MS.

1191 3508 1343 3552 Guelf.
1370 3510 1677 3554 incoantibus.
1745 3510 1833 3554 sed
1860 3509 1962 3556 libri
1992 3511 2076 3556 sibi

1189 3583 1282 3610 non
1309 3576 1517 3613 constant
1540 3567 1587 3611 iu
1606 3565 1689 3613 hac
1710 3567 1950 3626 scriptura.

2083 3697 2100 3707 A

2056 3713 2081 3725 A
