2138 4030
1738 264 1792 302 A.
1816 263 1867 303 U·
1879 265 1968 303 823.

1743 307 1796 343 Δ.
1815 306 1864 345 C.
1908 310 1968 346 70.

204 241 331 331 334
769 261 1477 359 ΗιεΤοΒΙΑΒυΜ

201 407 529 478 pateretur:
559 416 651 461 ,ne
684 396 872 455 victos
907 395 1151 474 quidem
1179 394 1422 460 laturos
1507 396 1590 456 ita
1620 399 1951 474 periculum
1966 415 1969 418 ·
1983 422 2055 460 ex

202 481 626 544 misericordia.
661 511 663 521 x
711 480 915 557 Ipsum
953 500 1092 537 sane
1126 499 1324 538 senem
1361 493 1418 540 et
1441 484 1739 559 prosperis
1763 486 2056 544 adversis-

202 590 320 648 que
346 555 638 626 satiatum.
720 568 823 623 sed
850 566 1012 642 quod
1040 585 1284 637 nomen,
1327 587 1505 645 quem
1532 580 1749 627 statum
1775 571 2055 630 filio·eius
2090 623 2094 631 .

206 653 563 713 Germanico
596 652 761 711 fore?
842 650 1018 708 Nunc
1050 651 1362 726 pecuniam
1386 666 1442 711 et
1462 654 1750 711 familiam
1777 667 1834 714 et
1855 658 2056 715 beatos

202 739 562 816 Campaniae
595 739 760 798 sinus
794 736 1089 812 promitti:
1144 737 1246 793 sed
1279 738 1386 794 ubi
1409 738 1728 814 imperium
1746 740 2060 817 Vespasia-

203 846 320 885 nus
352 823 663 893 invaserit,
709 841 838 878 non
870 821 1017 898 ipsi,
1064 841 1192 878 non
1214 822 1416 880 amicis
1442 824 1594 894 eius,
1650 844 1776 882 non
1801 827 2058 904 denique

202 911 554 970 exercitibus
591 907 995 978 securitatem,
1050 907 1170 963 nisi
1205 908 1486 966 exstincto
1512 910 1803 968 aemulato
1831 912 2061 969 reditu-

201 1017 350 1057 ram.
434 993 690 1053 Fabium
713 992 833 1049 illis
855 990 1170 1049 Valentem
1194 992 1492 1068 captivum
1519 1005 1576 1051 et
1604 996 1834 1054 casibus
1861 997 2061 1056 dubiis

202 1090 567 1142 reservatum
587 1097 965 1154 praegravem
987 1077 1196 1147 fuisse,
1238 1079 1462 1135 nedum
1482 1077 1720 1137 Primus
1743 1101 1811 1139 ac
1835 1079 2060 1140 Fuscus

203 1181 260 1228 et
281 1165 578 1242 specimen
625 1163 886 1238 partium
917 1161 1239 1220 Mucianus
1274 1163 1460 1219 ullam
1498 1163 1564 1221 in
1596 1163 1910 1223 Vitellium
1943 1167 2063 1223 nisi

202 1249 514 1313 occidendi
534 1249 836 1306 licentiam
858 1243 1132 1309 habeant.
1216 1245 1357 1306 Non
1381 1268 1415 1305 a
1430 1240 1676 1306 Caesare
1691 1248 2064 1327 Pompeium,

202 1358 330 1396 non
356 1336 432 1394 ab
453 1330 722 1408 Augusto
750 1329 1087 1392 Antonium
1114 1334 1438 1391 incolumes
1465 1335 1720 1396 relicto&
1773 1336 1893 1394 nisi
1913 1337 2082 1403 forte„

202 1421 600 1498 Vespasianus
637 1419 876 1476 altiores
915 1419 1155 1494 spiritus
1181 1430 1372 1493 gerat,
1414 1418 1647 1479 Vitellii
1673 1420 1886 1493 clienS,
1909 1443 2063 1480 rcum

203 1506 484 1570 Vitellius
506 1505 727 1579 collega
750 1502 1001 1562 Claudio
1026 1505 1199 1566 foret.
1282 1502 1450 1577 Quin
1466 1550 1484 1576 ‚
1527 1516 1595 1562 ut
1619 1503 1926 1564 censuram
1955 1527 2063 1583 pa-

203 1594 312 1652 tris
331 1639 350 1666 ,
400 1603 470 1651 ut
505 1602 625 1650 tres
659 1590 998 1649 consulatus
1008 1635 1027 1663 ,
1082 1601 1151 1650 ut
1177 1599 1265 1650 tot
1289 1590 1549 1665 egregiae
1574 1591 1786 1649 domus
1804 1587 2064 1651 honores

258 1773 319 1802 ne
353 1757 498 1801 victos
532 1758 718 1815 quidem
750 1758 949 1802 laturos.
989 1755 1100 1811 ¹Ed.

205 1817 328 1876 Spir.
369 1817 534 1858 lauros
569 1831 656 1874 pro
693 1818 900 1866 laturos,
954 1813 1101 1857 media

206 1873 377 1934 syllaba
403 1874 584 1917 omissa.
643 1872 747 1917 MS.
761 1872 877 1916 Bud.
902 1886 963 1914 ne
985 1872 1102 1914 victo

205 1932 396 1990 quidem
436 1932 637 1974 laturos.
714 1929 804 1973 Sed
843 1930 947 1974 satis
985 1928 1104 1972 salva

205 1997 273 2033 est
292 1989 465 2045 vulgata
490 1988 728 2046 scriptura.
790 1989 838 2031 V
835 1989 952 2031 ictos
971 1984 1104 2028 intel·

205 2047 295 2104 lige
315 2046 437 2103 ipsos
458 2045 535 2102 qui
558 2045 810 2103 loquuntur
834 2062 882 2088 ex
905 2043 1105 2102 partibus

205 2103 404 2148 Vitellii:
449 2102 679 2145 minantur
718 2101 759 2144 hi
795 2119 840 2145 se
875 2100 1103 2145 occisuros

205 2162 355 2221 potius
374 2158 688 2202 misericordia
712 2158 946 2201 Vitellium
971 2172 1106 2214 quam

207 2228 258 2263 ut
286 2219 516 2279 privatum
542 2223 585 2258 et
609 2215 878 2275 Vespasiano
901 2214 1103 2259 deditum

205 2283 485 2335 paterentur.
541 2272 785 2316 Rhenanus
805 2273 970 2316 frustra
992 2287 1103 2316 con-

205 2333 413 2379 iiciebat=
461 2346 521 2375 ne
551 2332 723 2373 victum
758 2333 941 2387 quidem
971 2332 1102 2372 latu·

205 2406 317 2444 πω,-
349 2387 638 2433 vern-anius:
661 2403 726 2431 ne
745 2392 897 2431 victor
919 2389 1105 2444 quidem

206 2453 410 2494 laturus.

265 2508 419 2562 ipsum
444 2518 579 2549 sane.
637 2502 691 2546 In
722 2501 792 2546 ed.
817 2501 939 2560 Spir.
963 2517 1103 2547 voca-

205 2564 368 2610 bulum
391 2577 509 2606 sane
535 2577 630 2605 non
657 2559 837 2617 legitur.

260 2621 503 2678 promitti:
552 2621 636 2661 sed
671 2627 758 2661 etc.
830 2617 968 2663 MSS.
992 2616 1105 2675 Reg.

207 2680 345 2726 Corb.
359 2687 404 2721 et
418 2677 488 2721 ed.
499 2675 898 2734 Spinpromittis:
925 2682 983 2727 et,
1008 2691 1106 2734 per-

207 2736 380 2794 vulgari
404 2733 693 2780 confusione.

261 2794 339 2837 ubi
366 2793 630 2848 imperium.
697 2787 805 2834 MS.
840 2788 975 2835 Bodl.
1010 2789 1104 2832 im-

203 2853 391 2908 perium
414 2850 511 2893 ubi.
802 2880 805 2882 -

264 2909 502 2952 invaserit.
558 2903 665 2951 MS.
678 2903 820 2950 Corb.
842 2906 1106 2948 invaserat.

263 2967 357 3009 nisi
391 2966 622 3008 exstineto
652 2966 895 3006 aemulata
929 2962 1107 3005 reditu-

208 3038 332 3068 ram.
391 3022 468 3066 Sic
479 3022 581 3066 MS.
595 3020 720 3065 Flor.
737 3023 862 3078 (test.
877 3018 1110 3075 Pichena)‚

209 3080 297 3125 nisi
349 3077 473 3138 quod
516 3077 737 3136 syllabam
776 3091 831 3121 re
873 3076 1009 3120 trahit
1051 3090 1074 3118 a

210 3136 484 3199 praecedens
507 3134 796 3180 vocabulum.
849 3134 910 3178 cf.
932 3140 1028 3178 not.
1051 3131 1108 3176 ad

210 3196 305 3242 An.
347 3193 417 3244 12,
458 3193 529 3249 50.
574 3191 658 3235 sub
700 3206 744 3236 v.
781 3192 1108 3235 rebellaturos,

210 3248 499 3299 Vocabulum
518 3248 765 3292 ‘aemulata
789 3247 1022 3293 descendit
1053 3247 1108 3289 ab

213 3309 509 3356 aemulatus,
551 3306 673 3363 quod
700 3315 766 3349 est
791 3305 1000 3364 particip.
1027 3303 1112 3347 de-

246 3382 320 3410 on.
344 3371 484 3424 praet.
505 3362 728 3420 ἀορίστως
749 3364 948 3421 positum
969 3360 1105 3420 signi-

212 3384 406 3482 iicatque
427 3420 681 3468 aemulum.
710 3436 815 3463 cum
839 3435 929 3477 quo
954 3419 1007 3464 de
1030 3419 1113 3460 im-

215 3479 341 3540 perio
373 3478 668 3538 Vespasianus
702 3477 953 3519 contendit.
1014 3475 1111 3518 Eo-

217 3539 319 3582 dem
344 3536 482 3582 modo
506 3536 778 3579 aemulatus
813 3533 999 3591 ponitur
1016 3533 1110 3577 An.

219 3595 285 3645 13,
307 3592 381 3640 46.
441 3593 546 3638 Vid.
580 3592 641 3637 ib.
676 3599 774 3635 not.
835 3590 968 3634 Addo
995 3589 1110 3634 nist.

1172 1754 1213 1808 3,
1246 1755 1316 1799 81.
1378 1754 1465 1798 An.
1491 1755 1532 1807 2,
1553 1755 1622 1801 56.
1661 1754 1703 1809 3,
1725 1755 1796 1802 80.
1852 1756 2066 1800 Proxime

1174 1813 1230 1856 ad
1271 1812 1476 1856 codicem
1511 1813 1635 1858 Flor.
1677 1814 1897 1858 accedunt
1928 1812 2066 1857 MSS.

1175 1870 1318 1915 Corb.
1341 1870 1482 1923 Eud„
1524 1871 1570 1914 in
1593 1872 1755 1929 quibus
1776 1881 1882 1915 sunt
1909 1871 2068 1915 verba:

1174 1930 1470 1972 aemulatore
1495 1932 1737 1973 daturam.
1797 1929 1935 1974 MSS.
1957 1928 2070 1986 Reg.

1177 1988 1289 2045 Agr.
1328 1986 1397 2028 ed.
1435 1986 1555 2043 Spir.
1590 1989 1890 2030 aemulatore
1924 1991 2069 2028 datu-

1174 2059 1300 2087 rum.
1358 2042 1422 2085 Ex
1453 2044 1722 2088 emendandi
1759 2043 1908 2088 studio
1930 2044 2070 2088 MSS.

1177 2100 1329 2144 Guelf.
1350 2099 1477 2143 Harl.
1499 2102 1579 2144 les.
1601 2101 1703 2145 edd.
1728 2101 1832 2146 Put.
1858 2117 1959 2160 sqq.
1986 2116 2070 2145 ae-

1175 2160 1410 2201 mulatore
1459 2160 1742 2203 redituram.
1827 2158 2071 2204 Rhenanus

1173 2215 1356 2261 volebat
1376 2218 1565 2257 aemulo
1585 2217 1864 2260 redituram.
1896 2215 2072 2274 Lipsius

1176 2271 1430 2316 emendavit
1462 2272 1687 2330 ediditque
1716 2275 1964 2316 aemulata
1994 2287 2072 2318 re-

1174 2333 1409 2383 dituram,
1453 2344 1588 2388 quem
1613 2331 1756 2374 secuti
1775 2339 1880 2374 sunt
1906 2345 2074 2375 recen-

1174 2388 1315 2432 tiores
1332 2386 1524 2430 editores
1547 2402 1721 2430 omnes.
1756 2387 1876 2430 Tum
1897 2396 2074 2432 senten·

1174 2447 1236 2490 tia
1271 2452 1338 2486 est
1372 2444 1524 2488 eadem
1560 2461 1612 2490 ac
1644 2444 1910 2496 verborum,
1960 2460 2074 2502 quae

1177 2517 1275 2560 cap.
1300 2501 1357 2543 75
1384 2501 1622 2560 leguntur:
1652 2505 1889 2558 dirempta
1914 2518 2075 2546 aemu-

1176 2561 1366 2610 latione.
1426 2560 1461 2602 l.
1479 2560 1554 2602 Fr.
1573 2559 1836 2604 Gronovius
1856 2560 2074 2605 coniicie-

1178 2618 1255 2661 bat
1277 2619 1572 2660 aemulatore
1586 2619 1823 2676 suturam.

1234 2675 1419 2717 casibus
1441 2674 1610 2720 dubiis.
1670 2674 1747 2718 Sic
1766 2673 1901 2718 MSS.
1917 2672 2072 2720 Guelf.

1177 2729 1305 2774 Harl.
1330 2729 1462 2774 Bodl.
1490 2731 1574 2776 les.
1606 2730 1706 2775 edd.
1734 2730 1835 2775 Put.
1861 2747 1959 2791 sqq.
1988 2747 2076 2777 nec

1178 2787 1409 2832 dubitant*
1446 2789 1716 2847 interpretes
1766 2804 1921 2834 veram
1957 2805 2074 2833 -eam

1179 2861 1273 2889 esse
1304 2843 1590 2903 scripturam.
1658 2845 1748 2890 Sed
1777 2845 1914 2901 MSS.
1945 2847 2074 2892 Flor.

1183 2905 1298 2958 (test.
1324 2901 1444 2947 Viet.
1477 2920 1580 2948 cum
1605 2902 1773 2960 Ryck.)
1804 2903 1914 2958 Reg.
1935 2903 2075 2948 Corb.

1180 2959 1250 3003 ed.
1272 2958 1392 3016 Spir.
1423 2962 1573 3015 captis
1601 2963 1781 3006 diebus.
1839 2960 1940 3006 MS.
1963 2963 2075 3018 Agr.

1174 3018 1338 3116 paugis
1361 3016 1537 3062 diebus.
1599 3017 1703 3063 MS.
1723 3018 1843 3065 Bud.
1869 3019 2080 3064 cassibus

1178 3078 1271 3117 duo
1304 3088 1375 3118 us.

1237 3135 1410 3175 nedum
1440 3131 1632 3177 Primus
1663 3147 1720 3177 aa
1747 3132 1943 3178 Fuscus.
2000 3132 2081 3179 sic

1182 3187 1286 3233 edd.
1331 3188 1454 3248 Spir.
1501 3189 1648 3234 Rhen.
1704 3194 1752 3247 (e
1799 3191 1903 3235 MS.
1939 3189 2078 3247 Bud.)

1181 3262 1280 3346 ⁵22¹.-
1308 3270 1396 3347 {fs
1437 3249 1867 3349 az.‘1²?'‘z.z'·¹‘'.'2²35
1899 3247 2083 3348 {fx}

1179 3318 1293 3403 ῗίυηι
1306 3337 1499 3404 Primus
1513 3367 1558 3404 et
1567 3335 1745 3406 Fusco}
1756 3337 1972 3406 eddsBer.
1986 3362 2080 3408 Alc.

1240 3420 1435 3461 altiores
1465 3420 1671 3474 spiritus.
1732 3419 1836 3464 MS.
1857 3418 1970 3477 Reg.
2001 3420 2077 3464 ed.

1184 3474 1303 3533 Spir.
1330 3478 1547 3518 altiorem
1570 3477 1813 3529 spiritum.
2068 3479 2075 3483 ’

1243 3534 1374 3588 quin,
1421 3541 1471 3575 ut
1489 3567 1500 3578 .
1523 3566 1534 3577 .
1559 3565 1571 3578 .
1593 3537 1789 3578 deceret.
1847 3533 1924 3579 Sic
1947 3535 2079 3579 MSS.

1186 3589 1340 3634 Guelf.
1367 3590 1532 3649 aliique
1554 3590 1753 3636 eiusdem
1776 3590 1971 3637 familiae
1997 3607 2079 3638 co-
2121 3598 2138 3605 ‘
