2138 4030
598 181 611 203 Ι

222 254 272 288 A.
291 255 342 289 U.
367 254 451 289 823.

221 299 270 332 A.
297 299 341 333 C.
391 299 447 330 70.

647 258 819 319 ΜΒ.
864 258 938 319 11.
1017 228 1211 319 CAP'.
1247 258 1344 318 56.
1385 217 1485 320 5⁸7.
1860 264 1977 322 192
2031 228 2034 229 ἢ

134 391 306 446 litum
345 382 754 447 interficerent.
842 388 1068 464 ipsique
1100 387 1315 445 milites
1351 384 1657 462 regionum
1682 394 1849 464 gnari
1881 412 1974 449 re-

132 477 311 531 fertos
337 493 504 547 agros
520 518 537 542 ,
580 471 1029 528 dites-dominos
1053 473 1117 527 in
1139 471 1416 547 praedam
1439 485 1566 542 aut,
1610 476 1658 530 si
1681 496 1972 551 repugna-

131 572 256 617 tum
304 559 502 627 soret,
544 559 619 613 ad
658 558 948 613 excidium
986 558 1358 614 destinabant
1413 559 1684 615 obnoxiis
1725 563 1971 619 ducibus

131 657 187 701 et
231 641 546 719 prohibere
598 663 720 698 non
771 643 944 712 ausis,
1030 643 1227 724 minus
1272 644 1550 711 avaritiae
1597 644 1660 699 in
1701 643 1968 713 Caecina,

127 730 261 804 plus
302 728 669 785 ambitionis:
742 726 961 783 Valens
1015 729 1092 784 ob
1133 726 1294 784 lucra
1332 739 1387 784 et
1421 726 1693 803 quaestus
1732 729 1968 787 infamis

127 833 313 890 eoque
348 813 572 869 alienae
609 813 784 868 etiam
822 813 1025 887 culpae
1071 813 1486 871 dissimulator.
1573 813 1691 868 iam
1737 815 1967 889 pridem

124 897 336 956 attritis
375 896 577 954 Italiae
624 899 800 953 rebus
842 909 1071 954 tantum
1105 898 1369 973 peditum
1415 897 1823 976 equitumque,
1879 900 1966 956 vis
2042 912 2044 915 ’

123 985 453 1058 damnaque
480 995 537 1040 et
561 983 811 1039 iniuriae
838 1002 1004 1055 aegre
1025 984 1445 1048 tolerabantur.

285 1066 478 1127 LVII.
522 1067 768 1124 Interim
788 1067 1065 1124 Vitellius
1089 1068 1364 1124 victoriae
1390 1087 1528 1124 suae
1549 1067 1779 1125 nescius
1802 1080 1869 1126 ut
1889 1071 1963 1125 ad

120 1154 411 1226 integrum
439 1154 664 1209 bellum
688 1154 944 1228 reliquas
972 1151 1312 1209 Germanici
1339 1152 1622 1210 exercitus
1643 1154 1805 1210 vires
1842 1165 1963 1210 tra-

121 1235 315 1297 hebat.
398 1240 573 1313 pauci
596 1251 860 1295 veterum
883 1238 1138 1294 militum
1164 1239 1223 1292 in
1254 1233 1523 1293 hibernis
1547 1238 1762 1309 relicti,
1799 1240 1963 1296 festi-
2027 1278 2030 1282 -

120 1323 273 1380 natis
299 1342 402 1397 per
429 1321 658 1379 Gallias
684 1324 1004 1379 delectibus
1022 1368 1038 1388 ‚
1089 1335 1158 1380 ut
1192 1323 1624 1379 remanentium
1658 1324 1959 1398 legionum

116 1409 361 1463 nomina
411 1409 837 1483 supplerentur.
945 1407 1102 1465 Cura
1150 1409 1312 1482 ripae
1354 1406 1703 1466 Hordeonio
1748 1408 1957 1466 Flacco

113 1488 420 1567 permissa:
478 1494 599 1567 ipse
630 1514 664 1549 e
689 1491 1034 1549 Britannico
1073 1495 1300 1552 delectu
1335 1504 1466 1549 octo
1500 1493 1689 1569 millia
1713 1493 1828 1550 sibi
1854 1496 1960 1551 ad·—

116 1578 323 1637 innxit.
410 1589 467 1634 et
496 1598 819 1653 paucorum
863 1579 1094 1635 dierum
1131 1580 1242 1636 iter
1279 1597 1619 1653 progressus
1651 1599 1958 1654 prosperas

113 1665 269 1738 apud
294 1662 645 1719 Bedriacum
671 1683 762 1719 res
794 1684 859 1720 ac
883 1676 1072 1720 morte
1098 1660 1360 1723 Othonis
1388 1663 1710 1720 concidisse
1733 1665 1957 1720 bellum

112 1748 348 1822 accepim
433 1760 637 1804 vocata
663 1750 945 1804 concione
965 1750 1244 1805 virtutem
1267 1749 1526 1806 militum
1546 1748 1824 1806 laudibus
1855 1769 1958 1806 cu-

112 1833 313 1893 mulat.
399 1832 742 1890 Postulante
779 1834 1065 1903 exercitu,
1117 1846 1183 1890 ut
1215 1833 1496 1889 libertum
1529 1853 1701 1890 suum
1736 1829 1958 1891 Asiati-

112 1938 242 1974 cum
267 1919 518 1999 equestri
543 1918 824 1991 dignitate
847 1921 1123 1987 donaret,
1161 1914 1534 1975 inhonestam
1555 1919 1956 1977 adulationem

1066 2136 1182 2180 lebat
1225 2135 1442 2187 numer-1⁹3
1488 2134 1729 2194 Rupertiiis
1760 2138 1955 2178 damna.

1065 2194 1130 2236 Im
1140 2210 1212 2236 mo
1236 2196 1445 2236 nomina.
1483 2192 1597 2236 Nam
1623 2191 1820 2258 legiones
1840 2193 1955 2235 abie-

637 2135 720 2182 Ed.
751 2135 870 2195 Spir.
913 2152 993 2178 re-

162 2135 359 2190 resertos
401 2149 558 2190 agros.

92 2193 246 2249 sectos
274 2208 430 2247 agros.
493 2194 602 2237 Mox
634 2195 811 2236 eadem:
843 2194 995 2237 Minus

13 2721 18 2728 ,
71 2684 284 2719 ‘tantum
330 2677 452 2720 iubet
494 2677 647 2721 deleri.

104 2251 333 2293 αὐανιίἰαε
371 2251 419 2293 in
452 2251 646 2294 Cecz'na:
677 2254 786 2307 plus
819 2252 996 2294 Valens

67 2338 69 2341 ι
104 2308 370 2350 ambitionis
392 2311 447 2350 ob
470 2316 554 2351 etc.

160 2398 347 2433 tantum
370 2393 579 2445 peditum
605 2399 693 2435 ete.
755 2393 828 2436 Sic
850 2392 989 2438 MSS.

102 2455 144 2491 et
165 2448 265 2490 edd.
285 2459 466 2505 excepto
491 2448 786 2498 cod.Guelf.,
819 2451 893 2507 qui
919 2452 993 2494 dat

100 2513 261 2548 tamen
304 2508 516 2559 peditum
557 2505 780 2564 frequenti
823 2509 868 2550 in
911 2507 989 2550 illo

100 2563 256 2606 codice
302 2563 431 2608 vitio.
519 2563 750 2607 Acidalius
810 2565 990 2609 volebat

101 2627 238 2662 tanta
272 2622 478 2675 peditum
503 2629 604 2664 etc.
678 2620 852 2680 Lipsius
886 2639 988 2667 voe.

729 2681 986 2737 Pei-peram.

103 2733 330 2778 vocabula
370 2737 439 2778 vis
480 2739 749 2791 damnaque
783 2739 988 2781 et-iniu·

99 2791 201 2833 riae
247 2808 330 2851 per
371 2791 643 2850 ἔπεξὴγησιν
684 2794 988 2853 adponuntur,

100 2848 223 2911 quasi
246 2850 463 2908 scriptum
490 2860 628 2894 esset:
661 2860 835 2895 tantum
859 2852 988 2910 pedi-

98 2913 191 2949 tum
213 2906 507 2974 equ-itumque
529 2925 632 2952 cum
657 2909 701 2951 vi
725 2909 988 2967 damnisque

99 2963 350 3024 ejt'iniuriis,
376 2965 475 3022 quis
499 2982 581 3024 per
600 2963 703 3008 illos
727 2967 988 3011 adlicieban-

15 3039 28 3057 .·
97 3029 171 3064 tur
191 3021 390 3065 homines
404 3055 416 3074 ,
446 3039 574 3082 aegre
596 3021 919 3068 tolerabantur.

0 3094 12 3107 ⁹
93 3135 98 3141 ‹
155 3105 270 3150 CAP.
294 3109 363 3152 57.
423 3109 634 3164 reliquos
663 3109 720 3150 G.

753 3110 986 3153 exercitus

96 3165 216 3207 ὐίνεε
269 3168 501 3209 trahebat.
593 3164 725 3209 MSS.
781 3165 892 3210 Bud.
943 3176 987 3211 et

97 3218 245 3266 Guelf.
275 3224 496 3279 reliquias
526 3222 584 3266 G.
614 3225 848 3267 exercitus
862 3230 984 3267 πίνα-

23 3283 38 3296 ”
96 3279 245 3325 habat.
276 3314 279 3317 Α

115 3367 118 3373 ’
153 3364 415 3407 delentibus.
483 3363 588 3407 MS.
629 3363 781 3407 Guelf.
826 3365 985 3408 militi·

101 3420 195 3462 bus.
251 3421 328 3478 'ln
364 3436 504 3479 marg.
540 3438 564 3464 a
602 3437 703 3474 rec.
727 3438 865 3466 manu
905 3426 986 3466 de—

98 3478 299 3523 'cetibus-

157 3563 391 3617 legionum
404 3562 615 3606 nomina.
660 3561 887 3607 Acidalius
909 3580 986 3610 vo·

1064 2262 1165 2294 rant
1196 2253 1350 2294 relicta
1380 2250 1530 2309 aliqua
1562 2267 1586 2293 e
1611 2250 1796 2305 smgulis
1821 2250 1954 2308 legio-

1067 2310 1196 2352 nibus
1239 2325 1400 2358 manu,
1450 2324 1562 2366 quae
1604 2306 1832 2365 legionum
1873 2323 1954 2349 no·

1066 2367 1187 2409 mina
1212 2366 1273 2409 ibi
1299 2365 1503 2410 servabat
1529 2373 1574 2408 et
1596 2380 1711 2424 quae
1734 2365 1819 2408 iam
1853 2381 1953 2422 sup·

1064 2423 1226 2482 plenda
1247 2431 1366 2470 erat,
1397 2431 1446 2464 ut
1474 2422 1674 2479 integrae
1706 2422 1863 2464 fierent
1896 2421 1954 2464 le·

1065 2481 1235 2538 giones.
1306 2479 1355 2521 ln
1390 2479 1490 2523 MS.
1520 2477 1673 2522 Guelf.
1716 2479 1818 2522 edd.
1851 2478 1955 2521 Put.

1063 2539 1131 2580 M.
1166 2546 1208 2581 et
1240 2535 1295 2579 V.
1337 2537 1461 2580 deest
1499 2536 1772 2583 vocabulum
1809 2538 1954 2590 legio—

1060 2610 1191 2638 num.
1391 2626 1393 2628 -

1117 2694 1228 2721 cura
1249 2680 1396 2734 ripae.
1454 2677 1531 2722 Sic
1552 2678 1651 2722 edd.
1671 2676 1797 2720 Pieh.
1819 2676 1951 2721 Grut.

1060 2736 1276 2793 Be1·negg.
1300 2753 1395 2795 sqq.
1419 2753 1442 2779 e
1469 2735 1570 2779 cod.
1587 2734 1853 2785 MS.Flor.,
1873 2736 1949 2790 qui

1061 2795 1136 2836 dat
1156 2795 1314 2836 curari
1327 2809 1420 2849 pac
1441 2792 1681 2848 (test.Vict.
1695 2823 1707 2842 ,
1730 2792 1803 2849 qui
1828 2792 1951 2834 iubet

1060 2851 1226 2908 corrigi
1269 2867 1382 2893 cura
1415 2852 1581 2906 ripae).
1651 2848 1846 2892 Piehena
1887 2848 1951 2891 ibi

1061 2908 1169 2951 vidit
1190 2910 1350 2951 curari
1361 2924 1435 2963 pe.
1499 2907 1646 2951 Ceteri
1669 2905 1773 2948 libri
1795 2905 1948 2962 scripti

1060 2974 1103 3009 et
1123 2974 1224 3009 ante
1246 2965 1372 3009 Pieh.
1401 2964 1506 3008 editi
1531 2965 1682 3023 legunt
1701 2979 1812 3006 cura
1830 2965 1951 3016 belli,

1060 3024 1487 3124 {Simrissfipssifisstff
1507 3019 1951 3122 ἓιὲἓῖῗέιῗῖἒζῗέἷὲἳ

1059 3147 1194 3181 nemo
1213 3136 1444 3182 dubitabit.
1456 3159 1509 3170 -
1521 3136 1636 3179 Mox
1652 3153 1732 3193 pro
1741 3136 1951 3178 IIordeo-

1057 3197 1133 3237 nio
1177 3194 1278 3237 MS.
1313 3194 1428 3238 Bud.
1471 3193 1601 3237 habet
1633 3193 1947 3236 Pleordeonio.

1056 3252 1221 3296 Littera
1256 3250 1301 3292 Ρ
1327 3251 1525 3295 adhaesit
1563 3268 1586 3294 e
1627 3251 1778 3308 priore
1821 3265 1946 3294 voce.

1055 3310 1157 3353 MS.
1201 3307 1354 3352 Guelf.
1395 3311 1689 3352 Hor-deonna.
1769 3305 1948 3350 Deinde

1055 3367 1158 3410 MS.
1184 3365 1335 3412 Guelf.
1357 3375 1400 3411 et
1427 3367 1497 3410 ed.
1518 3365 1638 3424 Spir.
1662 3368 1839 3408 delecta
1861 3379 1943 3421 pio

1056 3426 1248 3466 delectu.

1113 3481 1447 3552 Bedriacum..
1463 3507 1610 3560 Libri,
1634 3516 1850 3565 utsupra.
1883 3505 1942 3550 es.

1058 3574 1153 3609 not.
1176 3566 1229 3609 ad
1254 3582 1294 3611 e.
1318 3566 1390 3611 23.
