2138 4030
130 201 165 236 A
202 198 254 234 U.
272 192 356 232 823.

130 248 180 280 A.
203 241 249 278 C.
296 241 359 280 70.

534 197 705 260 LlB.
752 199 856 277 IV.
937 198 1132 260 CAP.
1167 202 1272 261 23.
1309 202 1410 278 2-4.
1782 205 1903 264 595

46 338 197 411 lere,
236 347 306 392 ut
331 332 435 390 alii
463 339 855 408 superstantes
881 339 1165 405 tanquam
1195 348 1263 384 ex
1299 347 1504 403 agg-ere
1540 334 1904 405 proeliaren-

45 418 175 490 tur,
217 422 352 497 pars
377 418 538 473 intus
562 411 778 472 occulti
810 433 1014 470 muros
1035 414 1422 477 “subruerent.
1510 414 1628 475 Sed
1669 438 1925 483 excussa-
1972 463 1976 469 ,

44 503 295 563 ballistis
319 523 453 560 saxa
476 512 731 557 stravere
757 498 1011 555 informe
1052 519 1226 574 opus:
1267 510 1325 556 et
1359 510 1543 556 crates
1583 501 1902 580 vineasque

43 589 389 666 parantibus
428 588 664 650 adactae
702 583 1012 656 tormentis
1047 585 1319 640 ardentes
1354 579 1579 641 hastae:
1624 587 1915 664 ultroque.

45 675 160 752 ipsi
196 671 625 751 oppugnatores
660 669 896 742 ignibus
938 670 1319 743 petebantur,
1375 669 1563 725 donec
1604 670 1906 746 desperata

44 761 106 815 vi
142 769 438 830 verterent
468 755 777 812 consilium
812 756 887 811 ad
912 756 1136 824 moraS,
1179 750 1342 810 haud
1362 753 1553 828 ignari
1581 775 1905 834 paucorum

47 846 277 902 dierum
298 844 487 899 inesse
510 841 788 914 alimenta
809 850 865 911 et
885 839 1138 896 multum
1162 838 1423 895 imbellis
1444 839 1670 900 turbae.
1727 841 1919 911 simul-

47 951 121 986 ex,
143 930 344 1005 inopia
379 926 640 1004 proditio
676 937 731 982 et
763 925 921 982 fluxa
962 924 1339 981 servitiorum
1374 924 1518 982 fides
1558 945 1625 982 ac
1662 925 1904 984 fortuita

45 1014 191 1071 belli
220 1015 626 1090 sperabantur.

215 1110 441 1172 XXIV.
541 1109 786 1177 Flaccus
824 1109 1064 1167 interim
1104 1109 1336 1183 cognito
1375 1120 1699 1167 castrorum
1743 1112 1906 1168 obsi.-

46 1198 145 1256 dio
186 1210 243 1256 et
282 1197 475 1254 missis
511 1216 618 1271 per
658 1192 914 1264 Gallias,
956 1195 1061 1271 qui
1097 1195 1313 1251 auxilia
1354 1194 1683 1266 concirent,
1725 1197 1921 1255 lectos

48 1305 79 1340 e
116 1284 447 1358 legionibus
467 1279 654 1338 Dillio
694 1277 954 1337 Voculae
993 1280 1500 1336 duodevicesimae
1537 1280 1787 1353 legionis
1820 1283 1906 1338 le-

47 1380 179 1443 gato
205 1369 409 1438 tradit,
452 1378 520 1423 ut
541 1386 720 1443 quam
741 1365 1010 1422 maximis
1045 1385 1152 1440 per
1186 1365 1378 1440 ripam
1415 1364 1727 1423 itineribus
1753 1367 1906 1423 cele-

47 1454 222 1512 raret.
319 1453 445 1529 ipse
481 1452 760 1527 pavid11S‚
815 1450 1115 1507 invalidus
1151 1470 1426 1526 corpore,
1479 1450 1705 1513 invisus
1744 1452 1905 1508 mili-

104 1707 155 1741 ut
175 1700 271 1742 alii.
330 1697 412 1741 Ed.
434 1696 554 1755 Spir.
575 1705 626 1740 ut
655 1695 772 1741 aliis.
845 1695 937 1740 Ea·-

49 1757 151 1800 dem
175 1772 277 1799 mox
294 1770 445 1809 parus
466 1771 548 1813 pro
566 1770 700 1810 pars-

103 1847 439 1894 superstantes.
499 1838 600 1882 MS.
619 1838 736 1882 Bud.
760 1853 939 1893 supra-

46 1905 242 1940 stantes.
305 1897 363 1940 cf.
385 1904 477 1940 not.
499 1897 553 1940 ad
581 1899 702 1948 1,20.
727 1922 784 1931 -
828 1897 939 1940 Mox

48 1970 144 1997 voc.
187 1955 236 1996 in
259 1970 387 2000 orme
418 1970 510 1997 non
554 1955 714 2014 legitur
749 1955 797 1998 in
831 1954 936 2000 MS.

49 2010 200 2054 Guelf-

105 2098 303 2138 adactae
328 2099 587 2140 tormentis.
631 2096 864 2140 Herbstius
889 2097 936 2140 in

46 2153 378 2197 Animadverss.
420 2171 462 2213 p.
496 2154 568 2198 31.
623 2155 778 2197 scribit
822 2171 938 2199 con-

46 2209 339 2255 structionem
394 2228 579 2270 poscere
635 2212 936 2269 praepositio-

46 2265 150 2310 nem
176 2283 200 2310 e
224 2270 290 2322 (ut
314 2268 432 2327 legas
455 2285 479 2311 e
503 2271 792 2326 tormentis),
822 2285 938 2328 quae

46 2324 177 2368 facile
210 2326 409 2383 potuerit
438 2325 639 2370 excidere
667 2327 724 2369 ob
748 2342 937 2384 praece-

49 2382 157 2424 dens
186 2397 222 2426 e.
294 2384 381 2426 Sed
414 2386 660 2426 tormentis
693 2392 758 2426 est
786 2385 938 2428 ablati·

48 2454 132 2482 vus
166 2438 473 2488 instrumenti,
517 2442 591 2498 qui
626 2441 810 2498 ponitur
842 2442 938 2486 sine

48 2496 396 2555 praepositione.
457 2497 514 2542 cf.
552 2498 824 2542 Ramshorn.
853 2497 937 2543 Gr.

46 2556 91 2608 §.
120 2555 217 2598 141.
249 2571 292 2613 p.
310 2555 412 2598 256.

109 2646 466 2693 oppugnatores.
528 2639 629 2683 MS.
647 2638 798 2684 Guelf.
812 2648 854 2683 et
869 2639 940 2684 ed.

49 2693 167 2751 Spir.
211 2704 551 2750 oppugnantes.
592 2726 651 2734 -
720 2698 829 2740 Mox
866 2699 937 2742 ed.

49 2751 255 2795 Beroald.
280 2753 435 2796 vitiose
459 2759 522 2796 ad
542 2770 693 2808 mora,
724 2763 767 2799 et
788 2756 946 2811 ignari

51 2824 134 2867 pro
156 2809 329 2862 ignari.

106 2894 441 2945 sperabantur.
502 2895 604 2939 MS.
623 2896 730 2954 Agr.
755 2905 941 2952 specta-

50 2949 238 2992 bantur.

108 3032 219 3077 CAP.
243 3034 315 3079 24.
371 3038 552 3089 cognito
575 3045 842 3082 castrorum
869 3041 941 3081 ob·

51 3090 186 3133 sidio.
254 3092 356 3136 MS.
392 3092 504 3153 Reg.
537 3098 719 3149 cognita
753 3104 940 3139 castro-

52 3162 161 3193 rum
204 3151 450 3194 obsidione.
536 3153 623 3195 Sed
659 3153 717 3196 cs.
760 3162 854 3197 not.
886 3154 940 3197 ad

52 3205 142 3249 An.
168 3205 233 3257 13,
256 3207 327 3251 41.

109 3290 250 3333 lectos
272 3305 297 3332 e
317 3292 583 3345 legionibus.
642 3293 942 3353 Praepositio-

53 3359 155 3388 nem
197 3362 221 3389 e
264 3349 478 3392 suadente
519 3349 702 3394 Mureto
751 3352 944 3396 restituit

52 3400 274 3456 Pichena,
301 3420 359 3448 an
397 3422 419 3448 e
454 3406 551 3450 MS.
577 3407 725 3459 Flor„
761 3418 809 3452 ut
833 3409 944 3453 Bro-

55 3459 191 3503 terius
212 3462 474 3514 *adlit-mat,
531 3466 648 3522 apud
702 3465 943 3511 Piebenam

57 3530 148 3558 non
181 3517 371 3564 additur.
433 3521 571 3565 Adest
597 3522 867 3583 praepositio
898 3524 944 3568 iu

1009 1693 1110 1738 MS.
1145 1695 1283 1740 corb.
1323 1719 1375 1729 -
1446 1693 1677 1738 Victorius
1726 1695 1903 1740 silentio

1007 1752 1199 1796 tramisit
1259 1751 1519 1807 legionibus
1537 1783 1550 1800 ‚
1622 1753 1746 1809 quod
1808 1753 1905 1797 sine

1010 1809 1339 1868 praepositione
1376 1817 1511 1853 exstat
1534 1808 1592 1851 in
1625 1809 1757 1857 MSS.
1795 1810 1904 1869 Reg.

1008 1867 1135 1911 Harl.
1166 1866 1296 1910 Bodl.
1335 1867 1418 1910 les.
1453 1865 1555 1909 edd.
1583 1866 1703 1924 Spir.
1724 1868 1904 1912 Puteot.

1009 1942 1108 1983 sqq.
1141 1925 1196 1968 ad
1220 1924 1479 1967 Picbenam.
1515 1948 1572 1957 -
1624 1925 1724 1977 MS.
1746 1924 1903 1969 Guelf.

1008 1984 1201 2042 primam
1227 1981 1441 2040 syllabam
1461 1983 1506 2022 le
1533 1980 1664 2024 babet
1687 1998 1709 2024 a
1733 1998 1906 2026 secun-

1009 2042 1064 2084 da
1091 2055 1224 2084 manu
1240 2040 1286 2081 in
1307 2038 1439 2081 litura
1458 2045 1499 2080 et
1518 2039 1679 2082 omissa
1699 2047 1765 2081 est
1781 2046 1923 2096 praes

1009 2097 1189 2155 positio.
1275 2096 1337 2140 cf.
1377 2094 1486 2139 infr.
1513 2111 1554 2139 c.
1578 2096 1648 2139 46.
1686 2104 1731 2139 et
1762 2100 1907 2140 lectus

1008 2158 1056 2197 in
1083 2157 1284 2197 eandem
1307 2167 1439 2209 spem
1468 2168 1492 2195 e
1524 2156 1778 2208 legionibus
1811 2157 1908 2197 mi-

1009 2215 1097 2256 les.

1066 2294 1477 2338 duodem‘oesimoe.
1519 2293 1594 2338 Sic
1606 2294 1740 2338 MSS.
1756 2294 1906 2341 Guelf.

1009 2353 1132 2398 Harl.
1160 2353 1244 2395 les.
1266 2351 1413 2398 Vatic.
1441 2351 1569 2395 1958.
1597 2353 1696 2394 edd.
1718 2353 1818 2397 Put.
1840 2355 1907 2396 M.

1011 2419 1054 2453 et
1087 2411 1141 2452 V.
1187 2409 1396 2452 Beroald.
1439 2407 1611 2452 Aleiat..
1650 2409 1824 2466 Micyll.
1865 2419 1939 2454 et:¹

1013 2468 1177 2510 deinde
1209 2466 1336 2509 Picb.
1378 2466 1511 2510 Grut.
1545 2482 1641 2525 sqq.
1739 2468 1796 2510 Et
1826 2467 1908 2510 Pi-

1012 2525 1148 2568 cbena
1172 2524 1328 2567 scribit
1352 2539 1455 2566 eum
1480 2538 1718 2570 numerum
1747 2533 1905 2581 postu·
1961 2549 1964 2557 ι

1013 2580 1094 2626 lari
1119 2599 1141 2624 a
1169 2580 1294 2623 libris
1318 2588 1359 2624 et
1383 2582 1437 2623 ab
1461 2580 1659 2624 historia.
1725 2582 1784 2625 cf.
1809 2591 1907 2626 not.

1011 2639 1066 2682 ad
1103 2638 1215 2681 nist.
1252 2642 1292 2686 1,
1320 2637 1390 2681 55.
1422 2663 1478 2670 -<
1539 2642 1630 2679 duo
1666 2645 1712 2680 et
1745 2641 1905 2682 vicesi-

1011 2713 1120 2740 mae
1165 2695 1222 2748 (s.
1263 2695 1568 2746 vicensimae)
1605 2695 1740 2739 MSS.
1774 2697 1902 2747 Flos.

1014 2757 1135 2810 (test.
1164 2753 1284 2796 Vict.
1312 2769 1414 2796 cun·
1442 2750 1637 2804 vakio)
1663 2752 1770 2811 Reg.
1789 2754 1905 2797 Bud.

1014 2811 1146 2855 Bodt.
1169 2809 1308 2853 Corb.
1341 2809 1443 2852 edd.
1473 2801 1593 2867 Spir.
1630 2808 1774 2854 Rhen.
1804 2812 1907 2856 ΑΜ.

1012 2869 1162 2927 Lipsii.
1223 2867 1347 2909 ldem
1372 2882 1590 2909 numerus
1621 2866 1665 2909 in
1689 2866 1792 2911 MS.
1822 2869 1905 2912 Va-

1013 2926 1090 2970 tic.
1118 2925 1278 2983 legitur
1303 2923 1648 2983 superscriptus.

1073 3010 1169 3065 ipse
1190 3007 1407 3063 pavidus,
1421 3055 1429 3062 ,
1443 3007 1678 3054 invalidus
1700 3023 1906 3064 corpore.

1012 3067 1075 3110 Ex
1124 3065 1434 3109 emendatione
1472 3063 1718 3117 Pichenae‚
1772 3083 1907 3125 quam

1013 3125 1061 3167 in
1099 3123 1252 3167 locum
1298 3119 1471 3178 recepit
1503 3120 1589 3165 lac.
1626 3121 1907 3172 Gronovius.

1014 3184 1074 3225 At
1102 3181 1160 3223 ita
1196 3181 1344 3230 locum
1371 3178 1685 3236 corrigendum
1709 3181 1794 3224 iarn
1819 3182 1906 3239 pri·

1016 3239 1117 3282 den·
1143 3235 1368 3286 Victorius
1402 3233 1687 3279 divinaverat.
1748 3237 1901 3281 Praei-

1016 3295 1076 3337 vit
1115 3295 1214 3338 MS.
1250 3293 1397 3345 Flor„
1452 3292 1501 3335 iu
1551 3310 1642 3352 quo
1698 3293 1907 3352 leguntur

1016 3352 1147 3395 haec:
1182 3351 1279 3406 ipse
1301 3351 1517 3402 nauibus,
1549 3352 1779 3393 inualidus
1801 3365 1905 3392 cor-

1012 3424 1146 3465 pore.
1228 3407 1394 3458 Eadem
1426 3413 1531 3451 sunt
1565 3407 1612 3451 in
1638 3405 1773 3451 MSS.
1796 3407 1906 3477 Reg-

1017 3466 1157 3516 corb.
1178 3459 1289 3524 Agr.
1309 3464 1380 3518 ed.
1402 3459 1522 3524 Spir.
1549 3493 1606 3502 --
1649 3466 1745 3520 ipse
1766 3479 1903 3519 pava-

1016 3526 1105 3567 dus
1166 3531 1373 3577 ,ιονρινες
1444 3524 1624 3567 invisus
1683 3522 1907 3582 militibus
