2138 4030
127 191 177 230 A,
196 190 249 228 U.
263 190 350 227 82⁴..

128 238 176 281 A,
198 235 246 273 C.
271 237 348 275 .71.

422 283 430 305 χ
543 185 719 248 Lm.
751 178 831 246 V.
920 175 1121 240 CAP.
1155 172 1254 240 15.
1294 173 1392 238 16.
1770 166 1911 246 509*

41 328 224 389 latera
258 345 324 384 ac
359 334 520 395 terga
555 310 1098 374 circumvenientes,
1183 323 1407 381 neque,
1448 313 1516 363 ut
1547 301 1615 359 in
1640 299 1900 378 pedestri

42 416 198 484 acie,
240 408 510 468 cominus
531 401 861 459 certabatur
873 417 889 468 3
946 395 1080 462 sed,
1130 401 1431 464 tamquam
1456 386 1655 444 navali
1683 375 1934 461 pugna‚'
2003 376 2005 379 ’

41 499 177 574 vagi
201 498 356 554 inter
378 491 570 555 undas
593 497 722 554 aut,
762 483 812 538 si
837 480 980 559 quid
1011 475 1218 534 stabile
1240 473 1583 530 occurrebat
1601 517 1616 540 ,
1659 471 1798 527 totis
1823 470 1902 526 il-
1960 469 1968 474 “

41 586 121 642 lic
162 578 509 657 corporibus
543 572 830 638 nitenteS‚
882 561 1178 621 vulnerati
1215 579 1350 616 cum
1390 557 1662 630 integriS,
1726 549 1932 631 periti

41 668 229 727 nandi
261 684 395 724 cum
431 657 652 736 ignaris
691 655 757 709 in
789 662 1057 711 mutuam
1081 643 1403 722 perniciem
1426 641 1902 716 implicabantur.

41 755 240 812 minor
264 763 463 814 tamen
499 761 676 821 quam
713 757 820 814 pro
859 734 1120 792 tumultu
1158 731 1387 787 caedes:
1445 726 1582 803 quia
1616 746 1740 780 non
1775 723 1905 781 ausi

44 837 245 914 egredi
266 833 546 911 paludem
571 822 860 884 Germani
880 821 944 876 in
973 829 1157 875 eastra
1182 815 1430 871 rediere.
1514 807 1664 867 Eius
1688 809 1904 885 proelii

45 931 290 983 eventus
317 931 637 991 utrumque
668 911 877 967 ducem
902 902 1151 961 diversis
1178 898 1365 957 animi
1390 896 1651 954 motibus
1678 896 1752 950 ad
1775 915 1906 952 ma-

43 1008 369 1070 turandum
397 1017 657 1059 summae
681 994 770 1052 rei
804 990 1120 1049 discrimen
1157 984 1359 1044 erexit.
1444 979 1655 1040 Civilis
1687 979 1906 1036 instare

41 1096 341 1153 fortunae:
386 1083 636 1146 Cerialis
675 1079 910 1137 abolere
949 1071 1365 1148 ignominiam.
1445 1063 1736 1124 Germani
1762 1080 1907 1140 pro-

45 1179 230 1256 speris
269 1178 519 1233 feroces:
570 1167 880 1226 Romanos
910 1161 1107 1240 pudor
1140 1156 1507 1212 excitaverat.
1593 1170 1712 1208 nox
1746 1149 1907 1224 apud

45 1265 329 1323 barbaros
367 1267 545 1316 cantu
579 1263 680 1310 aut
718 1251 1004 1316 clamore,
1055 1241 1273 1300 nostris
1310 1259 1416 1317 per
1455 1238 1604 1295 iram
1632 1246 1691 1294 et
1713 1235 1909 1292 minas

47 1361 192 1410 acta.

217 1452 384 1516 XVI.
425 1451 667 1510 Postera
698 1447 828 1502 luce
852 1441 1102 1501 Cerialis
1136 1437 1331 1515 equite
1362 1446 1421 1492 et
1449 1432 1772 1492 auxiliariis
1809 1453 1915 1489 co-

45 1544 319 1604 hortibus
353 1539 612 1595 frontem
651 1531 867 1606 explet:
924 1529 989 1583 in
1025 1525 1280 1582 secunda
1312 1522 1434 1578 acie
1465 1518 1727 1593 legiones
1747 1518 1926 1576 loca-.

44 1644 167 1690 tae:
214 1629 336 1684 dux
371 1623 487 1679 sihi
524 1621 778 1676 delectos
816 1613 1142 1671 retinuerat
1169 1610 1242 1665 ad
1270 1605 1611 1683 improvisa.
1697 1600 1911 1660 Civilis

47 1711 211 1774 haud
238 1719 508 1787 porrecto
542 1702 807 1778 agmine,
852 1700 954 1755 sed
983 1695 1182 1753 cuneis
1211 1692 1455 1750 adstitit.
1539 1688 1750 1746 Batavi
1776 1685 1923 1745 Gna.»

47 1798 328 1876 gernique
366 1794 432 1849 in
469 1793 698 1848 dextro:
754 1787 920 1842 laeva
959 1803 1024 1838 ac
1065 1779 1343 1855 propiora
1374 1773 1643 1833 fluminis
1683 1772 1914 1830 Trans-

48 1882 304 1944 rhenani
377 1891 635 1937 tenuere.
763 1866 1115 1927 Exhortatio
1190 1866 1411 1921 ducum
1435 1907 1451 1931 ‚
1552 1880 1679 1916 non
1745 1877 1916 1915 more

48 1966 350 2030 concionis
412 1963 567 2039 apud
634 1957 944 2016 universos
1013 1952 1114 2008 sed
1183 1961 1251 2007 ut
1325 1964 1591 2026 quosque
1663 1963 1910 2004 suorum

44 2201 163 2247 unde
204 2197 446 2242 Rhenanus
490 2176 684 2235 conieci}
728 2187 938 2231 dimissa.

42 2259 132 2305 Sed
152 2257 374 2314 vulgatam
395 2249 664 2306 scripturam
687 2245 789 2289 satis
814 2252 941 2286 tuen·

42 2327 118 2369 tur
138 2311 275 2358 ceteri
300 2309 422 2353 libri.

101 2372 306 2414 cominus
326 2364 612 2408 certabatur.
673 2358 946 2403 MSS.F101·.
972 2403 974 2405 ,

49 2434 167 2488 (test.
206 2426 296 2470 Iac.
319 2422 544 2475 GronOV.)
580 2418 691 2476 Reg.
725 2416 796 2461 ed.
823 2414 945 2473 Spir.

45 2487 256 2532 eominus
283 2482 443 2524 minus
476 2479 767 2525 certabatur,
806 2487 946 2530 quare

47 2547 136 2590 lae.
173 2538 436 2584 Gronovius
467 2532 664 2578 coniecit
697 2531 942 2587 legendum

46 2601 254 2647 cominus
279 2597 485 2642 eminus,
514 2591 652 2648 idque
677 2587 818 2632 edidit
832 2587 944 2629 Bro-

43 2659 202 2706 terius.
259 2650 493 2696 Victorius
521 2648 738 2691 intactum
764 2641 945 2700 reliquit

46 2718 272 2775 vulgatam
293 2709 561 2767 scripturam
579 2736 591 2754 ,
622 2712 665 2747 et
684 2704 880 2746 fortasse
895 2717 945 2743 ex

44 2774 166 2819 inani
201 2767 462 2827 repetitione
501 2770 566 2806 est
610 2761 721 2805 illud
762 2759 942 2811 minus,

45 2846 159 2891 quae
193 2824 450 2883 saepissime
489 2821 539 2864 fit
574 2819 620 2862 in
660 2817 851 2861 transitu
887 2814 942 2858 ad

44 2901 220 2934 novum
253 2896 453 2929 versum.
525 2876 629 2920 MS.
668 2876 754 2918 les.
788 2881 944 2917 certa-

42 2949 228 2990 bantur.
272 2990 274 2992 v

104 3003 230 3044 inter
263 3000 432 3041 undas.
493 2990 628 3036 MSS.
662 2988 817 3033 Guelf.
855 2986 943 3030 les.

46 3056 170 3105 intus
196 3057 368 3099 undas.

103 3117 214 3171 quia
241 3124 338 3155 non
370 3110 493 3154 ausi.
556 3106 658 3148 MS.
690 3102 843 3146 Guelf.
873 3101 943 3144 ed.

48 3174 168 3231 Spir.
189 3172 269 3228 qui
284 3184 379 3212 non
398 3168 515 3210 ausi.
547 3163 716 3206 Eadem
739 3160 810 3203 ed.
825 3158 943 3217 Spir.

0 3258 11 3279 r
47 3240 150 3276 aute
171 3228 371 3271 diversz's
390 3225 512 3268 addit
534 3222 640 3278 qui;
678 3234 764 3277 pro
797 3216 941 3259 moti-

45 3293 128 3338 bus
153 3301 203 3330 ea
227 3285 358 3329 habet
384 3282 591 3327 moribus
616 3287 656 3319 et
684 3273 943 3318 Germanis

42 3343 284 3403 prosperis
308 3356 392 3399 pro
415 3335 648 3381 Germani
660 3333 911 3389 prosper-1⁶3.

103 3402 300 3445 rediere.
349 3395 449 3440 MS.
467 3394 582 3437 Bud.
610 3393 783 3435 redire.
829 3389 941 3431 Mox

48 3458 170 3503 idem
207 3455 556 3503 -exersitaverat
616 3463 699 3506 pro
755 3447 939 3491 excita-

46 3521 193 3559 verat.

1074 2183 1318 2231 Romanos
1363 2153 1533 2234 pudor.
1610 2177 1712 2222 MS.
1753 2175 1908 2222 Guelf.

1014 2242 1262 2286 Romanus
1279 2241 1450 2294 pudor.

1078 2312 1190 2354 CAP.
1222 2310 1289 2352 16.
1345 2307 1614 2351 auxiliariis
1633 2305 1925 2349 cohortibus.-

1016 2370 1100 2412 Ed.
1135 2367 1255 2424 Spir.
1284 2365 1596 2409 auxiliaribus
1629 2364 1914 2407 cohortibus.

1017 2428 1127 2470 Mox
1151 2428 1335 2467 delecta
1354 2438 1438 2481 pro
1466 2423 1681 2464 delectos.

1070 2501 1286 2550 porrecto
1324 2492 1527 2546 agmine.
1614 2489 1717 2534 MS.
1762 2488 1919 2537 Guelf.

1012 2568 1101 2610 pro
1136 2559 1260 2597 recto
1289 2549 1491 2603 agmine.
1553 2547 1636 2596 Ed.
1658 2548 1779 2608 Spir.
1811 2562 1923 2598 ror-5.

1016 2618 1155 2665 rupto
1185 2610 1389 2663 agmine.

1080 2679 1396 2732 Cugernique.
1453 2675 1517 2719 Ita
1532 2673 1764 2719 Ernestius
1783 2683 1828 2719 et
1845 2693 1916 2721 re·

1017 2737 1241 2783 centiores
1263 2750 1288 2778 e
1311 2734 1414 2777 loco
1431 2733 1543 2776 Hist.
1555 2734 1600 2787 4,
1611 2733 1682 2776 26.
1716 2733 1780 2778 ef.
1794 2733 1916 2780 Plini

1015 2797 1057 2846 4,
1082 2796 1149 2838 16.
1180 2816 1235 2826 -
1297 2791 1588 2847 Cugernique
1607 2790 1744 2835 MSS.
1759 2789 1913 2838 Guelf.

1016 2851 1141 2896 Harl.
1174 2850 1313 2894 Bodl.
1344 2849 1429 2891 les.
1458 2848 1575 2892 Bud.
1606 2848 1711 2893 edd.
1735 2847 1916 2895 Puteal.

1015 2908 1114 2977 gqis
1148 2932 1203 2952 ,-
1264 2906 1552 2962 Eugeniique
1575 2904 1676 2948 MS.
1701 2905 1912 2964 Reped-

1015 2969 1136 3026 Spu·.
1166 2993 1225 3002 --
1282 2965 1327 3007 T
1324 2966 1550 3020 ungrique
1570 2961 1681 3007 MS:
1697 2965 1808 3022 Agr.
1933 2982 1936 2986 ·

1074 3042 1121 3082 in
1152 3042 1341 3081 dextro.
1399 3035 1504 3080 MS.
1532 3033 1685 3082 Guelf.
1714 3038 1764 3080 in
1791 3040 1911 3080 dex·
1937 3039 1941 3043 “

1016 3107 1138 3142 tero.

1074 3163 1124 3197 ut
1161 3166 1360 3209 quosque
1393 3159 1608 3197 suorum.
1666 3150 1744 3196 Sic
1777 3149 1912 3197 MSS.

1014 3213 1140 3255 Flor.
1171 3213 1288 3264 (test.
1314 3209 1437 3253 vict.
1459 3225 1562 3253 cum
1588 3207 1730 3264 Pich.)
1755 3206 1915 3254 Guelf.

1016 3270 1139 3312 Harl.
1162 3267 1395 3322 Bodhbles.
1415 3266 1524 3326 Beg.
1543 3266 1656 3309 Bud.
1677 3266 1778 3309 edd.
1792 3265 1927 3324 Spir.

1017 3327 1144 3371 Pieh.
1175 3324 1359 3368 Gruter.
1379 3339 1477 3383 sqq.
1517 3352 1575 3360 --
1634 3331 1686 3364 ut
1711 3337 1942 3380 qumque

1017 3398 1181 3452 eorum
1212 3381 1315 3425 edd.
1353 3381 1454 3426 Put.
1487 3379 1699 3425 Beroald.
1731 3395 1830 3439 sqq.
1858 3379 1943 3430 ad(

1014 3439 1278 3485 Pichenam.
1323 3454 1390 3472 *-
1453 3448 1503 3482 ut
1539 3451 1767 3495 quemque
1798 3451 1926 3485 suo-,-

1012 3514 1120 3543 rum
1141 3495 1244 3541 MS.
1271 3497 1379 3555 Agr.
