2138 4030
1801 263 1924 303 a-v.
1997 266 2033 302 ³.

1725 355 1732 363 ,
1802 307 1962 349 Λ.σ..,
2022 331 2034 347 ·.

270 270 396 331 ³22
818 256 1545 366 HIS'T‘ORIARUM

267 398 538 458 ficiorum
564 397 789 456 aderat:
845 397 1225 476 stultissimus
1251 397 1500 475 quisque
1523 397 1793 475 pecuniis
1817 390 2119 460 mercaba-

265 494 390 540 tur:
447 484 606 559 apud
633 484 922 559 sapientes
951 482 1108 539 cassa
1135 478 1539 554 habebantur,
1568 477 1739 560 “quae
1770 505 1963 563 neque
1987 477 2120 558 dari

265 571 458 645 neque
491 568 677 643 accipi
710 569 869 624 salva
906 587 969 622 re
1003 567 1239 642 publica
1270 578 1561 644 poterant.
1649 567 1919 628 Tandem
1949 572 2120 646 flagi-

263 663 426 710 tante
466 654 755 723 exercitu‚
810 653 912 728 qui
940 651 1281 708 Mevaniam
1321 654 1645 723 insederat,
1699 674 1914 730 magno
1947 677 2120 714 sena-

171 810 178 818 Χ
264 749 464 795 torum
499 739 763 812 agmine,
808 757 1064 813 quorum
1099 738 1318 794 multos
1353 738 1707 807 ambitione,
1759 741 2118 814 plures'for-

263 824 489 881 midine
515 819 812 892 trahebat,
856 822 919 877 in
937 830 1135 879 'rastra
1160 824 1324 882 venit
1347 824 1604 880 incertus
1632 823 1818 882 animi
1844 838 1902 885 et
1922 827 2121 884 infidis

264 908 527 970 consiliis
553 907 861 964 obnoxiu&

431 991 591 1052 LVI.
633 990 1028 1049 Concionanti
1057 988 1492 1068 (prodigiosum
1517 995 1706 1077 dictu)
1737 1007 1968 1054 tantum
1993 998 2120 1055 foe-

263 1081 475 1137 darum
499 1077 699 1134 avium
727 1074 1203 1152 supervolitavit,
1259 1090 1328 1135 ut
1360 1078 1519 1136 nube
1558 1092 1682 1138 atra
1716 1082 1878 1138 diem
1909 1083 2121 1139 obten-

263 1165 487 1221 derent.
574 1163 814 1220 accessit
845 1162 1044 1219 dirum
1073 1183 1249 1218 omen
1272 1165 1556 1239 profugus
1582 1165 1866 1224 altaribus
1898 1177 2120 1237 taurus,

262 1249 503 1307 disiecto
543 1247 813 1304 sacrificii
852 1259 1139 1323 apparatu
1178 1247 1353 1321 longe
1391 1270 1499 1306 nec
1537 1252 1643 1308 ubi
1689 1251 1857 1308 feriri
1899 1247 2120 1310 hostias

259 1353 388 1390 mos
413 1344 498 1391 est
524 1334 845 1392 confossus,
933 1332 1051 1392 Sed
1076 1333 1458 1409 praecipuum
1483 1334 1607 1410 ipse
1619 1334 1899 1394 Vitellius
1921 1337 2120 1396 Osten-

261 1430 389 1475 tum
427 1429 581 1489 erat,
642 1418 880 1492 ignarus
915 1418 1192 1488 militiae,
1260 1419 1630 1496 improvidus
1669 1421 1932 1492 consilii,
1985 1421 2118 1499 quis

315 1647 498 1688 aderat.
569 1643 645 1690 Sic
681 1643 816 1689 MSS.
852 1642 1006 1689 Guelf.
1042 1645 1154 1703 Agr.

258 1703 388 1760 (puto
412 1711 454 1746 et
471 1701 682 1752 Oxoun..
716 1703 819 1760 quia
842 1701 1077 1746 Broterius
1101 1704 1155 1746 de

256 1759 312 1803 iis
343 1762 477 1816 tacet)
510 1760 610 1804 edd.
644 1759 747 1802 Put.
783 1761 852 1803 M.
888 1768 930 1802 et
960 1761 1015 1804 V.
1047 1761 1154 1804 Ber.

257 1817 383 1871 (cum
415 1818 482 1862 sil.
508 1817 648 1873 Vict.)
672 1818 773 1861 Alc.
798 1816 940 1860 Rhen.
966 1834 1065 1876 sqq.
1099 1842 1155 1851 —-

255 1874 454 1919 Pichena
486 1875 534 1918 in
554 1874 680 1918 Flor.
703 1875 819 1922 vidit
849 1877 1074 1928 haberat,
1113 1884 1156 1919 et

255 1931 393 1976 MSS.
429 1932 545 1976 Bud.
580 1931 693 1990 Reg.
737 1932 808 1976 ed.
843 1930 962 1990 Spir.
1001 1933 1154 1977 ferunt

254 1991 433 2033 aberat.
493 1992 532 2034 l.
564 1990 639 2032 Fr.
664 1989 928 2035 Gronovius
961 1991 1156 2034 coniecit

254 2048 440 2098 hiabat,
471 2047 595 2105 quod
615 2047 797 2105 Bipont.
820 2063 1054 2105 perperam
1079 2065 1152 2091 re-

254 2112 487 2161 ceperunt.
551 2103 802 2148 Oberlinus
829 2120 927 2162 sqq.
959 2106 1155 2149 maluere

254 2164 447 2210 aderat,
489 2176 580 2219 quo
603 2162 669 2204 vix
691 2162 850 2205 melius
879 2163 1047 2220 aliquid
1078 2165 1152 2206 in-

254 2217 396 2265 veniri
418 2219 598 2276 poterit.

306 2289 528 2343 peoum'is.
559 2315 561 2317 ·
590 2287 691 2332 Hoc
710 2304 734 2332 a
758 2288 860 2333 cod.
878 2288 990 2348 Agr.
1013 2290 1150 2334 abest.

309 2357 597 2402 Mevaniam.
685 2358 772 2402 Ed.
815 2359 938 2418 Spir.
984 2360 1153 2403 Mena-

252 2417 402 2466 niam,
423 2414 598 2459 vitiose.
623 2414 864 2460 Rhenanus
887 2421 1151 2462 auctoritate

255 2473 356 2515 eod.
386 2472 504 2517 Bud.
542 2471 767 2525 deleverat
805 2477 905 2530 qui;
954 2475 1153 2519 reddidit

251 2529 427 2587 Lipsius
461 2546 484 2572 e
515 2530 643 2574 libris
670 2530 797 2591 suis,
843 2548 949 2575 cum
986 2532 1152 2592 quibus

249 2587 390 2631 ceteri
415 2602 574 2631 omnes
600 2590 907 2632 consentiunt.

311 2655 427 2700 CAP.
455 2657 525 2700 56.
556 2656 820 2712 foedarum
844 2660 1018 2704 avium.
1077 2661 1155 2704 Sic

251 2713 388 2757 MSS.
421 2712 573 2757 Guelf.
606 2714 728 2758 Harl.
760 2715 893 2759 Bodl.
925 2716 1011 2761 les.
1051 2718 1153 2761 edd.

253 2772 356 2814 Pur.
380 2770 450 2815 Μ.
477 2779 521 2814 et
544 2772 598 2815 V.
620 2772 830 2816 Beroald.
857 2775 979 2828 (eum
1004 2774 1153 2821 silent.

253 2828 392 2885 Vici.)
428 2828 528 2871 Alc.
553 2829 698 2872 Rhen.
725 2830 826 2872 Ald.
866 2854 922 2865 —
968 2833 1150 2887 foeda-

253 2901 361 2927 rum
385 2888 631 2929 volucrum
643 2885 776 2930 MSS.
790 2886 927 2932 Corb.
943 2889 1151 2945 B0d1.(in

253 2945 412 3001 marg.)
436 2943 672 3001 edd.Spir.
691 2943 995 3003 Lips.(1574.)
1020 2946 1147 2990 Pich.

252 3016 349 3057 sqq.
440 2999 705 3059 Utrumque
769 3012 892 3048 reete
942 3012 984 3047 et
1035 3018 1153 3061 pro--

252 3056 423 3100 misene
449 3058 630 3101 dicitur.
695 3058 783 3102 Sed
812 3059 887 3104 hic
911 3060 1153 3120 displicent

255 3113 346 3156 duo
370 3115 589 3160 voeabula
623 3115 824 3159 eiusdem
858 3117 1007 3176 stirpis
1035 3119 1153 3162 iuxta

251 3169 422 3229 posita:
458 3174 702 3215 volucrum
726 3178 1094 3229 supervolitavit.

308 3248 359 3282 αι
387 3241 505 3281 nube
533 3248 648 3284 atra
679 3244 805 3286 diem
835 3245 1150 3293 obtenderent.

251 3295 330 3342 Sic
351 3295 488 3340 MSS.
516 3297 641 3341 Flor.
675 3302 793 3354 (test.
817 3299 978 3360 Ryck.)
1004 3302 1148 3349 Vatic.

253 3353 520 3412 (test.Lips.)
540 3353 691 3399 Guelf.
714 3357 754 3410 (a
774 3360 969 3403 secunda
992 3364 1147 3418 manu)

250 3410 377 3455 Harl.
401 3410 536 3455 Bodl.
564 3410 648 3455 les.
674 3414 774 3457 edd.
799 3415 903 3460 Put.
929 3417 996 3461 M.
1020 3426 1063 3460 et
1088 3417 1144 3463 V.

252 3468 459 3512 Beroald.
493 3467 616 3522 (cum
647 3469 795 3514 silent.
821 3472 956 3531 Vict.)
981 3475 1079 3518 Ale.
1106 3486 1150 3520 et

249 3525 371 3583 Lips.
407 3525 569 3583 (1574.)
595 3542 645 3585 sq
684 3559 694 3568 .
728 3551 782 3561 -
843 3533 1149 3575 obtenderent

251 3581 353 3628 MS.
388 3583 504 3626 Bud.
538 3543 805 3630 cddflthen.
833 3588 936 3630 Ald.
980 3616 1036 3625 —
1094 3601 1149 3634 ut

1227 1646 1344 1688 nube
1393 1645 1585 1687 radium
1637 1644 1945 1688 obtenderent
1983 1642 2120 1688 MSS.

1227 1703 1338 1761 fleg.
1363 1703 1471 1758 Agr.
1497 1701 1634 1745 Corb.
1659 1701 1731 1743 ed.
1750 1702 1872 1760 Spir.
1897 1729 1957 1738 —-
2011 1701 2120 1744 vu}-

1258 1769 1374 1804 atam
1412 1759 1678 1818 scripturam
1705 1757 1880 1818 Lipsius
1914 1758 2120 1809 restituit,

1223 1777 1573 1875 1defenditur-que
1605 1816 1758 1859 eadem
1780 1816 1991 1874 exemplis
2010 1815 2118 1858 vir-

1227 1875 1302 1932 gil.
1327 1874 1497 1933 Georg.
1523 1879 1562 1923 1,
1586 1874 1686 1918 248.
1705 1876 1895 1917 obtenta
1916 1878 2121 1916 densan-

1228 1941 1304 1976 tur
1335 1941 1469 1974 nacte
1501 1933 1747 1983 tenebram
1799 1930 1897 1977 Silii
1926 1933 1994 1982 10,
2017 1930 2117 1974 228.

1226 1992 1432 2033 obtendit
1465 1992 1658 2044 pulvere
1695 1990 1862 2032 lucem.
1932 1988 2029 2033 Cic.
2063 1987 2121 2031 ad

1230 2048 1292 2103 Q.
1308 2048 1383 2091 Fr.
1409 2063 1480 2106 ep.
1498 2049 1533 2098 1,
1546 2047 1586 2089 5.
1607 2047 1718 2090 velis
1739 2048 2017 2102 quibusdam
2038 2047 2119 2088 ob-

1227 2107 1436 2147 tenditur
1503 2105 1853 2160 uniuscuiusque
1929 2111 2121 2147 natura.

1226 2163 1383 2205 Senec.
1430 2160 1549 2204 Oed.
1590 2160 1691 2204 625.
1729 2164 1938 2215 paedore
1974 2160 2123 2218 foedo

1223 2219 1492 2317 εᾳαῗὶιᾷιῑιηι
1510 2220 1973 2318 οόιεηίυεὸιὲονηανζι.ι
2001 2217 2121 2262 Con-

1222 2285 1290 2320 tra
1345 2292 1414 2319 ael
1435 2292 1486 2318 us
1509 2291 1633 2330 supr.
1659 2290 1699 2318 e.
1774 2307 1787 2319 .
1811 2290 1930 2319 curas
1971 2290 2123 2318 uxum

1224 2335 1517 2376 obtendebat.
1532 2332 1590 2376 cf.
1603 2333 1640 2373 (3
1650 2348 1806 2376 ronov.
1821 2333 1874 2376 ad
1889 2332 1986 2378 Liv.
2001 2335 2040 2384 l,
2052 2333 2120 2377 57.

1241 2412 1247 2418 ·
1279 2406 1362 2434 nec
1391 2392 1479 2433 ubi
1494 2390 1650 2446 firiri.
1707 2389 1772 2432 Ex
1797 2390 2120 2435 emendatione

1223 2447 1360 2506 Lipsii
1379 2479 1391 2497 ,
1426 2462 1561 2505 quam
1587 2448 1681 2506 ipse
1706 2447 1755 2490 in
1775 2446 1927 2492 locum
1950 2447 2122 2506 recepit

1225 2512 1270 2548 et
1310 2504 1437 2548 Pieh.
1485 2503 1618 2549 Grut.
1664 2520 1762 2563 sqq.
1830 2506 1898 2548 -At
1945 2505 2121 2563 pridem

1226 2560 1456 2607 Victorius
1518 2563 1705 2606 eandem
1758 2561 2121 2606 emendationem

1226 2629 1421 2663 suaserat
1454 2620 1502 2662 in
1535 2620 1771 2677 exemplari
1810 2636 1893 2663 suo
1932 2619 2119 2664 Beroal-

1228 2677 1353 2720 dino.
1413 2676 1637 2719 Nimirum
1675 2677 1811 2722 MSS.
1836 2677 1962 2721 Flor.
1997 2678 2121 2728 (test.

1227 2734 1347 2777 Vict.
1369 2750 1471 2777 cum
1499 2730 1662 2791 Ryck.)
1687 2733 1831 2778 Vatic.
1853 2738 1968 2790 (test.
1984 2734 2120 2793 Lips.)

1224 2792 1337 2848 Agr.
1361 2792 1430 2837 ed.
1456 2790 1574 2849 Spir.
1599 2790 1754 2835 ferunt
1784 2807 1843 2834 ne
1877 2792 1956 2834 cui
1973 2791 2126 2848 feriri

1221 2849 1318 2902 (sed
1341 2849 1445 2892 cod.
1471 2851 1581 2906 Agr.
1607 2850 1750 2906 pergit
1762 2850 1914 2904 feriri
1933 2858 2119 2904 possetz

1222 2921 1341 2947 mox
1384 2913 1453 2949 est
1502 2907 1788 2961 confossus).
1846 2935 1905 2945 .-
1980 2905 2119 2950 MSS.

1223 2961 1376 3006 Guelf.
1416 2963 1540 3006 Harl.
1575 2962 1710 3005 Bodl.
1745 2963 1830 3006 les.
1877 2963 1980 3008 edd.
2014 2963 2116 3006 Put.

1223 3021 1291 3063 M.
1305 3028 1347 3063 et
1362 3018 1420 3064 V.
1436 3019 1641 3064 Beroald.
1658 3019 1750 3064 Alc.
1764 3019 1940 3080 Micyll.
1951 3021 2119 3078 (1557.)

1223 3080 1360 3131 longe
1383 3093 1526 3134 quam
1546 3079 1627 3120 ubi
1668 3078 1789 3119 eriri
1806 3085 1891 3122 etc.
1916 3101 1968 3113 -·-
2011 3077 2119 3123 MS.

1222 3135 1341 3178 Bud.
1365 3144 1408 3178 et
1430 3134 1537 3178 inde
1558 3134 1611 3178 ed
1648 3164 1661 3178 .
1678 3133 1820 3178 Rhen.
1836 3135 1945 3180 ΑΜ.
1969 3138 2118 3190 longe,

1223 3193 1304 3235 ubi
1309 3192 1457 3249 feriri
1471 3200 1558 3236 etc.
1591 3217 1644 3226 —
1705 3191 1881 3236 Deinde
1904 3192 1973 3236 ed.
1997 3192 2115 3251 Spir.

1222 3265 1308 3308 pro
1342 3254 1454 3292 mos*
1473 3248 1606 3297 habet
1640 3263 1781 3304 mox,
1815 3256 1858 3292 et
1878 3263 1966 3292 con
1989 3263 2118 3293 essm

1219 3306 1668 3420 {gfffssz’sssstssz‘ssm
1686 3306 1812 3406 {3332
1825 3305 1943 3407 ‘255¹
1967 3337 1995 3364 '¹
2015 3314 2118 3365 ‘’⁰'‘

1280 3428 1517 3464 ostentum
1542 3429 1662 3464 erat.
1721 3419 1804 3463 Ed.
1818 3419 1937 3479 Spir.
1961 3427 2116 3462 osten-

1223 3480 1294 3519 tui
1337 3485 1468 3529 erat,
1521 3479 1644 3536 quod
1689 3477 1847 3523 vitium
1892 3476 2115 3540 originem

1221 3536 1350 3578 traxit
1383 3551 1406 3578 e
1441 3536 1711 3594 compendio
1748 3541 1951 3577 ostentu.
2023 3534 2115 3577 Ea-

1222 3593 1323 3636 dem
1346 3609 1446 3635 mox
1470 3595 1676 3637 consiliis
1697 3607 1778 3650 pro
1800 3593 1983 3636 consilii.
2023 3590 2137 3651 Vo3
