<?xml version="1.0" encoding="UTF-8"?>
<!DOCTYPE html PUBLIC "-//W3C//DTD XHTML 1.0 Transitional//EN"
    "http://www.w3.org/TR/xhtml1/DTD/xhtml1-transitional.dtd">
<html xmlns="http://www.w3.org/1999/xhtml" xml:lang="en" lang="en">
 <head>
  <title>
</title>
<meta http-equiv="Content-Type" content="text/html;charset=utf-8" />
  <meta name='ocr-system' content='tesseract 3.04.00' />
  <meta name='ocr-capabilities' content='ocr_page ocr_carea ocr_par ocr_line ocrx_word'/>
</head>
<body>
  <div class='ocr_page' id='page_1' title='image "./operarecensuitet03taciuoft/operarecensuitet03taciuoft_0096.png"; bbox 0 0 2138 4030; ppageno 0'>
   <div class='ocr_carea' id='block_1_1' title="bbox 1733 261 1969 345">
    <p class='ocr_par' dir='ltr' id='par_1_1' title="bbox 1733 261 1969 345">
     <span class='ocr_line' id='line_1_1' title="bbox 1733 261 1922 305; baseline -0.005 -7"><span class='ocrx_word' id='word_1_1' title='bbox 1733 264 1783 299; x_wconf 66' lang='lat' dir='ltr'><strong>A.</strong></span> <span class='ocrx_word' id='word_1_2' title='bbox 1800 261 1867 297; x_wconf 70' lang='lat' dir='ltr'><strong>U,</strong></span> <span class='ocrx_word' id='word_1_3' title='bbox 1919 304 1922 305; x_wconf 19' lang='lat'><em>⁷</em></span> 
     </span>
     <span class='ocr_line' id='line_1_2' title="bbox 1740 302 1969 345; baseline 0.013 -3"><span class='ocrx_word' id='word_1_4' title='bbox 1740 302 1859 343; x_wconf 57' lang='lat' dir='ltr'><strong>Asc.</strong></span> <span class='ocrx_word' id='word_1_5' title='bbox 1956 331 1969 345; x_wconf 84' lang='lat'><strong>.</strong></span> 
     </span>
    </p>
   </div>
   <div class='ocr_carea' id='block_1_2' title="bbox 190 254 1473 325">
    <p class='ocr_par' dir='ltr' id='par_1_2' title="bbox 190 254 1473 325">
     <span class='ocr_line' id='line_1_3' title="bbox 190 254 1473 325; baseline 0.002 -5"><span class='ocrx_word' id='word_1_6' title='bbox 190 263 269 321; x_wconf 87' lang='grc'><strong>86</strong></span> <span class='ocrx_word' id='word_1_7' title='bbox 770 254 1473 325; x_wconf 73' lang='lat' dir='ltr'>HISTORIARUM</span> 
     </span>
    </p>
   </div>
   <div class='ocr_carea' id='block_1_3' title="bbox 165 387 2058 640">
    <p class='ocr_par' dir='ltr' id='par_1_3' title="bbox 165 387 2058 640">
     <span class='ocr_line' id='line_1_4' title="bbox 165 387 2057 474; baseline 0.003 -27"><span class='ocrx_word' id='word_1_8' title='bbox 165 445 167 447; x_wconf 83' lang='lat'>.</span> <span class='ocrx_word' id='word_1_9' title='bbox 195 391 316 449; x_wconf 89' lang='lat' dir='ltr'><strong>Nec</strong></span> <span class='ocrx_word' id='word_1_10' title='bbox 349 392 646 468; x_wconf 84' lang='lat' dir='ltr'><strong>principes</strong></span> <span class='ocrx_word' id='word_1_11' title='bbox 677 397 856 452; x_wconf 89' lang='lat' dir='ltr'><strong>modo</strong></span> <span class='ocrx_word' id='word_1_12' title='bbox 890 394 1258 457; x_wconf 87' lang='lat' dir='ltr'><strong>coloniarum</strong></span> <span class='ocrx_word' id='word_1_13' title='bbox 1292 404 1393 450; x_wconf 88' lang='lat' dir='ltr'><strong>aut</strong></span> <span class='ocrx_word' id='word_1_14' title='bbox 1426 387 1784 465; x_wconf 83' lang='lat' dir='ltr'><strong>castrorum,</strong></span> <span class='ocrx_word' id='word_1_15' title='bbox 1839 398 2057 474; x_wconf 65' lang='lat' dir='ltr'><strong>quibus</strong></span> 
     </span>
     <span class='ocr_line' id='line_1_5' title="bbox 194 476 2058 557; baseline 0.003 -23"><span class='ocrx_word' id='word_1_16' title='bbox 194 477 524 553; x_wconf 85' lang='lat' dir='ltr'><strong>praesentia</strong></span> <span class='ocrx_word' id='word_1_17' title='bbox 549 498 616 534; x_wconf 86' lang='lat' dir='ltr'><strong>ex</strong></span> <span class='ocrx_word' id='word_1_18' title='bbox 640 481 925 536; x_wconf 87' lang='lat' dir='ltr'><strong>adfluenti</strong></span> <span class='ocrx_word' id='word_1_19' title='bbox 949 491 1004 536; x_wconf 87' lang='lat' dir='ltr'><strong>et</strong></span> <span class='ocrx_word' id='word_1_20' title='bbox 1029 489 1195 553; x_wconf 86' lang='lat' dir='ltr'><strong>parta</strong></span> <span class='ocrx_word' id='word_1_21' title='bbox 1218 476 1466 535; x_wconf 89' lang='lat' dir='ltr'><strong>victoria</strong></span> <span class='ocrx_word' id='word_1_22' title='bbox 1492 497 1737 552; x_wconf 82' lang='lat' dir='ltr'><strong>magnae</strong></span> <span class='ocrx_word' id='word_1_23' title='bbox 1761 501 1915 557; x_wconf 83' lang='lat' dir='ltr'><strong>spes:</strong></span> <span class='ocrx_word' id='word_1_24' title='bbox 1955 485 2058 539; x_wconf 84' lang='lat' dir='ltr'><strong>sed</strong></span> 
     </span>
     <span class='ocr_line' id='line_1_6' title="bbox 197 562 2058 640; baseline 0.005 -24"><span class='ocrx_word' id='word_1_25' title='bbox 197 562 489 637; x_wconf 83' lang='lat' dir='ltr'>manipuli</span> <span class='ocrx_word' id='word_1_26' title='bbox 513 584 748 640; x_wconf 87' lang='lat' dir='ltr'><strong>quoque</strong></span> <span class='ocrx_word' id='word_1_27' title='bbox 773 576 829 620; x_wconf 82' lang='lat' dir='ltr'><strong>et.</strong></span> <span class='ocrx_word' id='word_1_28' title='bbox 856 563 1153 637; x_wconf 85' lang='lat' dir='ltr'><strong>gregarius</strong></span> <span class='ocrx_word' id='word_1_29' title='bbox 1177 562 1348 618; x_wconf 89' lang='lat' dir='ltr'><strong>miles</strong></span> <span class='ocrx_word' id='word_1_30' title='bbox 1374 563 1585 620; x_wconf 88' lang='lat' dir='ltr'><strong>viatica</strong></span> <span class='ocrx_word' id='word_1_31' title='bbox 1600 583 1712 621; x_wconf 86' lang='lat' dir='ltr'><strong>-sua</strong></span> <span class='ocrx_word' id='word_1_32' title='bbox 1741 577 1800 623; x_wconf 90' lang='lat' dir='ltr'><strong>et</strong></span> <span class='ocrx_word' id='word_1_33' title='bbox 1832 568 2058 625; x_wconf 85' lang='lat' dir='ltr'><strong>balteos</strong></span> 
     </span>
    </p>
   </div>
   <div class='ocr_carea' id='block_1_4' title="bbox 197 643 2060 807">
    <p class='ocr_par' dir='ltr' id='par_1_4' title="bbox 197 643 2060 807">
     <span class='ocr_line' id='line_1_7' title="bbox 197 643 2060 728; baseline 0.004 -26"><span class='ocrx_word' id='word_1_34' title='bbox 197 643 616 725; x_wconf 70' lang='lat' dir='ltr'><strong>phalerasque,</strong></span> <span class='ocrx_word' id='word_1_35' title='bbox 660 649 913 721; x_wconf 85' lang='lat' dir='ltr'><strong>insignia</strong></span> <span class='ocrx_word' id='word_1_36' title='bbox 949 667 1248 704; x_wconf 90' lang='lat' dir='ltr'><strong>armorum</strong></span> <span class='ocrx_word' id='word_1_37' title='bbox 1283 661 1522 722; x_wconf 80' lang='lat' dir='ltr'><strong>argento</strong></span> <span class='ocrx_word' id='word_1_38' title='bbox 1556 650 1768 708; x_wconf 87' lang='lat' dir='ltr'><strong>decora</strong></span> <span class='ocrx_word' id='word_1_39' title='bbox 1797 651 1928 709; x_wconf 91' lang='lat' dir='ltr'><strong>loco</strong></span> <span class='ocrx_word' id='word_1_40' title='bbox 1953 656 2060 728; x_wconf 84' lang='lat' dir='ltr'><strong>pe-</strong></span> 
     </span>
     <span class='ocr_line' id='line_1_8' title="bbox 199 732 1810 807; baseline 0.002 -19"><span class='ocrx_word' id='word_1_41' title='bbox 199 733 406 789; x_wconf 88' lang='lat' dir='ltr'><strong>cuniae</strong></span> <span class='ocrx_word' id='word_1_42' title='bbox 430 734 743 789; x_wconf 87' lang='lat' dir='ltr'><strong>tradebant</strong></span> <span class='ocrx_word' id='word_1_43' title='bbox 769 734 1136 790; x_wconf 84' lang='lat' dir='ltr'><strong>instinctuct</strong></span> <span class='ocrx_word' id='word_1_44' title='bbox 1157 732 1384 807; x_wconf 89' lang='lat' dir='ltr'><strong>impetu</strong></span> <span class='ocrx_word' id='word_1_45' title='bbox 1408 745 1463 790; x_wconf 88' lang='lat' dir='ltr'><strong>et</strong></span> <span class='ocrx_word' id='word_1_46' title='bbox 1485 733 1750 796; x_wconf 87' lang='lat' dir='ltr'><strong>avaritia.</strong></span> <span class='ocrx_word' id='word_1_47' title='bbox 1807 793 1810 798; x_wconf 74' lang='grc'><strong>,</strong></span> 
     </span>
    </p>
   </div>
   <div class='ocr_carea' id='block_1_5' title="bbox 201 829 2124 1929">
    <p class='ocr_par' dir='ltr' id='par_1_5' title="bbox 201 829 2124 1929">
     <span class='ocr_line' id='line_1_9' title="bbox 369 829 2061 903; baseline 0.003 -17"><span class='ocrx_word' id='word_1_48' title='bbox 369 829 590 889; x_wconf 86' lang='lat' dir='ltr'><strong>LVIII.</strong></span> <span class='ocrx_word' id='word_1_49' title='bbox 661 829 1124 903; x_wconf 82' lang='lat' dir='ltr'><strong>Igitur&#39;laudata</strong></span> <span class='ocrx_word' id='word_1_50' title='bbox 1159 829 1418 888; x_wconf 88' lang='lat' dir='ltr'><strong>militum</strong></span> <span class='ocrx_word' id='word_1_51' title='bbox 1455 833 1751 889; x_wconf 81' lang='lat' dir='ltr'>alacritate</span> <span class='ocrx_word' id='word_1_52' title='bbox 1783 831 2061 892; x_wconf 81' lang='lat' dir='ltr'><strong>Vitellius</strong></span> 
     </span>
     <span class='ocr_line' id='line_1_10' title="bbox 201 914 2061 997; baseline 0.003 -27"><span class='ocrx_word' id='word_1_53' title='bbox 201 914 526 972; x_wconf 89' lang='lat' dir='ltr'><strong>ministeria</strong></span> <span class='ocrx_word' id='word_1_54' title='bbox 562 915 927 991; x_wconf 81' lang='lat' dir='ltr'><strong>principatus</strong></span> <span class='ocrx_word' id='word_1_55' title='bbox 966 936 1070 991; x_wconf 89' lang='lat' dir='ltr'><strong>per</strong></span> <span class='ocrx_word' id='word_1_56' title='bbox 1105 916 1348 972; x_wconf 86' lang='lat' dir='ltr'><strong>libertos</strong></span> <span class='ocrx_word' id='word_1_57' title='bbox 1386 917 1479 990; x_wconf 83' lang='lat' dir='ltr'><strong>agi</strong></span> <span class='ocrx_word' id='word_1_58' title='bbox 1519 917 1691 974; x_wconf 88' lang='lat' dir='ltr'><strong>solita</strong></span> <span class='ocrx_word' id='word_1_59' title='bbox 1731 918 1796 974; x_wconf 91' lang='lat' dir='ltr'><strong>in</strong></span> <span class='ocrx_word' id='word_1_60' title='bbox 1839 920 2061 997; x_wconf 83' lang='lat' dir='ltr'><strong>equites</strong></span> 
     </span>
     <span class='ocr_line' id='line_1_11' title="bbox 202 997 2061 1076; baseline 0.002 -18"><span class='ocrx_word' id='word_1_61' title='bbox 202 997 508 1067; x_wconf 89' lang='lat' dir='ltr'><strong>Romanos</strong></span> <span class='ocrx_word' id='word_1_62' title='bbox 562 1001 848 1076; x_wconf 82' lang='lat' dir='ltr'><strong>disponit:</strong></span> <span class='ocrx_word' id='word_1_63' title='bbox 927 1000 1260 1057; x_wconf 87' lang='lat' dir='ltr'><strong>vacationes</strong></span> <span class='ocrx_word' id='word_1_64' title='bbox 1314 1002 1764 1068; x_wconf 78' lang='lat' dir='ltr'><strong>centurionibus</strong></span> <span class='ocrx_word' id='word_1_65' title='bbox 1806 1024 1874 1059; x_wconf 86' lang='lat' dir='ltr'><strong>ex</strong></span> <span class='ocrx_word' id='word_1_66' title='bbox 1922 1005 2061 1061; x_wconf 87' lang='lat' dir='ltr'><strong>fisco</strong></span> 
     </span>
     <span class='ocr_line' id='line_1_12' title="bbox 203 1084 2063 1163; baseline 0.003 -22"><span class='ocrx_word' id='word_1_67' title='bbox 203 1096 500 1154; x_wconf 84' lang='lat' dir='ltr'><strong>numerat:</strong></span> <span class='ocrx_word' id='word_1_68' title='bbox 571 1086 875 1142; x_wconf 86' lang='lat' dir='ltr'><strong>saevitiam</strong></span> <span class='ocrx_word' id='word_1_69' title='bbox 919 1086 1180 1142; x_wconf 90' lang='lat' dir='ltr'><strong>militum</strong></span> <span class='ocrx_word' id='word_1_70' title='bbox 1213 1084 1524 1163; x_wconf 90' lang='lat' dir='ltr'><strong>plerosque</strong></span> <span class='ocrx_word' id='word_1_71' title='bbox 1560 1088 1635 1144; x_wconf 89' lang='lat' dir='ltr'><strong>ad</strong></span> <span class='ocrx_word' id='word_1_72' title='bbox 1671 1109 1924 1163; x_wconf 89' lang='lat' dir='ltr'><strong>poenam</strong></span> <span class='ocrx_word' id='word_1_73' title='bbox 1962 1104 2063 1147; x_wconf 79' lang='lat' dir='ltr'><strong>e‘x-</strong></span> 
     </span>
     <span class='ocr_line' id='line_1_13' title="bbox 203 1170 2062 1246; baseline 0.003 -20"><span class='ocrx_word' id='word_1_74' title='bbox 203 1170 571 1246; x_wconf 87' lang='lat' dir='ltr'><strong>poscentium</strong></span> <span class='ocrx_word' id='word_1_75' title='bbox 618 1171 847 1246; x_wconf 90' lang='lat' dir='ltr'><strong>saepius</strong></span> <span class='ocrx_word' id='word_1_76' title='bbox 893 1172 1210 1245; x_wconf 88' lang='lat' dir='ltr'><strong>adprobat,</strong></span> <span class='ocrx_word' id='word_1_77' title='bbox 1265 1171 1482 1245; x_wconf 88' lang='lat' dir='ltr'><strong>partim</strong></span> <span class='ocrx_word' id='word_1_78' title='bbox 1517 1172 1892 1230; x_wconf 86' lang='lat' dir='ltr'><strong>simulatione</strong></span> <span class='ocrx_word' id='word_1_79' title='bbox 1925 1175 2062 1241; x_wconf 68' lang='lat' dir='ltr'><strong>vin,-</strong></span> 
     </span>
     <span class='ocr_line' id='line_1_14' title="bbox 207 1249 2064 1333; baseline 0.003 -22"><span class='ocrx_word' id='word_1_80' title='bbox 207 1255 477 1311; x_wconf 87' lang='lat' dir='ltr'><strong>culorum</strong></span> <span class='ocrx_word' id='word_1_81' title='bbox 522 1249 854 1315; x_wconf 83' lang='lat' dir='ltr'><strong>frustratur.</strong></span> <span class='ocrx_word' id='word_1_82' title='bbox 951 1255 1271 1331; x_wconf 84' lang='lat' dir='ltr'><strong>Pompeius</strong></span> <span class='ocrx_word' id='word_1_83' title='bbox 1305 1254 1684 1333; x_wconf 89' lang='lat' dir='ltr'><strong>Propinquus</strong></span> <span class='ocrx_word' id='word_1_84' title='bbox 1716 1271 2064 1333; x_wconf 84' lang='lat' dir='ltr'><strong>procurator</strong></span> 
     </span>
     <span class='ocr_line' id='line_1_15' title="bbox 205 1337 2064 1419; baseline 0.003 -24"><span class='ocrx_word' id='word_1_85' title='bbox 205 1337 474 1412; x_wconf 83' lang='lat' dir='ltr'><strong>Belgicae</strong></span> <span class='ocrx_word' id='word_1_86' title='bbox 513 1341 708 1398; x_wconf 89' lang='lat' dir='ltr'><strong>statim</strong></span> <span class='ocrx_word' id='word_1_87' title='bbox 743 1342 1100 1400; x_wconf 78' lang='lat' dir='ltr'><strong>interfectus,</strong></span> <span class='ocrx_word' id='word_1_88' title='bbox 1188 1339 1410 1397; x_wconf 90' lang='lat' dir='ltr'><strong>Iulium</strong></span> <span class='ocrx_word' id='word_1_89' title='bbox 1440 1340 1786 1419; x_wconf 84' lang='lat' dir='ltr'><strong>Burdonem</strong></span> <span class='ocrx_word' id='word_1_90' title='bbox 1811 1341 2064 1401; x_wconf 87' lang='lat' dir='ltr'><strong>Germa-</strong></span> 
     </span>
     <span class='ocr_line' id='line_1_16' title="bbox 207 1424 2063 1506; baseline 0.003 -27"><span class='ocrx_word' id='word_1_91' title='bbox 207 1424 374 1484; x_wconf 81' lang='lat' dir='ltr'><strong>nicae</strong></span> <span class='ocrx_word' id='word_1_92' title='bbox 421 1424 618 1481; x_wconf 90' lang='lat' dir='ltr'><strong>classis</strong></span> <span class='ocrx_word' id='word_1_93' title='bbox 657 1428 1014 1502; x_wconf 88' lang='lat' dir='ltr'><strong>praefectum</strong></span> <span class='ocrx_word' id='word_1_94' title='bbox 1063 1437 1192 1488; x_wconf 87' lang='lat' dir='ltr'><strong>astu</strong></span> <span class='ocrx_word' id='word_1_95' title='bbox 1242 1427 1547 1506; x_wconf 79' lang='lat' dir='ltr'><strong>subtraxit.</strong></span> <span class='ocrx_word' id='word_1_96' title='bbox 1657 1439 1946 1486; x_wconf 78' lang='lat' dir='ltr'><strong>exarserat</strong></span> <span class='ocrx_word' id='word_1_97' title='bbox 1998 1429 2063 1485; x_wconf 90' lang='lat' dir='ltr'><strong>in</strong></span> 
     </span>
     <span class='ocr_line' id='line_1_17' title="bbox 208 1509 2064 1586; baseline 0.003 -22"><span class='ocrx_word' id='word_1_98' title='bbox 208 1516 343 1567; x_wconf 83' lang='lat' dir='ltr'><strong>eum</strong></span> <span class='ocrx_word' id='word_1_99' title='bbox 371 1509 676 1567; x_wconf 87' lang='lat' dir='ltr'><strong>iracundia</strong></span> <span class='ocrx_word' id='word_1_100' title='bbox 717 1512 1031 1581; x_wconf 83' lang='lat' dir='ltr'><strong>exercitus,</strong></span> <span class='ocrx_word' id='word_1_101' title='bbox 1073 1523 1356 1586; x_wconf 85' lang='lat' dir='ltr'><strong>tanquam</strong></span> <span class='ocrx_word' id='word_1_102' title='bbox 1389 1512 1612 1568; x_wconf 90' lang='lat' dir='ltr'><strong>crimen</strong></span> <span class='ocrx_word' id='word_1_103' title='bbox 1645 1533 1711 1568; x_wconf 86' lang='lat' dir='ltr'><strong>ac</strong></span> <span class='ocrx_word' id='word_1_104' title='bbox 1742 1534 1878 1570; x_wconf 86' lang='lat' dir='ltr'><strong>mox</strong></span> <span class='ocrx_word' id='word_1_105' title='bbox 1915 1513 2064 1570; x_wconf 83' lang='lat' dir='ltr'><strong>insi-</strong></span> 
     </span>
     <span class='ocr_line' id='line_1_18' title="bbox 207 1592 2061 1672; baseline 0.003 -22"><span class='ocrx_word' id='word_1_106' title='bbox 207 1593 335 1650; x_wconf 89' lang='lat' dir='ltr'><strong>dias</strong></span> <span class='ocrx_word' id='word_1_107' title='bbox 370 1592 619 1652; x_wconf 83' lang='lat' dir='ltr'><strong>Fonteio</strong></span> <span class='ocrx_word' id='word_1_108' title='bbox 657 1595 936 1672; x_wconf 88' lang='lat' dir='ltr'><strong>Capitoni</strong></span> <span class='ocrx_word' id='word_1_109' title='bbox 981 1596 1298 1656; x_wconf 85' lang='lat' dir='ltr'><strong>struxisset.</strong></span> <span class='ocrx_word' id='word_1_110' title='bbox 1407 1608 1568 1670; x_wconf 84' lang='lat' dir='ltr'><strong>grata</strong></span> <span class='ocrx_word' id='word_1_111' title='bbox 1614 1608 1740 1654; x_wconf 89' lang='lat' dir='ltr'><strong>erat</strong></span> <span class='ocrx_word' id='word_1_112' title='bbox 1782 1599 2061 1668; x_wconf 86' lang='lat' dir='ltr'><strong>memoria</strong></span> 
     </span>
     <span class='ocr_line' id='line_1_19' title="bbox 207 1677 2124 1757; baseline 0.003 -21"><span class='ocrx_word' id='word_1_113' title='bbox 207 1677 539 1755; x_wconf 84' lang='lat' dir='ltr'><strong>Capitonis:</strong></span> <span class='ocrx_word' id='word_1_114' title='bbox 578 1693 639 1739; x_wconf 50' lang='lat' dir='ltr'><strong>¹et</strong></span> <span class='ocrx_word' id='word_1_115' title='bbox 664 1684 821 1757; x_wconf 87' lang='lat' dir='ltr'><strong>apud</strong></span> <span class='ocrx_word' id='word_1_116' title='bbox 850 1682 1168 1738; x_wconf 86' lang='lat' dir='ltr'><strong>saevientes</strong></span> <span class='ocrx_word' id='word_1_117' title='bbox 1193 1683 1457 1738; x_wconf 89' lang='lat' dir='ltr'><strong>occidere</strong></span> <span class='ocrx_word' id='word_1_118' title='bbox 1493 1682 1721 1756; x_wconf 87' lang='lat' dir='ltr'><strong>palam,</strong></span> <span class='ocrx_word' id='word_1_119' title='bbox 1765 1683 2063 1756; x_wconf 86' lang='lat' dir='ltr'><strong>ignoscere</strong></span> <span class='ocrx_word' id='word_1_120' title='bbox 2120 1715 2124 1719; x_wconf 95' lang='lat'>·</span> 
     </span>
     <span class='ocr_line' id='line_1_20' title="bbox 209 1763 2065 1843; baseline 0.004 -24"><span class='ocrx_word' id='word_1_121' title='bbox 209 1784 334 1820; x_wconf 89' lang='lat' dir='ltr'><strong>non</strong></span> <span class='ocrx_word' id='word_1_122' title='bbox 358 1765 475 1821; x_wconf 86' lang='lat' dir='ltr'><strong>nisi</strong></span> <span class='ocrx_word' id='word_1_123' title='bbox 497 1766 758 1829; x_wconf 79' lang='lat' dir='ltr'><strong>fallendo</strong></span> <span class='ocrx_word' id='word_1_124' title='bbox 789 1767 1020 1826; x_wconf 87' lang='lat' dir='ltr'><strong>licebat.</strong></span> <span class='ocrx_word' id='word_1_125' title='bbox 1108 1766 1189 1823; x_wconf 87' lang='lat' dir='ltr'><strong>ita</strong></span> <span class='ocrx_word' id='word_1_126' title='bbox 1213 1767 1279 1822; x_wconf 88' lang='lat' dir='ltr'><strong>in</strong></span> <span class='ocrx_word' id='word_1_127' title='bbox 1301 1768 1564 1824; x_wconf 86' lang='lat' dir='ltr'><strong>custodia</strong></span> <span class='ocrx_word' id='word_1_128' title='bbox 1587 1763 1824 1825; x_wconf 85' lang='lat' dir='ltr'><strong>habitus</strong></span> <span class='ocrx_word' id='word_1_129' title='bbox 1851 1781 1907 1826; x_wconf 90' lang='lat' dir='ltr'><strong>et</strong></span> <span class='ocrx_word' id='word_1_130' title='bbox 1934 1780 2065 1843; x_wconf 89' lang='lat' dir='ltr'><strong>post</strong></span> 
     </span>
     <span class='ocr_line' id='line_1_21' title="bbox 209 1849 2062 1929; baseline 0.003 -24"><span class='ocrx_word' id='word_1_131' title='bbox 209 1849 518 1908; x_wconf 87' lang='lat' dir='ltr'><strong>victoriam</strong></span> <span class='ocrx_word' id='word_1_132' title='bbox 544 1853 783 1910; x_wconf 90' lang='lat' dir='ltr'><strong>demum</strong></span> <span class='ocrx_word' id='word_1_133' title='bbox 805 1853 998 1910; x_wconf 88' lang='lat' dir='ltr'><strong>stratis</strong></span> <span class='ocrx_word' id='word_1_134' title='bbox 1027 1852 1146 1908; x_wconf 88' lang='lat' dir='ltr'><strong>iam</strong></span> <span class='ocrx_word' id='word_1_135' title='bbox 1183 1852 1442 1909; x_wconf 88' lang='lat' dir='ltr'><strong>militum</strong></span> <span class='ocrx_word' id='word_1_136' title='bbox 1475 1852 1627 1909; x_wconf 91' lang='lat' dir='ltr'><strong>odiis</strong></span> <span class='ocrx_word' id='word_1_137' title='bbox 1661 1853 1935 1929; x_wconf 82' lang='lat' dir='ltr'><strong>dimissus</strong></span> <span class='ocrx_word' id='word_1_138' title='bbox 1961 1865 2062 1916; x_wconf 88' lang='lat' dir='ltr'><strong>est.</strong></span> 
     </span>
    </p>
   </div>
   <div class='ocr_carea' id='block_1_6' title="bbox 208 2099 1107 3649">
    <p class='ocr_par' dir='ltr' id='par_1_6' title="bbox 208 2099 1103 2552">
     <span class='ocr_line' id='line_1_22' title="bbox 208 2099 1101 2157; baseline 0.001 -18"><span class='ocrx_word' id='word_1_139' title='bbox 208 2112 257 2144; x_wconf 71' lang='lat' dir='ltr'><strong>se</strong></span> <span class='ocrx_word' id='word_1_140' title='bbox 277 2099 427 2153; x_wconf 68' lang='lat' dir='ltr'><strong>ipsos,</strong></span> <span class='ocrx_word' id='word_1_141' title='bbox 460 2108 502 2143; x_wconf 83' lang='lat' dir='ltr'><strong>et</strong></span> <span class='ocrx_word' id='word_1_142' title='bbox 529 2100 587 2144; x_wconf 81' lang='lat' dir='ltr'><strong>ita</strong></span> <span class='ocrx_word' id='word_1_143' title='bbox 611 2100 762 2146; x_wconf 82' lang='lat' dir='ltr'><strong>locum</strong></span> <span class='ocrx_word' id='word_1_144' title='bbox 788 2100 931 2143; x_wconf 80' lang='lat' dir='ltr'><strong>sanari</strong></span> <span class='ocrx_word' id='word_1_145' title='bbox 960 2106 1101 2157; x_wconf 78' lang='lat' dir='ltr'><strong>putat.</strong></span> 
     </span>
     <span class='ocr_line' id='line_1_23' title="bbox 208 2155 1099 2215; baseline -0.001 -16"><span class='ocrx_word' id='word_1_146' title='bbox 208 2156 299 2199; x_wconf 71' lang='lat' dir='ltr'><strong>‚Sed</strong></span> <span class='ocrx_word' id='word_1_147' title='bbox 348 2155 470 2199; x_wconf 84' lang='lat' dir='ltr'><strong>nulla</strong></span> <span class='ocrx_word' id='word_1_148' title='bbox 521 2158 594 2200; x_wconf 85' lang='lat' dir='ltr'><strong>hic</strong></span> <span class='ocrx_word' id='word_1_149' title='bbox 638 2157 810 2200; x_wconf 83' lang='lat' dir='ltr'><strong>medela</strong></span> <span class='ocrx_word' id='word_1_150' title='bbox 861 2173 975 2215; x_wconf 84' lang='lat' dir='ltr'><strong>opus</strong></span> <span class='ocrx_word' id='word_1_151' title='bbox 1020 2164 1099 2199; x_wconf 86' lang='lat' dir='ltr'><strong>est.</strong></span> 
     </span>
     <span class='ocr_line' id='line_1_24' title="bbox 210 2211 1102 2269; baseline 0.001 -15"><span class='ocrx_word' id='word_1_152' title='bbox 210 2211 361 2268; x_wconf 81' lang='lat' dir='ltr'><strong>Verba</strong></span> <span class='ocrx_word' id='word_1_153' title='bbox 413 2216 600 2269; x_wconf 75' lang='lat' dir='ltr'><strong>ingenio</strong></span> <span class='ocrx_word' id='word_1_154' title='bbox 652 2218 830 2258; x_wconf 65' lang='lat' dir='ltr'><strong>validus</strong></span> <span class='ocrx_word' id='word_1_155' title='bbox 868 2212 1102 2257; x_wconf 85' lang='lat' dir='ltr'><strong>referenda</strong></span> 
     </span>
     <span class='ocr_line' id='line_1_25' title="bbox 212 2270 1103 2328; baseline 0 -16"><span class='ocrx_word' id='word_1_156' title='bbox 212 2279 316 2312; x_wconf 83' lang='lat' dir='ltr'><strong>suut</strong></span> <span class='ocrx_word' id='word_1_157' title='bbox 354 2272 408 2314; x_wconf 88' lang='lat' dir='ltr'><strong>ad</strong></span> <span class='ocrx_word' id='word_1_158' title='bbox 441 2272 632 2320; x_wconf 77' lang='lat' dir='ltr'><strong>artifices</strong></span> <span class='ocrx_word' id='word_1_159' title='bbox 669 2272 714 2314; x_wconf 90' lang='lat' dir='ltr'><strong>in</strong></span> <span class='ocrx_word' id='word_1_160' title='bbox 747 2273 883 2315; x_wconf 85' lang='lat' dir='ltr'><strong>armis</strong></span> <span class='ocrx_word' id='word_1_161' title='bbox 917 2270 1103 2328; x_wconf 85' lang='lat' dir='ltr'><strong>aliisque</strong></span> 
     </span>
     <span class='ocr_line' id='line_1_26' title="bbox 211 2327 1100 2380; baseline 0 -10"><span class='ocrx_word' id='word_1_162' title='bbox 211 2327 314 2370; x_wconf 82' lang='lat' dir='ltr'><strong>belli</strong></span> <span class='ocrx_word' id='word_1_163' title='bbox 348 2328 656 2380; x_wconf 74' lang='lat' dir='ltr'><strong>instrumentis</strong></span> <span class='ocrx_word' id='word_1_164' title='bbox 689 2328 960 2375; x_wconf 82' lang='lat' dir='ltr'><strong>fabricandis</strong></span> <span class='ocrx_word' id='word_1_165' title='bbox 996 2344 1100 2371; x_wconf 81' lang='lat' dir='ltr'><strong>ver-</strong></span> 
     </span>
     <span class='ocr_line' id='line_1_27' title="bbox 211 2385 1101 2441; baseline -0.002 -14"><span class='ocrx_word' id='word_1_166' title='bbox 211 2392 345 2429; x_wconf 83' lang='lat' dir='ltr'><strong>satos.</strong></span> <span class='ocrx_word' id='word_1_167' title='bbox 419 2385 497 2428; x_wconf 83' lang='lat' dir='ltr'><strong>Sic</strong></span> <span class='ocrx_word' id='word_1_168' title='bbox 528 2386 780 2429; x_wconf 79' lang='lat' dir='ltr'><strong>Daedalus</strong></span> <span class='ocrx_word' id='word_1_169' title='bbox 810 2387 995 2441; x_wconf 77' lang='lat' dir='ltr'><strong>ingenio</strong></span> <span class='ocrx_word' id='word_1_170' title='bbox 1012 2387 1101 2441; x_wconf 85' lang='lat' dir='ltr'><strong>sa-</strong></span> 
     </span>
     <span class='ocr_line' id='line_1_28' title="bbox 211 2441 1099 2502; baseline 0.002 -20"><span class='ocrx_word' id='word_1_171' title='bbox 211 2442 323 2484; x_wconf 81' lang='lat' dir='ltr'><strong>brae</strong></span> <span class='ocrx_word' id='word_1_172' title='bbox 350 2446 673 2487; x_wconf 80' lang='lat' dir='ltr'><strong>celeberrimus</strong></span> <span class='ocrx_word' id='word_1_173' title='bbox 693 2446 809 2487; x_wconf 69' lang='lat' dir='ltr'><strong>artzts</strong></span> <span class='ocrx_word' id='word_1_174' title='bbox 834 2443 951 2502; x_wconf 85' lang='lat' dir='ltr'><strong>apud</strong></span> <span class='ocrx_word' id='word_1_175' title='bbox 965 2441 1099 2485; x_wconf 89' lang='lat' dir='ltr'><strong>Ovid.</strong></span> 
     </span>
     <span class='ocr_line' id='line_1_29' title="bbox 211 2498 518 2552; baseline 0.007 -9"><span class='ocrx_word' id='word_1_176' title='bbox 211 2498 326 2543; x_wconf 84' lang='lat' dir='ltr'><strong>Met.</strong></span> <span class='ocrx_word' id='word_1_177' title='bbox 353 2500 393 2552; x_wconf 89' lang='lat'><strong>8,</strong></span> <span class='ocrx_word' id='word_1_178' title='bbox 418 2502 518 2545; x_wconf 81' lang='lat'>169.</span> 
     </span>
    </p>

    <p class='ocr_par' dir='ltr' id='par_1_7' title="bbox 211 2558 1098 2672">
     <span class='ocr_line' id='line_1_30' title="bbox 269 2558 1098 2617; baseline 0.004 -20"><span class='ocrx_word' id='word_1_179' title='bbox 269 2571 356 2600; x_wconf 79' lang='lat' dir='ltr'><strong>neo</strong></span> <span class='ocrx_word' id='word_1_180' title='bbox 394 2560 640 2614; x_wconf 78' lang='lat' dir='ltr'><strong>principes.</strong></span> <span class='ocrx_word' id='word_1_181' title='bbox 720 2558 804 2602; x_wconf 89' lang='lat' dir='ltr'><strong>Ed.</strong></span> <span class='ocrx_word' id='word_1_182' title='bbox 838 2558 958 2617; x_wconf 89' lang='lat' dir='ltr'><strong>Spir.</strong></span> <span class='ocrx_word' id='word_1_183' title='bbox 996 2573 1098 2601; x_wconf 88' lang='lat' dir='ltr'><strong>cum</strong></span> 
     </span>
     <span class='ocr_line' id='line_1_31' title="bbox 211 2611 854 2672; baseline 0.003 -16"><span class='ocrx_word' id='word_1_184' title='bbox 211 2611 317 2658; x_wconf 85' lang='lat' dir='ltr'><strong>MS.</strong></span> <span class='ocrx_word' id='word_1_185' title='bbox 345 2613 495 2659; x_wconf 80' lang='lat' dir='ltr'><strong>Guelf.</strong></span> <span class='ocrx_word' id='word_1_186' title='bbox 516 2633 596 2660; x_wconf 83' lang='lat' dir='ltr'><strong>nec</strong></span> <span class='ocrx_word' id='word_1_187' title='bbox 614 2618 854 2672; x_wconf 77' lang='lat' dir='ltr'><strong>princeps.</strong></span> 
     </span>
    </p>

    <p class='ocr_par' dir='ltr' id='par_1_8' title="bbox 209 2672 1101 2942">
     <span class='ocr_line' id='line_1_32' title="bbox 264 2672 1101 2724; baseline 0.002 -10"><span class='ocrx_word' id='word_1_188' title='bbox 264 2675 554 2724; x_wconf 78' lang='lat' dir='ltr'><strong>praesentia.</strong></span> <span class='ocrx_word' id='word_1_189' title='bbox 611 2675 688 2718; x_wconf 80' lang='lat' dir='ltr'><strong>Sic</strong></span> <span class='ocrx_word' id='word_1_190' title='bbox 712 2672 976 2717; x_wconf 83' lang='lat' dir='ltr'><strong>MS.Guelf.</strong></span> <span class='ocrx_word' id='word_1_191' title='bbox 999 2672 1101 2716; x_wconf 87' lang='lat' dir='ltr'><strong>edd.</strong></span> 
     </span>
     <span class='ocr_line' id='line_1_33' title="bbox 210 2726 1099 2790; baseline 0.002 -22"><span class='ocrx_word' id='word_1_192' title='bbox 210 2726 358 2773; x_wconf 85' lang='lat' dir='ltr'><strong>Rhen.</strong></span> <span class='ocrx_word' id='word_1_193' title='bbox 383 2731 487 2774; x_wconf 88' lang='lat' dir='ltr'><strong>Ald.</strong></span> <span class='ocrx_word' id='word_1_194' title='bbox 515 2747 611 2790; x_wconf 87' lang='lat' dir='ltr'><strong>sqq.</strong></span> <span class='ocrx_word' id='word_1_195' title='bbox 630 2756 679 2764; x_wconf 88' lang='lat'>-</span> <span class='ocrx_word' id='word_1_196' title='bbox 715 2738 986 2787; x_wconf 80' lang='lat' dir='ltr'><strong>praesentes</strong></span> <span class='ocrx_word' id='word_1_197' title='bbox 999 2730 1099 2772; x_wconf 84' lang='lat' dir='ltr'><strong>MS.</strong></span> 
     </span>
     <span class='ocr_line' id='line_1_34' title="bbox 209 2785 1100 2842; baseline 0 -15"><span class='ocrx_word' id='word_1_198' title='bbox 209 2785 323 2842; x_wconf 81' lang='lat' dir='ltr'><strong>Agr.</strong></span> <span class='ocrx_word' id='word_1_199' title='bbox 356 2787 455 2830; x_wconf 84' lang='lat' dir='ltr'><strong>edd.</strong></span> <span class='ocrx_word' id='word_1_200' title='bbox 487 2788 589 2834; x_wconf 83' lang='lat' dir='ltr'><strong>Put.</strong></span> <span class='ocrx_word' id='word_1_201' title='bbox 622 2790 691 2832; x_wconf 90' lang='grc' dir='ltr'><strong>Μ.</strong></span> <span class='ocrx_word' id='word_1_202' title='bbox 728 2800 771 2832; x_wconf 86' lang='lat' dir='ltr'><strong>et</strong></span> <span class='ocrx_word' id='word_1_203' title='bbox 805 2788 860 2831; x_wconf 91' lang='lat' dir='ltr'><strong>V.</strong></span> <span class='ocrx_word' id='word_1_204' title='bbox 891 2786 1100 2830; x_wconf 77' lang='lat' dir='ltr'><strong>Beroald.</strong></span> 
     </span>
     <span class='ocr_line' id='line_1_35' title="bbox 209 2842 1098 2942; baseline 0.002 -56"><span class='ocrx_word' id='word_1_205' title='bbox 209 2842 339 2942; x_wconf 55' lang='lat' dir='ltr'><strong>geum</strong></span> <span class='ocrx_word' id='word_1_206' title='bbox 367 2845 435 2887; x_wconf 87' lang='lat' dir='ltr'><strong>sil.</strong></span> <span class='ocrx_word' id='word_1_207' title='bbox 461 2846 602 2904; x_wconf 76' lang='lat' dir='ltr'><strong>vict.)</strong></span> <span class='ocrx_word' id='word_1_208' title='bbox 633 2846 735 2891; x_wconf 88' lang='lat' dir='ltr'><strong>Alc.</strong></span> <span class='ocrx_word' id='word_1_209' title='bbox 760 2873 818 2883; x_wconf 86' lang='lat'><strong>--</strong></span> <span class='ocrx_word' id='word_1_210' title='bbox 861 2846 998 2901; x_wconf 61' lang='lat' dir='ltr'><strong>phtes</strong></span> <span class='ocrx_word' id='word_1_211' title='bbox 1027 2844 1098 2888; x_wconf 85' lang='lat' dir='ltr'><strong>ed.</strong></span> 
     </span>
    </p>

    <p class='ocr_par' dir='ltr' id='par_1_9' title="bbox 210 2916 1100 3186">
     <span class='ocr_line' id='line_1_36' title="bbox 247 2916 1099 3017; baseline 0.006 -18"><span class='ocrx_word' id='word_1_212' title='bbox 247 2916 332 3000; x_wconf 48' lang='lat'><strong>122·</strong></span> <span class='ocrx_word' id='word_1_213' title='bbox 359 2956 599 3013; x_wconf 82' lang='lat' dir='ltr'><strong>adfluenli.</strong></span> <span class='ocrx_word' id='word_1_214' title='bbox 681 2961 757 3004; x_wconf 88' lang='lat' dir='ltr'><strong>Sic</strong></span> <span class='ocrx_word' id='word_1_215' title='bbox 791 2959 956 3004; x_wconf 80' lang='lat' dir='ltr'><strong>Noster</strong></span> <span class='ocrx_word' id='word_1_216' title='bbox 988 2960 1099 3017; x_wconf 85' lang='lat' dir='ltr'><strong>Agr.</strong></span> 
     </span>
     <span class='ocr_line' id='line_1_37' title="bbox 210 3015 1098 3073; baseline -0.001 -15"><span class='ocrx_word' id='word_1_217' title='bbox 210 3030 252 3058; x_wconf 87' lang='lat' dir='ltr'><strong>c.</strong></span> <span class='ocrx_word' id='word_1_218' title='bbox 277 3015 343 3058; x_wconf 88' lang='grc'><strong>15.</strong></span> <span class='ocrx_word' id='word_1_219' title='bbox 369 3022 597 3071; x_wconf 79' lang='lat' dir='ltr'><strong>tanquam</strong></span> <span class='ocrx_word' id='word_1_220' title='bbox 622 3033 684 3059; x_wconf 74' lang='lat' dir='ltr'><strong>ex</strong></span> <span class='ocrx_word' id='word_1_221' title='bbox 695 3020 834 3073; x_wconf 82' lang='lat' dir='ltr'><strong>sacili</strong></span> <span class='ocrx_word' id='word_1_222' title='bbox 852 3017 1098 3059; x_wconf 72' lang='lat' dir='ltr'><strong>toleranti-</strong></span> 
     </span>
     <span class='ocr_line' id='line_1_38' title="bbox 211 3072 1100 3131; baseline 0.001 -17"><span class='ocrx_word' id='word_1_223' title='bbox 211 3075 309 3116; x_wconf 79' lang='lat' dir='ltr'><strong>bus.</strong></span> <span class='ocrx_word' id='word_1_224' title='bbox 389 3072 626 3116; x_wconf 81' lang='lat' dir='ltr'><strong>structura</strong></span> <span class='ocrx_word' id='word_1_225' title='bbox 671 3075 864 3126; x_wconf 83' lang='lat' dir='ltr'><strong>Graeca,</strong></span> <span class='ocrx_word' id='word_1_226' title='bbox 917 3074 971 3117; x_wconf 88' lang='lat' dir='ltr'><strong>de</strong></span> <span class='ocrx_word' id='word_1_227' title='bbox 1013 3089 1100 3131; x_wconf 84' lang='lat' dir='ltr'><strong>qua</strong></span> 
     </span>
     <span class='ocr_line' id='line_1_39' title="bbox 213 3129 886 3186; baseline 0.006 -16"><span class='ocrx_word' id='word_1_228' title='bbox 213 3130 302 3173; x_wconf 79' lang='lat' dir='ltr'><strong>vid.</strong></span> <span class='ocrx_word' id='word_1_229' title='bbox 325 3129 486 3173; x_wconf 78' lang='lat' dir='ltr'><strong>Matth.</strong></span> <span class='ocrx_word' id='word_1_230' title='bbox 510 3130 716 3175; x_wconf 80' lang='lat' dir='ltr'><strong>Gramm.</strong></span> <span class='ocrx_word' id='word_1_231' title='bbox 742 3136 770 3186; x_wconf 83' lang='lat'>§</span> <span class='ocrx_word' id='word_1_232' title='bbox 790 3132 886 3174; x_wconf 87' lang='lat'><strong>574.</strong></span> 
     </span>
    </p>

    <p class='ocr_par' dir='ltr' id='par_1_10' title="bbox 210 3188 1100 3303">
     <span class='ocr_line' id='line_1_40' title="bbox 267 3188 1100 3248; baseline 0.001 -19"><span class='ocrx_word' id='word_1_233' title='bbox 267 3188 504 3241; x_wconf 77' lang='lat' dir='ltr'><strong>manipuli</strong></span> <span class='ocrx_word' id='word_1_234' title='bbox 547 3203 721 3244; x_wconf 82' lang='lat' dir='ltr'><strong>quoque</strong></span> <span class='ocrx_word' id='word_1_235' title='bbox 771 3197 814 3231; x_wconf 83' lang='lat' dir='ltr'><strong>et</strong></span> <span class='ocrx_word' id='word_1_236' title='bbox 856 3189 1100 3248; x_wconf 55' lang='lat' dir='ltr'><strong>gregarigts</strong></span> 
     </span>
     <span class='ocr_line' id='line_1_41' title="bbox 210 3243 802 3303; baseline 0.003 -16"><span class='ocrx_word' id='word_1_237' title='bbox 210 3247 359 3288; x_wconf 82' lang='lat' dir='ltr'><strong>miles.</strong></span> <span class='ocrx_word' id='word_1_238' title='bbox 416 3243 475 3287; x_wconf 84' lang='lat' dir='ltr'><strong>cf.</strong></span> <span class='ocrx_word' id='word_1_239' title='bbox 497 3244 633 3288; x_wconf 73' lang='lat' dir='ltr'><strong>Roth.</strong></span> <span class='ocrx_word' id='word_1_240' title='bbox 664 3262 707 3303; x_wconf 92' lang='lat' dir='ltr'><strong>p.</strong></span> <span class='ocrx_word' id='word_1_241' title='bbox 730 3247 802 3290; x_wconf 78' lang='lat'><strong>46.</strong></span> 
     </span>
    </p>

    <p class='ocr_par' dir='ltr' id='par_1_11' title="bbox 209 3303 1098 3417">
     <span class='ocr_line' id='line_1_42' title="bbox 263 3303 1098 3361; baseline 0.002 -17"><span class='ocrx_word' id='word_1_242' title='bbox 263 3303 600 3357; x_wconf 76' lang='lat' dir='ltr'><strong>phalerasque.</strong></span> <span class='ocrx_word' id='word_1_243' title='bbox 684 3303 767 3345; x_wconf 87' lang='lat' dir='ltr'><strong>Ed.</strong></span> <span class='ocrx_word' id='word_1_244' title='bbox 799 3303 919 3361; x_wconf 83' lang='lat' dir='ltr'><strong>Spir.</strong></span> <span class='ocrx_word' id='word_1_245' title='bbox 945 3303 1098 3359; x_wconf 74' lang='lat' dir='ltr'><strong>fulle-</strong></span> 
     </span>
     <span class='ocr_line' id='line_1_43' title="bbox 209 3357 930 3417; baseline -0.001 -13"><span class='ocrx_word' id='word_1_246' title='bbox 209 3374 395 3417; x_wconf 83' lang='lat' dir='ltr'><strong>rasque.</strong></span> <span class='ocrx_word' id='word_1_247' title='bbox 455 3357 621 3401; x_wconf 78' lang='lat' dir='ltr'><strong>Eadem</strong></span> <span class='ocrx_word' id='word_1_248' title='bbox 646 3367 690 3400; x_wconf 76' lang='lat' dir='ltr'><strong>et</strong></span> <span class='ocrx_word' id='word_1_249' title='bbox 712 3363 930 3414; x_wconf 75' lang='lat' dir='ltr'><strong>insignia.</strong></span> 
     </span>
    </p>

    <p class='ocr_par' dir='ltr' id='par_1_12' title="bbox 213 3415 1099 3530">
     <span class='ocr_line' id='line_1_44' title="bbox 269 3415 1099 3474; baseline -0.001 -13"><span class='ocrx_word' id='word_1_250' title='bbox 269 3417 382 3461; x_wconf 77' lang='lat' dir='ltr'><strong>CAP.</strong></span> <span class='ocrx_word' id='word_1_251' title='bbox 405 3415 473 3459; x_wconf 87' lang='lat'><strong>58.</strong></span> <span class='ocrx_word' id='word_1_252' title='bbox 534 3431 597 3459; x_wconf 79' lang='lat' dir='ltr'><strong>ex</strong></span> <span class='ocrx_word' id='word_1_253' title='bbox 614 3418 750 3474; x_wconf 75' lang='lat' dir='ltr'><strong>fisco,</strong></span> <span class='ocrx_word' id='word_1_254' title='bbox 814 3417 913 3460; x_wconf 88' lang='lat' dir='ltr'><strong>MS.</strong></span> <span class='ocrx_word' id='word_1_255' title='bbox 950 3415 1099 3466; x_wconf 80' lang='lat' dir='ltr'><strong>Guelf.</strong></span> 
     </span>
     <span class='ocr_line' id='line_1_45' title="bbox 213 3472 481 3530; baseline -0.007 -12"><span class='ocrx_word' id='word_1_256' title='bbox 213 3490 277 3518; x_wconf 75' lang='lat' dir='ltr'><strong>cx</strong></span> <span class='ocrx_word' id='word_1_257' title='bbox 296 3472 481 3530; x_wconf 70' lang='lat' dir='ltr'><strong>physco.</strong></span> 
     </span>
    </p>

    <p class='ocr_par' dir='ltr' id='par_1_13' title="bbox 212 3531 1107 3649">
     <span class='ocr_line' id='line_1_46' title="bbox 263 3531 1100 3589; baseline -0.001 -15"><span class='ocrx_word' id='word_1_258' title='bbox 263 3531 446 3587; x_wconf 80' lang='lat' dir='ltr'><strong>partim</strong></span> <span class='ocrx_word' id='word_1_259' title='bbox 465 3531 779 3574; x_wconf 72' lang='lat' dir='ltr'><strong>simulatione.</strong></span> <span class='ocrx_word' id='word_1_260' title='bbox 830 3531 906 3576; x_wconf 84' lang='lat' dir='ltr'><strong>Sic</strong></span> <span class='ocrx_word' id='word_1_261' title='bbox 925 3547 947 3575; x_wconf 86' lang='lat' dir='ltr'><strong>e</strong></span> <span class='ocrx_word' id='word_1_262' title='bbox 962 3532 1100 3589; x_wconf 88' lang='lat' dir='ltr'><strong>Lipsii</strong></span> 
     </span>
     <span class='ocr_line' id='line_1_47' title="bbox 212 3587 1107 3649; baseline -0.002 -14"><span class='ocrx_word' id='word_1_263' title='bbox 212 3589 469 3639; x_wconf 59' lang='lat' dir='ltr'><strong>coniectura</strong></span> <span class='ocrx_word' id='word_1_264' title='bbox 497 3589 597 3635; x_wconf 81' lang='lat' dir='ltr'><strong>edd.</strong></span> <span class='ocrx_word' id='word_1_265' title='bbox 623 3587 749 3638; x_wconf 77' lang='lat' dir='ltr'><strong>Pich.</strong></span> <span class='ocrx_word' id='word_1_266' title='bbox 772 3606 873 3648; x_wconf 76' lang='lat' dir='ltr'><strong>sqq.</strong></span> <span class='ocrx_word' id='word_1_267' title='bbox 895 3613 949 3621; x_wconf 94' lang='lat'><strong>—</strong></span> <span class='ocrx_word' id='word_1_268' title='bbox 991 3591 1107 3649; x_wconf 72' lang='lat' dir='ltr'><strong>pari</strong></span> 
     </span>
    </p>
   </div>
   <div class='ocr_carea' id='block_1_7' title="bbox 1168 2098 2131 3636">
    <p class='ocr_par' dir='ltr' id='par_1_14' title="bbox 1168 2098 2097 2728">
     <span class='ocr_line' id='line_1_48' title="bbox 1170 2098 2062 2155; baseline 0.002 -14"><span class='ocrx_word' id='word_1_269' title='bbox 1170 2100 1468 2143; x_wconf 73' lang='lat' dir='ltr'><strong>simulatione</strong></span> <span class='ocrx_word' id='word_1_270' title='bbox 1488 2099 1621 2144; x_wconf 78' lang='lat' dir='ltr'><strong>MSS.</strong></span> <span class='ocrx_word' id='word_1_271' title='bbox 1641 2098 1752 2142; x_wconf 86' lang='lat' dir='ltr'><strong>Bud.</strong></span> <span class='ocrx_word' id='word_1_272' title='bbox 1768 2098 1919 2155; x_wconf 84' lang='lat' dir='ltr'><strong>Guelf.</strong></span> <span class='ocrx_word' id='word_1_273' title='bbox 1942 2098 2062 2143; x_wconf 85' lang='lat' dir='ltr'><strong>Harl.</strong></span> 
     </span>
     <span class='ocr_line' id='line_1_49' title="bbox 1173 2155 2062 2216; baseline 0.002 -16"><span class='ocrx_word' id='word_1_274' title='bbox 1173 2156 1305 2200; x_wconf 86' lang='lat' dir='ltr'><strong>Bodl.</strong></span> <span class='ocrx_word' id='word_1_275' title='bbox 1338 2157 1421 2206; x_wconf 84' lang='lat' dir='ltr'><strong>les.</strong></span> <span class='ocrx_word' id='word_1_276' title='bbox 1455 2156 1555 2200; x_wconf 90' lang='lat' dir='ltr'><strong>edd.</strong></span> <span class='ocrx_word' id='word_1_277' title='bbox 1580 2157 1783 2200; x_wconf 81' lang='lat' dir='ltr'><strong>Rhenan.</strong></span> <span class='ocrx_word' id='word_1_278' title='bbox 1811 2155 1919 2201; x_wconf 86' lang='lat' dir='ltr'><strong>Ald.</strong></span> <span class='ocrx_word' id='word_1_279' title='bbox 1940 2155 2062 2216; x_wconf 75' lang='lat' dir='ltr'><strong>Lips‚</strong></span> 
     </span>
     <span class='ocr_line' id='line_1_50' title="bbox 1174 2210 2063 2267; baseline -0.002 -9"><span class='ocrx_word' id='word_1_280' title='bbox 1174 2213 1360 2258; x_wconf 81' lang='lat' dir='ltr'><strong>Gruter.</strong></span> <span class='ocrx_word' id='word_1_281' title='bbox 1419 2213 1471 2257; x_wconf 91' lang='lat' dir='ltr'><strong>In</strong></span> <span class='ocrx_word' id='word_1_282' title='bbox 1486 2213 1592 2258; x_wconf 86' lang='lat' dir='ltr'><strong>MS.</strong></span> <span class='ocrx_word' id='word_1_283' title='bbox 1607 2210 1763 2256; x_wconf 77' lang='lat' dir='ltr'><strong>Guelf.</strong></span> <span class='ocrx_word' id='word_1_284' title='bbox 1785 2230 1874 2267; x_wconf 67' lang='lat' dir='ltr'><strong>sec.</strong></span> <span class='ocrx_word' id='word_1_285' title='bbox 1902 2230 2063 2265; x_wconf 83' lang='lat' dir='ltr'><strong>manus</strong></span> 
     </span>
     <span class='ocr_line' id='line_1_51' title="bbox 1174 2269 2063 2326; baseline -0.003 -11"><span class='ocrx_word' id='word_1_286' title='bbox 1174 2280 1277 2315; x_wconf 80' lang='lat' dir='ltr'><strong>ante</strong></span> <span class='ocrx_word' id='word_1_287' title='bbox 1292 2272 1404 2326; x_wconf 83' lang='lat' dir='ltr'><strong>pari</strong></span> <span class='ocrx_word' id='word_1_288' title='bbox 1422 2271 1594 2316; x_wconf 83' lang='lat' dir='ltr'><strong>addidit</strong></span> <span class='ocrx_word' id='word_1_289' title='bbox 1615 2279 1675 2317; x_wconf 78' lang='lat' dir='ltr'><strong>et.</strong></span> <span class='ocrx_word' id='word_1_290' title='bbox 1696 2295 1751 2302; x_wconf 87' lang='lat'>-</span> <span class='ocrx_word' id='word_1_291' title='bbox 1793 2272 1831 2315; x_wconf 86' lang='lat' dir='ltr'><strong>l.</strong></span> <span class='ocrx_word' id='word_1_292' title='bbox 1856 2271 1932 2321; x_wconf 74' lang='lat' dir='ltr'><strong>Fr,</strong></span> <span class='ocrx_word' id='word_1_293' title='bbox 1947 2269 2063 2315; x_wconf 88' lang='lat' dir='ltr'><strong>Gro-</strong></span> 
     </span>
     <span class='ocr_line' id='line_1_52' title="bbox 1173 2327 2060 2374; baseline 0 -2"><span class='ocrx_word' id='word_1_294' title='bbox 1173 2327 1340 2373; x_wconf 80' lang='lat' dir='ltr'><strong>novius</strong></span> <span class='ocrx_word' id='word_1_295' title='bbox 1364 2330 1409 2372; x_wconf 86' lang='lat' dir='ltr'><strong>in</strong></span> <span class='ocrx_word' id='word_1_296' title='bbox 1433 2330 1566 2372; x_wconf 69' lang='lat' dir='ltr'><strong>diam</strong></span> <span class='ocrx_word' id='word_1_297' title='bbox 1592 2329 1645 2372; x_wconf 81' lang='lat' dir='ltr'><strong>ad</strong></span> <span class='ocrx_word' id='word_1_298' title='bbox 1659 2327 1786 2373; x_wconf 81' lang='lat' dir='ltr'><strong>Statii</strong></span> <span class='ocrx_word' id='word_1_299' title='bbox 1804 2328 1916 2374; x_wconf 79' lang='lat' dir='ltr'><strong>Silv.</strong></span> <span class='ocrx_word' id='word_1_300' title='bbox 1936 2329 2060 2372; x_wconf 79' lang='lat' dir='ltr'><strong>e.29.</strong></span> 
     </span>
     <span class='ocr_line' id='line_1_53' title="bbox 1171 2385 2061 2446; baseline 0.002 -18"><span class='ocrx_word' id='word_1_301' title='bbox 1171 2403 1215 2444; x_wconf 91' lang='lat' dir='ltr'><strong>p.</strong></span> <span class='ocrx_word' id='word_1_302' title='bbox 1230 2386 1328 2430; x_wconf 85' lang='lat'>181.</span> <span class='ocrx_word' id='word_1_303' title='bbox 1351 2385 1560 2444; x_wconf 76' lang='lat' dir='ltr'><strong>intelligit</strong></span> <span class='ocrx_word' id='word_1_304' title='bbox 1577 2386 1695 2443; x_wconf 79' lang='lat' dir='ltr'><strong>pari</strong></span> <span class='ocrx_word' id='word_1_305' title='bbox 1715 2402 1768 2446; x_wconf 70' lang='lat' dir='ltr'><strong>ae</strong></span> <span class='ocrx_word' id='word_1_306' title='bbox 1782 2385 1906 2430; x_wconf 79' lang='lat' dir='ltr'><strong>Otho</strong></span> <span class='ocrx_word' id='word_1_307' title='bbox 1923 2385 2061 2440; x_wconf 80' lang='lat' dir='ltr'><strong>e.45.,</strong></span> 
     </span>
     <span class='ocr_line' id='line_1_54' title="bbox 1173 2444 2062 2502; baseline 0.001 -17"><span class='ocrx_word' id='word_1_308' title='bbox 1173 2444 1295 2502; x_wconf 91' lang='lat' dir='ltr'><strong>quod</strong></span> <span class='ocrx_word' id='word_1_309' title='bbox 1319 2451 1578 2491; x_wconf 79' lang='lat' dir='ltr'><strong>contortum</strong></span> <span class='ocrx_word' id='word_1_310' title='bbox 1606 2450 1687 2490; x_wconf 74' lang='lat' dir='ltr'><strong>est,</strong></span> <span class='ocrx_word' id='word_1_311' title='bbox 1709 2472 1767 2480; x_wconf 88' lang='lat'><strong>-</strong></span> <span class='ocrx_word' id='word_1_312' title='bbox 1801 2451 1976 2498; x_wconf 76' lang='lat' dir='ltr'><strong>porum</strong></span> <span class='ocrx_word' id='word_1_313' title='bbox 1998 2446 2062 2492; x_wconf 52' lang='lat'><strong>31⁶1-</strong></span> 
     </span>
     <span class='ocr_line' id='line_1_55' title="bbox 1171 2499 2097 2559; baseline 0.001 -16"><span class='ocrx_word' id='word_1_314' title='bbox 1171 2501 1435 2550; x_wconf 75' lang='lat' dir='ltr'><strong>ntulatz‘one</strong></span> <span class='ocrx_word' id='word_1_315' title='bbox 1456 2500 1558 2544; x_wconf 87' lang='lat' dir='ltr'><strong>MS.</strong></span> <span class='ocrx_word' id='word_1_316' title='bbox 1571 2500 1681 2559; x_wconf 77' lang='lat' dir='ltr'><strong>Reg‚</strong></span> <span class='ocrx_word' id='word_1_317' title='bbox 1705 2499 1806 2550; x_wconf 82' lang='lat' dir='ltr'><strong>edd.</strong></span> <span class='ocrx_word' id='word_1_318' title='bbox 1829 2499 1945 2558; x_wconf 86' lang='lat' dir='ltr'><strong>Spir.</strong></span> <span class='ocrx_word' id='word_1_319' title='bbox 1960 2500 2062 2545; x_wconf 71' lang='lat' dir='ltr'><strong>Put.</strong></span> <span class='ocrx_word' id='word_1_320' title='bbox 2088 2546 2097 2554; x_wconf 29' lang='grc'><strong>,-</strong></span> 
     </span>
     <span class='ocr_line' id='line_1_56' title="bbox 1171 2557 2062 2614; baseline 0 -12"><span class='ocrx_word' id='word_1_321' title='bbox 1171 2559 1238 2602; x_wconf 91' lang='grc' dir='ltr'><strong>Μ.</strong></span> <span class='ocrx_word' id='word_1_322' title='bbox 1273 2567 1315 2602; x_wconf 82' lang='lat' dir='ltr'><strong>et</strong></span> <span class='ocrx_word' id='word_1_323' title='bbox 1340 2559 1396 2604; x_wconf 87' lang='lat' dir='ltr'><strong>V.</strong></span> <span class='ocrx_word' id='word_1_324' title='bbox 1429 2557 1635 2602; x_wconf 84' lang='lat' dir='ltr'><strong>Beroald.</strong></span> <span class='ocrx_word' id='word_1_325' title='bbox 1673 2560 1798 2614; x_wconf 90' lang='lat' dir='ltr'><strong>(cum</strong></span> <span class='ocrx_word' id='word_1_326' title='bbox 1829 2559 1897 2602; x_wconf 81' lang='lat' dir='ltr'><strong>sil.</strong></span> <span class='ocrx_word' id='word_1_327' title='bbox 1920 2557 2062 2614; x_wconf 67' lang='lat' dir='ltr'><strong>Vici.)</strong></span> 
     </span>
     <span class='ocr_line' id='line_1_57' title="bbox 1172 2615 2062 2674; baseline 0 -15"><span class='ocrx_word' id='word_1_328' title='bbox 1172 2616 1300 2669; x_wconf 59' lang='lat' dir='ltr'><strong>Ale„</strong></span> <span class='ocrx_word' id='word_1_329' title='bbox 1331 2615 1450 2673; x_wconf 86' lang='lat' dir='ltr'><strong>quod</strong></span> <span class='ocrx_word' id='word_1_330' title='bbox 1475 2615 1687 2660; x_wconf 82' lang='lat' dir='ltr'><strong>facillime</strong></span> <span class='ocrx_word' id='word_1_331' title='bbox 1723 2615 1868 2674; x_wconf 84' lang='lat' dir='ltr'><strong>potuit</strong></span> <span class='ocrx_word' id='word_1_332' title='bbox 1898 2615 2005 2659; x_wconf 80' lang='lat' dir='ltr'><strong>oriri</strong></span> <span class='ocrx_word' id='word_1_333' title='bbox 2037 2632 2062 2660; x_wconf 89' lang='lat' dir='ltr'><strong>e</strong></span> 
     </span>
     <span class='ocr_line' id='line_1_58' title="bbox 1168 2675 1368 2728; baseline 0.01 -14"><span class='ocrx_word' id='word_1_334' title='bbox 1168 2675 1368 2728; x_wconf 72' lang='lat' dir='ltr'><strong>partim.</strong></span> 
     </span>
    </p>

    <p class='ocr_par' dir='ltr' id='par_1_15' title="bbox 1169 2727 2131 3059">
     <span class='ocr_line' id='line_1_59' title="bbox 1234 2727 2063 2787; baseline 0.001 -14"><span class='ocrx_word' id='word_1_335' title='bbox 1234 2731 1520 2773; x_wconf 84' lang='lat' dir='ltr'><strong>Burdonem.</strong></span> <span class='ocrx_word' id='word_1_336' title='bbox 1583 2728 1660 2774; x_wconf 78' lang='lat' dir='ltr'><strong>Sic</strong></span> <span class='ocrx_word' id='word_1_337' title='bbox 1691 2729 1793 2778; x_wconf 85' lang='lat' dir='ltr'><strong>MS.</strong></span> <span class='ocrx_word' id='word_1_338' title='bbox 1831 2727 1985 2775; x_wconf 76' lang='lat' dir='ltr'><strong>Guelf.</strong></span> <span class='ocrx_word' id='word_1_339' title='bbox 2016 2735 2063 2787; x_wconf 76' lang='lat' dir='ltr'><strong>(a</strong></span> 
     </span>
     <span class='ocr_line' id='line_1_60' title="bbox 1171 2785 2058 2847; baseline 0.001 -16"><span class='ocrx_word' id='word_1_340' title='bbox 1171 2803 1261 2834; x_wconf 78' lang='lat' dir='ltr'><strong>sec,</strong></span> <span class='ocrx_word' id='word_1_341' title='bbox 1299 2789 1451 2843; x_wconf 83' lang='lat' dir='ltr'><strong>manu)</strong></span> <span class='ocrx_word' id='word_1_342' title='bbox 1487 2786 1586 2830; x_wconf 82' lang='lat' dir='ltr'><strong>edd.</strong></span> <span class='ocrx_word' id='word_1_343' title='bbox 1625 2787 1742 2847; x_wconf 77' lang='lat' dir='ltr'><strong>spir.</strong></span> <span class='ocrx_word' id='word_1_344' title='bbox 1774 2785 1922 2837; x_wconf 66' lang='lat' dir='ltr'><strong>Rhen,</strong></span> <span class='ocrx_word' id='word_1_345' title='bbox 1951 2787 2058 2832; x_wconf 74' lang='lat' dir='ltr'><strong>Am.</strong></span> 
     </span>
     <span class='ocr_line' id='line_1_61' title="bbox 1170 2843 2062 2903; baseline 0.001 -16"><span class='ocrx_word' id='word_1_346' title='bbox 1170 2860 1267 2903; x_wconf 89' lang='lat' dir='ltr'><strong>sqq.</strong></span> <span class='ocrx_word' id='word_1_347' title='bbox 1297 2870 1353 2878; x_wconf 91' lang='lat'><strong>—</strong></span> <span class='ocrx_word' id='word_1_348' title='bbox 1425 2844 1706 2892; x_wconf 82' lang='lat' dir='ltr'><strong>Burdunem</strong></span> <span class='ocrx_word' id='word_1_349' title='bbox 1736 2844 1873 2893; x_wconf 86' lang='lat' dir='ltr'><strong>MSS.</strong></span> <span class='ocrx_word' id='word_1_350' title='bbox 1908 2843 2062 2892; x_wconf 83' lang='lat' dir='ltr'><strong>Guels.</strong></span> 
     </span>
     <span class='ocr_line' id='line_1_62' title="bbox 1169 2900 2059 2959; baseline 0 -15"><span class='ocrx_word' id='word_1_351' title='bbox 1169 2903 1213 2956; x_wconf 86' lang='lat' dir='ltr'><strong>(a</strong></span> <span class='ocrx_word' id='word_1_352' title='bbox 1238 2918 1304 2959; x_wconf 81' lang='lat' dir='ltr'><strong>pr.</strong></span> <span class='ocrx_word' id='word_1_353' title='bbox 1327 2904 1482 2957; x_wconf 82' lang='lat' dir='ltr'><strong>manu)</strong></span> <span class='ocrx_word' id='word_1_354' title='bbox 1516 2900 1638 2949; x_wconf 82' lang='lat' dir='ltr'><strong>Harl.</strong></span> <span class='ocrx_word' id='word_1_355' title='bbox 1670 2901 1804 2950; x_wconf 81' lang='lat' dir='ltr'><strong>Bodl.</strong></span> <span class='ocrx_word' id='word_1_356' title='bbox 1831 2901 1932 2946; x_wconf 78' lang='lat' dir='ltr'><strong>edd.</strong></span> <span class='ocrx_word' id='word_1_357' title='bbox 1958 2902 2059 2952; x_wconf 76' lang='lat' dir='ltr'><strong>Fut,</strong></span> 
     </span>
     <span class='ocr_line' id='line_1_63' title="bbox 1171 2958 2131 3058; baseline 0.002 -57"><span class='ocrx_word' id='word_1_358' title='bbox 1171 2959 1239 3058; x_wconf 58' lang='lat' dir='ltr'><strong>llll,</strong></span> <span class='ocrx_word' id='word_1_359' title='bbox 1277 2967 1320 3002; x_wconf 84' lang='lat' dir='ltr'><strong>et</strong></span> <span class='ocrx_word' id='word_1_360' title='bbox 1341 2959 1397 3002; x_wconf 86' lang='lat' dir='ltr'><strong>V.</strong></span> <span class='ocrx_word' id='word_1_361' title='bbox 1429 2959 1639 3002; x_wconf 80' lang='lat' dir='ltr'><strong>Beroaid.</strong></span> <span class='ocrx_word' id='word_1_362' title='bbox 1672 2959 1792 3015; x_wconf 83' lang='lat' dir='ltr'><strong>(cum</strong></span> <span class='ocrx_word' id='word_1_363' title='bbox 1825 2958 1893 3010; x_wconf 72' lang='lat' dir='ltr'><strong>sil.</strong></span> <span class='ocrx_word' id='word_1_364' title='bbox 1923 2959 2060 3019; x_wconf 81' lang='lat' dir='ltr'><strong>Viet.)</strong></span> <span class='ocrx_word' id='word_1_365' title='bbox 2121 3005 2131 3008; x_wconf 74' lang='grc'><strong>,</strong></span> 
     </span>
     <span class='ocr_line' id='line_1_64' title="bbox 1171 3017 1272 3059; baseline 0 0"><span class='ocrx_word' id='word_1_366' title='bbox 1171 3017 1210 3059; x_wconf 84' lang='grc' dir='ltr'>Α</span> <span class='ocrx_word' id='word_1_367' title='bbox 1233 3033 1272 3059; x_wconf 88' lang='lat' dir='ltr'><strong>c.</strong></span> 
     </span>
    </p>

    <p class='ocr_par' dir='ltr' id='par_1_16' title="bbox 1169 3072 2060 3636">
     <span class='ocr_line' id='line_1_65' title="bbox 1227 3072 2059 3132; baseline 0 -16"><span class='ocrx_word' id='word_1_368' title='bbox 1227 3074 1392 3116; x_wconf 81' lang='lat' dir='ltr'><strong>stratis</strong></span> <span class='ocrx_word' id='word_1_369' title='bbox 1421 3075 1516 3116; x_wconf 80' lang='lat' dir='ltr'><strong>iam</strong></span> <span class='ocrx_word' id='word_1_370' title='bbox 1543 3089 1604 3115; x_wconf 87' lang='lat' dir='ltr'><strong>m.</strong></span> <span class='ocrx_word' id='word_1_371' title='bbox 1630 3073 1761 3116; x_wconf 79' lang='lat' dir='ltr'><strong>odiis.</strong></span> <span class='ocrx_word' id='word_1_372' title='bbox 1825 3072 1900 3117; x_wconf 87' lang='lat' dir='ltr'><strong>Sic</strong></span> <span class='ocrx_word' id='word_1_373' title='bbox 1921 3072 2059 3132; x_wconf 82' lang='lat' dir='ltr'><strong>vulgo</strong></span> 
     </span>
     <span class='ocr_line' id='line_1_66' title="bbox 1171 3130 2059 3189; baseline -0.001 -15"><span class='ocrx_word' id='word_1_374' title='bbox 1171 3131 1309 3174; x_wconf 90' lang='lat' dir='ltr'><strong>MSS.</strong></span> <span class='ocrx_word' id='word_1_375' title='bbox 1350 3139 1393 3173; x_wconf 86' lang='lat' dir='ltr'><strong>et</strong></span> <span class='ocrx_word' id='word_1_376' title='bbox 1436 3131 1535 3174; x_wconf 83' lang='lat' dir='ltr'><strong>edd.</strong></span> <span class='ocrx_word' id='word_1_377' title='bbox 1577 3130 1697 3188; x_wconf 82' lang='lat' dir='ltr'><strong>spir.</strong></span> <span class='ocrx_word' id='word_1_378' title='bbox 1730 3130 1833 3173; x_wconf 79' lang='lat' dir='ltr'><strong>Put.</strong></span> <span class='ocrx_word' id='word_1_379' title='bbox 1872 3146 1924 3189; x_wconf 79' lang='lat' dir='ltr'><strong>sq</strong></span> <span class='ocrx_word' id='word_1_380' title='bbox 1957 3163 1970 3179; x_wconf 79' lang='grc'><strong>.</strong></span> <span class='ocrx_word' id='word_1_381' title='bbox 2004 3155 2059 3164; x_wconf 89' lang='grc'>-</span> 
     </span>
     <span class='ocr_line' id='line_1_67' title="bbox 1170 3147 2057 3245; baseline 0.003 -14"><span class='ocrx_word' id='word_1_382' title='bbox 1170 3191 1310 3231; x_wconf 60' lang='lat' dir='ltr'><strong>stallis</strong></span> <span class='ocrx_word' id='word_1_383' title='bbox 1334 3204 1417 3245; x_wconf 89' lang='lat' dir='ltr'><strong>pro</strong></span> <span class='ocrx_word' id='word_1_384' title='bbox 1438 3189 1606 3231; x_wconf 75' lang='lat' dir='ltr'><strong>stratis</strong></span> <span class='ocrx_word' id='word_1_385' title='bbox 1626 3187 1778 3231; x_wconf 80' lang='lat' dir='ltr'><strong>serunt</strong></span> <span class='ocrx_word' id='word_1_386' title='bbox 1789 3147 2057 3234; x_wconf 65' lang='lat' dir='ltr'><strong>MSS.l²10r.</strong></span> 
     </span>
     <span class='ocr_line' id='line_1_68' title="bbox 1171 3243 2060 3303; baseline 0 -15"><span class='ocrx_word' id='word_1_387' title='bbox 1171 3247 1298 3299; x_wconf 83' lang='lat' dir='ltr'><strong>(test.</strong></span> <span class='ocrx_word' id='word_1_388' title='bbox 1331 3243 1448 3289; x_wconf 81' lang='lat' dir='ltr'><strong>vict.</strong></span> <span class='ocrx_word' id='word_1_389' title='bbox 1487 3260 1593 3288; x_wconf 87' lang='lat' dir='ltr'><strong>cum</strong></span> <span class='ocrx_word' id='word_1_390' title='bbox 1626 3244 1825 3303; x_wconf 82' lang='lat' dir='ltr'><strong>Ryckio)</strong></span> <span class='ocrx_word' id='word_1_391' title='bbox 1859 3245 1969 3303; x_wconf 85' lang='lat' dir='ltr'><strong>Reg.</strong></span> <span class='ocrx_word' id='word_1_392' title='bbox 2001 3269 2060 3279; x_wconf 83' lang='lat'><strong>—-·</strong></span> 
     </span>
     <span class='ocr_line' id='line_1_69' title="bbox 1169 3302 2059 3360; baseline 0.002 -16"><span class='ocrx_word' id='word_1_393' title='bbox 1169 3302 1251 3345; x_wconf 87' lang='lat' dir='ltr'><strong>Ed.</strong></span> <span class='ocrx_word' id='word_1_394' title='bbox 1266 3302 1486 3360; x_wconf 81' lang='lat' dir='ltr'><strong>Bernegg.</strong></span> <span class='ocrx_word' id='word_1_395' title='bbox 1496 3318 1546 3358; x_wconf 77' lang='lat' dir='ltr'><strong>ex</strong></span> <span class='ocrx_word' id='word_1_396' title='bbox 1561 3302 1875 3345; x_wconf 75' lang='lat' dir='ltr'><strong>emendatione</strong></span> <span class='ocrx_word' id='word_1_397' title='bbox 1885 3302 2059 3346; x_wconf 85' lang='lat' dir='ltr'><strong>Freins-</strong></span> 
     </span>
     <span class='ocr_line' id='line_1_70' title="bbox 1170 3359 2057 3405; baseline 0.002 -2"><span class='ocrx_word' id='word_1_398' title='bbox 1170 3359 1304 3403; x_wconf 85' lang='lat' dir='ltr'><strong>hemii</strong></span> <span class='ocrx_word' id='word_1_399' title='bbox 1350 3360 1482 3404; x_wconf 81' lang='lat' dir='ltr'><strong>habet</strong></span> <span class='ocrx_word' id='word_1_400' title='bbox 1521 3359 1708 3403; x_wconf 75' lang='lat' dir='ltr'><strong>satiatis·</strong></span> <span class='ocrx_word' id='word_1_401' title='bbox 1743 3361 1774 3402; x_wconf 84' lang='grc' dir='ltr'><strong>ι’.</strong></span> <span class='ocrx_word' id='word_1_402' title='bbox 1814 3375 1878 3404; x_wconf 85' lang='lat' dir='ltr'><strong>m.</strong></span> <span class='ocrx_word' id='word_1_403' title='bbox 1925 3362 2057 3405; x_wconf 73' lang='lat' dir='ltr'><strong>odiis.</strong></span> 
     </span>
     <span class='ocr_line' id='line_1_71' title="bbox 1172 3415 2058 3471; baseline 0.002 -12"><span class='ocrx_word' id='word_1_404' title='bbox 1172 3417 1411 3460; x_wconf 84' lang='lat' dir='ltr'><strong>Rhenanus</strong></span> <span class='ocrx_word' id='word_1_405' title='bbox 1436 3416 1629 3460; x_wconf 85' lang='lat' dir='ltr'><strong>coniecit</strong></span> <span class='ocrx_word' id='word_1_406' title='bbox 1647 3415 1904 3471; x_wconf 68' lang='lat' dir='ltr'><strong>frustratis</strong></span> <span class='ocrx_word' id='word_1_407' title='bbox 1930 3418 1960 3461; x_wconf 81' lang='grc' dir='ltr'><strong>ι’.</strong></span> <span class='ocrx_word' id='word_1_408' title='bbox 1993 3433 2058 3464; x_wconf 87' lang='lat' dir='ltr'><strong>m.</strong></span> 
     </span>
     <span class='ocr_line' id='line_1_72' title="bbox 1171 3472 2056 3522; baseline 0.001 -5"><span class='ocrx_word' id='word_1_409' title='bbox 1171 3474 1354 3517; x_wconf 81' lang='lat' dir='ltr'><strong>animis.</strong></span> <span class='ocrx_word' id='word_1_410' title='bbox 1434 3474 1522 3517; x_wconf 88' lang='lat' dir='ltr'><strong>Sed</strong></span> <span class='ocrx_word' id='word_1_411' title='bbox 1566 3472 1677 3516; x_wconf 83' lang='lat' dir='ltr'><strong>nihil</strong></span> <span class='ocrx_word' id='word_1_412' title='bbox 1715 3473 1890 3518; x_wconf 79' lang='lat' dir='ltr'><strong>laborat</strong></span> <span class='ocrx_word' id='word_1_413' title='bbox 1929 3482 2056 3522; x_wconf 72' lang='lat' dir='ltr'><strong>vetus</strong></span> 
     </span>
     <span class='ocr_line' id='line_1_73' title="bbox 1171 3529 2056 3589; baseline 0.007 -15"><span class='ocrx_word' id='word_1_414' title='bbox 1171 3531 1395 3588; x_wconf 85' lang='lat' dir='ltr'><strong>scriptura</strong></span> <span class='ocrx_word' id='word_1_415' title='bbox 1437 3546 1623 3589; x_wconf 87' lang='lat' dir='ltr'><strong>eamque</strong></span> <span class='ocrx_word' id='word_1_416' title='bbox 1669 3529 1858 3579; x_wconf 75' lang='lat' dir='ltr'><strong>restituit</strong></span> <span class='ocrx_word' id='word_1_417' title='bbox 1898 3530 1936 3579; x_wconf 73' lang='grc' dir='ltr'><strong>Ι.</strong></span> <span class='ocrx_word' id='word_1_418' title='bbox 1980 3532 2056 3584; x_wconf 73' lang='lat' dir='ltr'><strong>Fr.</strong></span> 
     </span>
     <span class='ocr_line' id='line_1_74' title="bbox 1173 3588 1455 3636; baseline 0.004 -1"><span class='ocrx_word' id='word_1_419' title='bbox 1173 3588 1455 3636; x_wconf 77' lang='lat' dir='ltr'><strong>Gronovius.</strong></span> 
     </span>
    </p>
   </div>
  </div>
 </body>
</html>
