2138 4030
625 277 795 338 LIB.
825 273 931 338 III.
1008 273 1200 338 CAP.
1239 277 1339 338 84.
1774 279 1917 341 '357

0 476 6 479 ἢ
228 404 562 470 LXXXIV.
644 404 981 463 Plurimum
1018 405 1194 461 molis
1231 405 1294 460 in
1334 409 1770 483 oppugnatione
1814 431 1911 466 ca..

59 508 316 554 strorum
352 494 497 563 fuit,
568 512 717 569 quae
766 492 1086 549 acerrimus
1129 489 1379 567 quisque
1414 501 1481 551 ut
1530 489 1907 551 novissim-am

58 601 221 657 spem
249 579 599 637 retinebant.
678 597 754 634 eo
785 576 1069 633 intentius
1105 575 1356 633 victores
1393 576 1708 652 praecipuo
1748 589 1926 635 vete-'

57 686 192 723 rum
232 660 566 722 cohortium
620 660 815 719 studio
874 671 1082 718 cuncta
1130 659 1627 717 validissimarum
1668 663 1908 719 urbium

57 749 298 808 excidiis
323 759 551 824 reperta
577 745 754 803 simul
781 745 1130 812 admovent,
1172 745 1558 814 testudinem,
1599 755 1907 817 tormenta,

55 853 287 909 aggeres
326 834 625 909 facesque,
686 830 979 908 quidquid
1017 839 1103 886 tot
1136 829 1380 903 proeliis
1421 829 1644 886 laboris
1692 849 1758 887 ac
1800 852 1925 906 pe-.

24 919 232 986 ,riculi
279 915 637 987 hausissent,
704 935 880 991 opere
923 915 1028 970 illo
1083 914 1481 971 consummari
1529 914 1907 972 clamitantes,

57 1004 282 1063 Urbem
309 1003 540 1061 senatui
564 1022 629 1058 ac
654 1001 875 1076 populo
900 996 1176 1057 Romano
1194 1043 1212 1067 ,
1264 999 1482 1076 templa
1509 998 1625 1055 diis
1646 1000 1904 1061 reddita:

56 1089 366 1165 proprium
406 1107 525 1145 esse
562 1085 769 1143 militis
811 1086 985 1140 decus
1021 1083 1086 1138 in
1125 1083 1344 1143 castris,
1429 1084 1593 1140 illam
1640 1085 1908 1160 patriam,

58 1175 194 1231 illos
238 1184 495 1250 penates,
591 1171 659 1227 ni
693 1170 886 1226 statim
920 1168 1311 1243 recipiantur,
1360 1180 1592 1226 noctem
1630 1168 1696 1231 in
1730 1169 1910 1226 armis

57 1260 359 1333 agendam.
442 1255 664 1315 Contra
689 1253 996 1311 Vitelliani
1030 1272 1366 1331 quanquam
1397 1254 1912 1330 numeroxfatoque

61 1345 318 1421 dispares
367 1343 694 1419 inquietare
740 1339 1076 1408 victoriam,
1132 1338 1354 1394 morari
1406 1358 1644 1413 pacem,
1700 1339 1909 1395 domos

60 1449 304 1506 arasque
335 1447 541 1485 cruore
573 1426 812 1482 foedare
845 1441 1116 1499 suprema
1150 1422 1319 1479 victis
1358 1424 1564 1480 solatia
1597 1423 1912 1498 amplecte-

59 1517 293 1573 bantur.
379 1512 552 1569 multi
577 1510 943 1566 semianimes
968 1527 1143 1583 super
1170 1517 1361 1563 turres
1388 1519 1442 1564 et
1468 1509 1908 1583 propugnacula

59 1599 363 1670 moenium
408 1597 788 1671 exspiravere.
902 1591 1217 1651 Convulsis
1257 1593 1444 1666 portis
1477 1592 1741 1669 reliquus
1781 1593 1914 1666 glo-

59 1687 170 1742 bus
209 1683 425 1740 obtulit
462 1702 522 1738 se
558 1679 903 1736 victoribus:
965 1690 1020 1735 et
1058 1676 1317 1734 cecidere
1356 1696 1562 1733 omnes
1601 1677 1910 1734 contrariis

59 1769 405 1828 vulneribus
426 1766 580 1823 versi
605 1766 668 1821 in
696 1760 944 1825 hostem.
1033 1782 1099 1820 ea
1132 1781 1270 1819 cura
1307 1763 1483 1819 etiam
1516 1762 1912 1822 morientibus

145 279 198 314 A.
211 275 265 315 U.
282 274 368 312 823.

144 324 195 356 A.
215 319 262 356 C.
307 319 368 355 70.

119 2029 232 2074 CAP.
264 2028 335 2072 84.
843 2024 945 2068 MS.

62 2087 188 2132 Flor.
220 2094 330 2130 teste
353 2084 556 2128 Victoria
589 2082 946 2138 obpugnatione.

1072 2034 1293 2077 suprema
1314 2022 1441 2064 victis
1460 2022 1649 2064 solatia.
1709 2019 1777 2064 Ne
1801 2037 1913 2066 cum

411 2026 769 2082 oppugnatione.

1018 2078 1226 2122 Ernestio
1258 2077 1404 2134 cogita
1437 2078 1492 2120 de
1521 2078 1812 2136 coniugibus,
1855 2078 1905 2122 li-

61 2145 143 2190 Ed.
165 2143 286 2202 Spir.
306 2142 712 2197 oppugnationem.

331 2225 406 2269 Sic
427 2223 560 2267 MSS.
585 2222 708 2266 Flor.
736 2227 788 2275 (t.
811 2219 946 2275 Vici.)

64 2243 275 2338 Gggleea
298 2299 387 2327 sec.
403 2283 556 2336 manu)
579 2279 693 2322 Bud.
716 2278 858 2322 edd.S
895 2278 946 2320 ir.

64 2343 206 2386 Rhen.
228 2341 334 2385 Ald.
356 2354 452 2397 sqq.
478 2362 535 2372 -
581 2337 782 2391 speciem
807 2294 943 2379 MSS.

63 2398 219 2443 Guelf.
255 2398 295 2450 (a
324 2398 467 2454 prima
497 2400 648 2448 manu)
685 2395 770 2436 les.
806 2391 943 2435 Corb.

63 2457 165 2500 edd.
193 2455 282 2498 Put
315 2455 384 2497 M.
404 2461 446 2495 et
469 2451 526 2495 V.
550 2450 759 2494 Beroald.
783 2449 947 2492 Aleiat.

63 2512 237 2570 vulgari
294 2509 581 2559 confusione,
641 2523 752 2565 quae
817 2505 949 2562 origi-

63 2586 167 2615 nem
201 2570 325 2612 traxit
348 2584 370 2610 e
393 2555 661 2621 compendio
687 2563 949 2622 scripturae.

68 2627 127 2674 cf.
158 2634 254 2670 not.
289 2625 341 2669 ad
371 2625 454 2668 An.
478 2623 543 2674 13,
565 2623 607 2666 8.
675 2621 776 2665 MS.
810 2619 957 2664 Corb..

65 2686 196 2732 nabet
220 2684 352 2727 etiam
373 2683 421 2725 in
441 2697 525 2740 pro
550 2687 616 2723 ut.

122 2771 174 2798 eo
207 2754 444 2797 intentius.
503 2750 605 2794 MS.
636 2749 720 2794 les.
753 2764 807 2792 eo
840 2763 951 2790 con-

68 2814 248 2856 tentius.
279 2811 330 2853 In
344 2810 441 2852 MS.
452 2806 606 2851 Guelf.
621 2823 643 2850 a
656 2807 800 2866 prima
814 2821 950 2848 manu

69 2870 155 2913 fuit
178 2867 434 2911 contentius
457 2864 656 2923 neglecta
679 2880 787 2907 voce
808 2878 878 2906 eo-

123 2939 531 2982 validas-imarum.
602 2933 686 2977 Ed.
717 2933 833 2991 Spir.
864 2950 951 2975 va-

67 3000 288 3042 lidorum.
317 3019 368 3027 ·-
415 2994 524 3035 Mox
547 2999 715 3034 veteres
736 2989 952 3034 editiones

68 3057 411 3111 inter-pungunt:
454 3057 656 3102 reperta.
691 3048 846 3091 Simul
863 3051 950 3089 ad-

71 3118 254 3154 movent
276 3119 360 3153 etc.
416 3107 656 3150 Meliorem
679 3105 951 3162 distinguen-

73 3169 118 3212 di
142 3168 359 3211 rationem
382 3163 570 3208 instituit
590 3162 845 3205 Rhenanus.

129 3238 361 3294 quidquid.
412 3233 513 3278 MS.
527 3233 665 3279 Corb.
688 3241 730 3275 et
752 3231 823 3275 ed.
837 3230 953 3290 Spir-

75 3303 118 3339 et
143 3293 365 3351 quicquid.

119 3361 333 3421 satoque.
390 3361 523 3405 MSS.
540 3361 650 3418 Reg.
669 3359 782 3403 Bud.
812 3359 952 3413 (Harl.

76 3423 159 3466 les.
182 3423 229 3464 in
253 3420 466 3478 margine)
494 3419 597 3461 edd.
626 3418 741 3475 Spir.
774 3417 873 3458 Put.
896 3416 952 3460 V.

77 3480 178 3525 Alc.
194 3480 429 3535 factoque.
489 3475 550 3519 cf.
578 3484 676 3518 not.
697 3475 751 3517 ad
776 3474 864 3516 An.
890 3473 956 3522 13,

80 3536 148 3579 12.
170 3535 248 3581 ubi
270 3537 422 3581 eadem
446 3541 510 3577 est
539 3533 785 3591 scripturae
818 3530 955 3577 varie-

78 3601 158 3639 tas.

1016 2136 1150 2184 beris,
1167 2135 1311 2178 immo
1326 2134 1650 2178 cumBroterio
1665 2145 1708 2179 et
1721 2135 1905 2193 Bipont.

1019 2193 1075 2236 de
1104 2192 1210 2250 ipsis
1244 2193 1338 2239 istis
1368 2191 1591 2237 vindictae
1611 2192 1908 2238 facinoribus.

1019 2250 1133 2293 Nam
1163 2250 1271 2293 haec
1297 2257 1400 2292 sunt
1433 2265 1642 2306 suprema
1671 2249 1798 2293 victis
1834 2266 1905 2293 so·

1016 2307 1140 2358 latia,
1168 2307 1357 2358 saevire,
1388 2315 1612 2358 evertere,
1642 2306 1836 2350 foedare.

1074 2378 1490 2430 amplectebantur.
1547 2375 1624 2420 Sic
1636 2374 1770 2419 MSS.
1787 2376 1909 2420 Flor.

1018 2435 1135 2490 (test.
1153 2433 1269 2477 vict.
1293 2449 1398 2477 cum
1419 2433 1502 2476 lac.
1517 2433 1742 2489 Gronov.)
1769 2433 1907 2477 Corb.

1021 2491 1120 2534 edd.
1148 2491 1235 2534 lae.
1261 2491 1469 2534 Gronov.
1496 2489 1703 2533 Oberiin.
1727 2506 1827 2547 sqq.
1849 2513 1908 2522 -

1020 2549 1447 2601 complectebantur
1470 2546 1769 2590 MSSGuelf.
1791 2542 1907 2591 Bud.

1021 2605 1122 2648 edd.
1149 2603 1250 2647 Put.
1288 2619 1385 2660 sqq.
1418 2603 1473 2647 ad
1504 2606 1590 2648 lac.
1617 2603 1907 2651 Gronovium

1021 2670 1063 2704 et
1127 2669 1195 2704 ost
1223 2660 1351 2703 illum
1373 2659 1550 2704 Ernest.
1585 2670 1627 2704 et
1658 2661 1905 2706 Broterius.

1022 2677 1122 2762 SedJ
1154 2717 1374 2772 amplecti
1411 2733 1567 2761 verum
1615 2734 1707 2762 esse
1743 2719 1910 2762 docent

1022 2774 1220 2832 exempla
1232 2775 1321 2820 Au.
1341 2774 1382 2824 4,
1404 2774 1475 2818 42.
1505 2775 1545 2825 6,
1565 2775 1608 2818 8.
1657 2774 1757 2819 Vid.
1772 2774 1907 2819 Roth.

1025 2833 1210 2889 Quaest.
1247 2830 1495 2876 Grammat.
1538 2856 1591 2865 -
1673 2832 1756 2878 Ed.
1788 2832 1905 2890 Spir.

1022 2890 1466 2943 contemplabantur.
1537 2889 1638 2934 MS.
1659 2889 1740 2934 les.
1776 2905 1908 2933 eom-

1018 2949 1338 3005 pectebantur.
1389 2972 1449 2981 --
1524 2946 1634 2990 Mox
1674 2946 1746 2992 ed.
1785 2947 1905 3006 Spir.

1019 3005 1405 3060 propuganacula
1426 3010 1469 3044 et
1495 3005 1813 3058 exsszavare.

1082 3061 1327 3104 conuulsis,
1403 3059 1504 3103 MS.
1534 3061 1571 3103 F
1573 3059 1658 3104 lor.
1677 3068 1804 3117 ,teste
1827 3061 1908 3105 Vi-

1023 3118 1168 3163 ctorio
1194 3119 1432 3160 convolsis.
1543 3124 1548 3130 '

1079 3190 1203 3231 versi
1228 3189 1276 3230 in
1300 3190 1496 3232 hostem.
1557 3186 1678 3231 Haec
1700 3187 1905 3236 Ernestio

1025 3248 1079 3290 de
1102 3246 1363 3302 giossernate
1384 3253 1585 3302 suspecta
1599 3253 1747 3287 erant:
1766 3246 1905 3295 „Nam

1025 3303 1154 3360 quid,
1204 3302 1372 3358 inquit,
1427 3318 1477 3343 ex
1526 3301 1579 3345 iis
1629 3302 1906 3360 intelligitur,

1028 3360 1149 3418 quod
1172 3360 1331 3401 nonin
1361 3359 1503 3402 verbis
1534 3362 1779 3402 contrariae
1814 3363 1905 3401 vul-

1025 3419 1210 3459 neribus
1243 3419 1410 3459 eadere
1437 3416 1614 3459 insit?”
1683 3416 1906 3459 Nimirum

1027 3475 1114 3517 hoe
1144 3474 1259 3516 inest
1286 3471 1483 3531 reliquos
1503 3471 1769 3516 Viteltianos
1790 3489 1905 3517 con-

1026 3531 1162 3575 traria
1188 3530 1372 3576 vulnera
1403 3530 1631 3578 habuisse,
1661 3545 1798 3587 quum
1830 3546 1906 3574 ca-

1030 3587 1211 3642 derent,
1241 3588 1345 3649 quia
1370 3588 1485 3635 versi
1516 3587 1563 3630 in
1593 3586 1768 3630 hostem
1795 3588 1906 3632 ceci-
