2138 4030
217 186 343 246 478
791 171 1513 286 HISTORIARUQ
1756 181 1993 286 ᾒῇἶᾲξζ

219 307 606 374 Timotheum
631 306 1079 384 Athenie‘nsem,
1110 332 1141 368 e
1166 324 1336 387 gente
1359 300 1876 392 Eumolpidarum,
1897 327 2075 399 qvnm

151 460 162 470 ,
217 412 287 458 ut
322 398 646 458 antistitem
686 397 1180 478 caerimoniarum
1215 395 1501 457 Eleusine
1533 394 1871 474 exciverat.
1894 405 2088 481 quae-

219 507 359 542 nam
383 486 487 541 illa
519 483 883 558 superstiti0‚
919 483 1080 558 quod
1111 484 1374 540 numen?
1436 485 1775 560 interrogat.
1864 486 2076 549 Timo—

218 568 390 630 theus
416 568 725 648 quaesitiS‚
769 566 874 646 qui
898 566 964 623 in
990 565 1250 624 Pontum
1284 581 1602 641 meassent‚
1643 572 1940 646 cognoscit
1971 593 2075 630 ur·-

218 658 356 730 bem
388 655 512 712 illic
539 653 806 727 Sinopen
841 671 949 708 nec
985 653 1195 728 procul
1232 655 1516 728 templum
1549 669 1743 724 vetere
1779 657 1934 715 inter
1967 659 2076 715 ad-

222 743 315 799 col
352 762 378 798 s
408 743 564 800 fama
602 738 759 796 Iovis
790 734 967 797 Ditis.
1052 757 1308 814 namque
1348 751 1404 796 et
1436 741 1790 800 muliebrem
1825 742 2076 817 effigiem

221 828 294 884 ad
352 838 528 896 stere,
599 842 778 902 quam
821 822 1090 901 plerique
1143 821 1565 900 Proserpinam
1612 839 1843 888 vocent.

219 912 620 978 PtolemanS‚
667 919 736 966 ut
769 919 907 965 sunt
944 907 1178 980 ingenia
1217 927 1454 982 regum,
1497 931 1722 986 pronus
1755 915 1830 970 ad
1865 913 2076 970 formi-

221 999 454 1067 dinem,
497 996 604 1053 ubi
641 993 918 1050 securitas
956 994 1160 1063 rediit,
1203 995 1577 1070 voluptatum
1622 1017 1799 1074 quam
1835 998 2076 1072 religio—

217 1078 365 1144 num
388 1085 696 1156 adpeten3‚
733 1079 1025 1152 negligere
1055 1077 1342 1154 paulatim
1367 1081 1626 1157 aliasque
1652 1083 1727 1138 ad
1754 1102 1921 1140 curas
1943 1083 2075 1139 ani-

218 1190 385 1227 mum
413 1178 668 1236 vertere,
712 1165 899 1221 donec
926 1165 1130 1220 eadem
1153 1165 1372 1238 species
1398 1167 1724 1224 terribilior
1751 1167 1871 1224 iam
1897 1179 1954 1224 et
1979 1168 2075 1223 in-

220 1254 468 1313 stantior
521 1251 761 1308 exitium
813 1249 927 1325 ipsi
975 1268 1275 1330 regnoque
1322 1251 1728 1322 denuntiaret,
1797 1253 1863 1308 ni
1918 1253 2073 1309 iussa

195 1349 611 1418 patrarentur.
708 1334 869 1393 Tum
903 1333 1129 1408 legatos
1162 1346 1217 1392 et
1253 1336 1410 1392 dona
1434 1333 1913 1414 Scydrothemidi
1950 1338 2074 1413 regi

217 1423 296 1504 (is
318 1437 460 1482 tunc
485 1421 917 1497 Sinopensibus
945 1419 1360 1500 imperitabat)
1380 1422 1643 1498 expediri
1669 1423 1859 1481 iubet:
1903 1443 2074 1502 prae-

218 1511 485 1589 cepitque
537 1503 936 1580 navigaturis‚
1000 1518 1068 1564 ut
1113 1502 1398 1585 Pythium
1447 1503 1794 1582 Apollinem
1841 1510 2072 1569 adeant.

267 1753 680 1809 Eumolpidarum.
727 1749 943 1807 Ed.Spi1-.
967 1750 1109 1792 emol-

208 1818 452 1873 pidarum.
508 1809 611 1854 MS.
636 1806 786 1853 Guelf.
813 1809 1108 1863 comoppiacz-

211 1890 339 1919 rum.
852 1915 853 1918 Ἴ

272 1939 490 1990 Eleusine
538 1931 796 1982 exciverat:
876 1936 952 1980 Sic
1003 1935 1105 1981 edd.

214 2001 490 2050 Lallemaud.
524 1997 703 2040 Broter.
736 2011 834 2053 sqq.
877 2011 925 2037 ex
957 2010 1107 2037 emen·

217 2063 398 2108 datione
442 2059 476 2099 l.
516 2056 594 2098 Fr.
634 2052 886 2110 Gronovii,
943 2053 1106 2108 adpro-

212 2118 423 2166 bantibus
450 2112 646 2172 RyekiO,
678 2111 767 2152 lae.
793 2109 1032 2155 Gronovio
1064 2120 1108 2154 et

210 2176 436 2224 Ernestio.
505 2171 618 2214 Nam
645 2167 779 2210 MSS.
814 2168 937 2210 Flor.
978 2171 1107 2220 (teste

213 2240 301 2283 lae.
320 2231 580 2284 Gronovio)
607 2227 716 2284 Reg.
737 2225 877 2268 Con-h.
901 2226 1013 2268 Bud.
1038 2228 1110 2270 ed.

210 2295 331 2353 Spir.
354 2290 519 2334 habent
537 2286 762 2328 Eleusim.
831 2283 933 2327 MS.
954 2281 1106 2327 Guels.

213 2353 318 2399 edd.
339 2340 449 2392 Put.
476 2342 684 2388 Beroald.
723 2345 853 2396 (eum¹
872 2342 943 2386 sil.
966 2340 1105 2396 Vict.)

211 2429 309 2470 sqq,
342 2403 516 2449 Eleusi.
606 2398 790 2444 Rectius
823 2398 1012 2441 sortasse
1056 2414 1106 2440 ex

208 2467 415 2515 Eleusim
441 2460 649 2505 fecissent
670 2457 1016 2500 Eleusinarum.

267 2545 422 2581 uetere
438 2532 560 2574 inter
574 2529 767 2572 adcolas
774 2528 937 2583 fama.
970 2525 1104 2569 MSS.

210 2599 322 2656 Reg.
349 2587 502 2636 Guelf.
539 2589 580 2644 (a
611 2585 806 2630 secunda
841 2586 995 2638 manu)
1032 2584 1102 2626 ed.

208 2656 327 2714 Spir.
360 2657 555 2693 veteres.
587 2667 642 2677 -—
703 2642 815 2685 Mox
847 2642 915 2685 ed.
942 2642 1105 2687 Aleian.

157 2737 165 2744 κ
209 2710 446 2772 quaesitus
480 2719 564 2762 pro
594 2701 840 2759 quaesitis,
882 2699 992 2744 vitio
1028 2707 1104 2757 ty-

209 2765 504 2833 pographico.

266 2839 394 2885 Iouis
413 2835 555 2878 Ditis.
614 2830 700 2872 Ed.
727 2827 848 2888 Spir.
870 2829 998 2872 Iovis
1029 2831 1103 2870 di-

211 2899 475 2945 tissimum,
527 2897 570 2932 et
609 2888 670 2931 ita
706 2887 752 2930 in
799 2888 902 2930 cod.
948 2886 1105 2933 Guelf.

212 2953 406 3002 correxit
439 2947 635 2994 secunda
669 2961 843 2988 manus.
874 2973 933 2980 -
994 2945 1105 2987 Mox

211 3015 283 3058 ed.
327 3011 448 3068 Spir.
493 3004 661 3049 omittit
701 3009 746 3047 et
788 3010 890 3045 anto
936 3002 1104 3045 mulie..

211 3076 339 3117 brem
347 3101 358 3112 .

269 3157 443 3198 vocent.
502 3145 604 3191 MS.
637 3141 790 3188 Guelf.
820 3149 1001 3186 vocant.
1051 3166 1103 3176 -

211 3213 322 3259 Mox
353 3207 454 3253 MS.
486 3205 597 3248 Aur.
627 3203 823 3258 pronius
866 3215 949 3258 pro
990 3213 1106 3252 pro-

213 3285 318 3316 nus.
405 3262 488 3308 Ed.
528 3239 644 3319 Spir.
695 3269 798 3318 post
850 3256 1105 3300 terribilior

215 3324 383 3373 omittit
434 3322 550 3363 iam.
643 3318 733 3360 Pro
775 3324 962 3360 vertere
997 3314 1100 3359 MS.

215 3384 330 3431 Bud.
352 3381 484 3425 habet
504 3383 724 3420 'uerter-et.

272 3467 324 3511 ni
372 3465 516 3507 iussa
529 3466 881 3515 ·-patrarentur.

972 3454 1107 3498 MSS.

217 3527 328 3583 Reg.
361 3521 504 3568 Corb.
538 3517 610 3561 ed.
645 3515 765 3575 Spir.
802 3520 1109 3570 pararentur.

1179 1746 1282 1791 MS.
1304 1746 1436 1791 Bodl.
1468 1747 1513 1791 in
1547 1748 1749 1806 margine
1780 1763 2070 1806 perageren-

1179 1814 1271 1850 tur.
1331 1805 1436 1851 MS.
1471 1807 1586 1850 Bud.
1614 1815 1909 1860 paterentur.
1977 1808 2071 1851 Pro

1178 1867 1233 1907 ni
1248 1868 1379 1907 iussa
1403 1864 1448 1907 in
1470 1867 1538 1908 ed.
1565 1864 1772 1908 Oberlini
1798 1863 1905 1908 vitio
1932 1864 2071 1925 typo-

1179 1922 1393 1980 graphico
1421 1923 1537 1966 venit
1559 1938 1617 1964 ne
1640 1923 1794 1974 iussa,
1825 1925 1948 1980 quod
1981 1940 2071 1967 nu·-

1179 1997 1259 2039 per
1281 1980 1508 2023 Nandetus
1529 1980 1733 2039 repetiit.·

1236 2064 1639 2117 Scydrothemidi?
1707 2065 1783 2109 Sic
1813 2066 1915 2110 MS.
1952 2067 2074 2113 Bud.

1179 2121 1492 2164 edd..l·'uteol.
1529 2138 1626 2179 sqq.
1661 2139 1764 2166 cum
1790 2124 1969 2167 silentio
2001 2125 2071 2168 Vi-

1179 2177 1332 2221 ctorii.
1375 2201 1433 2210 —-
1510 2185 1742 2234 Scydrote,
1805 2183 1923 2223 midi
1969 2181 2074 2228 MS.

1178 2234 1335 2278 Guelf.
1397 2235 1522 2278 Idem
1550 2253 1653 2278 mox
1674 2237 1741 2279 his
1761 2242 2071 2294 sqydrometi-

1177 2293 1238 2335 di.
1270 2320 1329 2328 -
1381 2294 1517 2336 MSS.
1542 2294 1670 2336 Bodl.
1699 2295 1781 2339 les.
1808 2295 2071 2354 §ydrome-

1176 2351 1299 2392 midi
1337 2350 1410 2394 vel
1447 2352 1794 2396 Sidrotlaemidi.
1838 2381 1896 2389 —
1963 2354 2069 2401 MS.

1175 2407 1286 2463 Reg.
1312 2414 1354 2449 et
1381 2409 1450 2451 ed.
1474 2408 1592 2465 Spir.
1619 2410 1982 2456 Ciarothemadi.
2011 2439 2071 2449 —

1176 2465 1279 2507 MS,
1317 2465 1425 2522 Agr.
1459 2466 1812 2512 Ciarothemidi.
1845 2492 1901 2502 —-
1963 2470 2069 2518 MS.

1175 2521 1314 2567 Corb.
1350 2520 1711 2578 Cyamchemedi
1739 2533 1782 2569 et
1814 2543 1920 2572 mox
1946 2531 2070 2586 Cya-

1174 2582 1450 2623 rochemedi.

1231 2653 1346 2705 regi.
1407 2650 1495 2695 Ed.
1520 2651 1640 2710 Spir.
1662 2656 1765 2710 regi
1780 2657 1896 2711 regi.

1231 2737 1542 2790 imperitabat.
1603 2736 1706 2780 MS.
1740 2737 1881 2784 Corb.
1916 2741 2066 2800 impe-
2125 2773 2129 2776 -

1174 2795 1341 2842 rabat,
1386 2794 1507 2851 quod
1543 2803 1746 2838 exortum
1782 2803 1847 2839 est
1883 2814 1907 2842 e
1933 2816 2069 2846 com-

1175 2849 1340 2908 pendio
1367 2851 1642 2907 impitabat.

1230 2936 1568 2990 praecepitque.
1654 2935 1737 2980 sie
1771 2937 1908 2984 MSS.
1941 2941 2068 2996 Flor.

1177 2992 1305 3048 (teste
1340 2992 1426 3036 lae.
1464 2993 1723 3049 Gronovio)
1761 2993 1912 3043 Guelf.
1952 3001 1990 3043 A
2024 3009 2064 3048 r'.

1177 3049 1281 3092 edd.
1321 3051 1438 3107 Spir.
1475 3050 1575 3093 Put.
1604 3051 1675 3097 M.
1701 3061 1746 3095 et
1768 3050 1823 3096 V.
1853 3054 1972 3100 Bero
2017 3061 2063 3106 d.

1178 3110 1306 3163 (cum
1327 3108 1395 3150 sil.
1423 3107 1463 3147 V
1466 3108 1561 3163 iet.)
1587 3108 1685 3152 Ale.
1710 3133 1763 3143 -
1811 3119 2068 3172 praecipit-

1177 3179 1263 3219 que
1282 3164 1382 3207 MS.
1406 3164 1519 3208 Bud.
1545 3166 1642 3208 edd.
1666 3166 1864 3211 Rhenan.
1888 3187 1984 3231 sqq.
2005 3177 2067 3228 xad

1176 3222 1265 3265 lac.
1281 3221 1594 3275 Gmnovium,
1623 3224 1696 3280 qui
1723 3227 1910 3270 restituit
1927 3245 2068 3284 prae.

1176 3281 1394 3335 cepitque.
1495 3280 1558 3324 At
1600 3280 1834 3325 Ernestius
1891 3289 2067 3335 redux‘fft

1172 3337 2065 3446 {23033‘31'515’3¹2³}333‘.”25·⁰‘²⁶“'²}·

1177 3421 1189 3436 .
1812 3415 1821 3423 ’
1867 3417 1926 3444 ιο.
2002 3419 2028 3446 e
2050 3435 2064 3448 .

1178 3452 1358 3495 Sallust.
1374 3452 1504 3497 Catil.
1528 3451 1647 3505 c.41,
1665 3453 1706 3497 5.
1725 3453 1883 3499 Cicero
1902 3490 1914 3502 .
1927 3490 1938 3501 .
1954 3492 1966 3503 .
1990 3463 2062 3505 le..

1175 3513 1299 3565 gatis
1306 3509 1556 3566 praecepit,
1567 3519 1618 3554 ut
1628 3512 1837 3555 studium
1851 3516 2064 3563 coniura-

1954 826 2076 886 Sed
2104 858 2105 862 κ

2090 3702 2115 3713 κ
