2138 4030
803 259 902 319 Hi
920 256 1185 320 STO'R
1201 259 1227 319 1
1245 247 1370 331 ΑΒ
1388 260 1440 322 U
1457 261 1528 323 M

1298 4 1308 16 -.
1391 7 1434 67 ὃ
1473 27 1498 66 ἶ,
1590 0 1594 3 ·
1724 3 1834 107 ,μέν
1912 22 1927 30 ,
2016 0 2135 127 ‘qq

1542 167 1550 185 >

1787 252 1840 298 A
1853 243 2005 301 mm:
2098 131 2135 269 l

223 262 349 324 422
1789 301 1905 342 mc,
1941 306 2000 345 n.
2076 290 2097 335 ἐ

340 439 341 442 ¹
403 390 626 451 XLm.
697 390 893 448 Tanto
948 406 1082 446 cum
1132 391 1387 448 adsensu
1429 394 1664 448 setfatus
1715 394 1954 453 auditus
1975 383 2089 455 nim
2131 386 2135 393 ¹

231 478 592 548 Montanu8,
631 487 701 535 ut
729 495 892 552 spem
917 485 1148 549 caperet
1171 469 1487 552 Helvidius
1516 492 1686 551 posse
1711 477 1890 537 etiam
1918 478 2088 539 Mar-
2134 489 2137 502 ²

235 566 452 632 cellum
484 563 795 639 prosterni.
883 560 1065 633 igitur
1099 580 1131 616 a
1155 561 1330 618 laude
1352 558 1553 645 Cluvii
1575 559 1718 619 Rufi
1742 583 1911 622 orsus
1926 594 1965 635 ,-
1986 567 2107 644 qui

235 650 482 727 perinde
509 649 672 705 dives
699 659 754 703 et
783 645 1120 721 eloquentia
1145 647 1338 703 clarus
1363 647 1518 703 nulli
1541 663 1807 723 unquam
1833 651 1942 708 sub
1967 649 2090 709 Ne.-

238 755 387 792 rone
423 735 752 810 periculum
790 731 1142 800 facessisset‚
1205 730 1450 788 crimine
1489 733 1666 789 simul
1707 736 2098 813 exemploque*

237 818 490 898 Eprium
516 819 791 892 urgebat,
829 816 1176 879 'ardentibus
1208 828 1442 891 patrum
1484 817 1728 883 animis(
1801 822 1961 897 quod
1986 823 2095 879 uhi

241 906 423 970 sensit
436 903 786 970 Marcellus,
823 901 985 958 velut
1014 903 1295 958 excedens
1322 901 1513 959 curia:
1550 902 1857 975 .„Imus”‚[
1878 905 2094 983 inquit,

244 1037 280 1062 „
291 990 519 1058 Prisce,
563 1000 618 1045 et
642 986 1036 1064 relinquimus
1060 986 1172 1043 tibi
1195 999 1463 1044 senatum
1484 999 1677 1045 tuum:
1717 1009 1900 1065 regna
1923 1005 2096 1068 prae-

241 1088 447 1148 „sente
474 1070 779 1132 Caesare.”
866 1072 1218 1149 sequebatur
1241 1072 1458 1130 Vibius
1478 1071 1746 1150 Crispus:
1775 1078 1966 1134 ‘ambo
1998 1078 2097 1134 in-

241 1161 427 1230 fensi,
509 1160 678 1217 vultu
753 1156 984 1214 diverso
1006 1204 1022 1226 ,
1105 1155 1427 1216 Marcellus
1495 1159 1828 1218 minacibus
1893 1162 2097 1233 oculis,

242 1244 487 1321 Crispus
514 1244 819 1301 renidens:
875 1243 1064 1302 donec
1093 1245 1346 1301 adcursu
1371 1243 1697 1302 amicorum
1725 1244 2099 1305 retraheren-

242 1330 359 1390 tur.
445 1328 599 1387 Cum
627 1330 891 1402 glisceret
918 1340 1242 1398 certamen,
1273 1325 1413 1386 hinc
1437 1332 1615 1387 multi
1635 1332 1928 1408 bonique,
1956 1333 2098 1390 inde

244 1415 420 1493 pauci
442 1428 498 1472 et
523 1415 708 1471 validi
728 1414 1128 1489 pertinacibus
1151 1415 1303 1471 odiis
1328 1416 1465 1473 tend
1475 1427 1669 1486 erent,
1714 1430 2096 1494 consumptus

243 1522 350 1578 per
378 1501 733 1558 discordiam
766 1500 905 1558 dies·

412 1583 626 1645 XLIV.
673 1583 953 1641 Proximo
986 1597 1192 1642 senatu
1218 1582 1535 1644 inchoante
1558 1584 1804 1644 Caesare
1841 1588 1914 1644 de
1957 1589 2102 1646 abo-

245 1672 421 1728 lendo
456 1673 660 1728 dolore
688 1671 891 1746 iraque
922 1681 977 1726 et
1000 1671 1268 1745 priorum
1295 1683 1631 1747 temporum
1657 1672 2100 1732 necessitatibus

245 1757 473 1815 censuit
500 1755 820 1832 Mucianus
851 1756 1076 1831 prolixe
1107 1777 1215 1831 pro
1257 1758 1719 1814 accusatoribus:
1772 1757 1952 1825 simul
1989 1780 2105 1831 eoS,

249 1842 353 1920 qui
377 1854 672 1918 coeptam,
720 1842 934 1897 deinde
958 1842 1548 1899 omissam‘actionem
1569 1853 1928 1918 repeterent,
1974 1866 2104 1901 mo-

247 1928 382 1985 nuit
413 1948 682 1984 sermone
712 1927 880 1983 molli
910 1940 965 1984 et
995 1939 1276 2004 tanquam
1306 1940 1556 2002 rogaret.
1641 1925 1845 1986 Patres
1871 1930 2104 2006 coepta-

247 2025 369 2071 tam
396 2013 721 2071 libertatem
740 2059 754 2081 ,
793 2025 1105 2090 postquam
1132 2013 1370 2071 obviam
1393 2015 1570 2082 itum,
1606 2013 1873 2074 omisere.
1962 2015 2105 2073 Mu-

305 2189 419 2233 CAP.
438 2188 511 2233 43.
571 2191 759 2231 auditus
780 2197 864 2232 est.
928 2190 1010 2234 Ed.
1027 2190 1144 2248 Spir.

247 2258 434 2319 negligit
452 2259 638 2302 verbum
663 2265 744 2300 est.
803 2258 970 2301 Eadem
998 2261 1146 2315 ,Puide

281 2334 334 2361 ro
368 2318 590 2372 perinde,
641 2323 690 2357 ut
727 2331 860 2370 supra
893 2316 1145 2374 aliquoties.

251 2334 412 2432 g'oluit
433 2374 538 2418 dare
560 2374 776 2429 proinde.
837 2372 1048 2417 Ceterum
1072 2375 1146 2417 in-

251 2432 427 2489 tellige:
471 2434 660 2484 perinde
692 2434 819 2473 dives
851 2438 894 2472 et
929 2435 1147 2489 eloquen—

252 2493 322 2534 tia
345 2493 506 2541 clerus
529 2505 584 2531 ac
608 2488 876 2531 Marcellus.
939 2491 1061 2538 Bene
1085 2490 1151 2534 sic

255 2547 543 2591 Gutmannus
576 2553 619 2588 et
650 2544 935 2591 Ricklefsius.
1012 2548 1149 2590 Prio-

253 2621 324 2650 res
360 2603 624 2664 particulam
663 2610 708 2645 εἰ
744 2604 1150 2661 interpretabantur

254 2665 344 2707 als.

314 2719 466 2764 Cluvii
483 2718 610 2775 Rufi.
671 2715 833 2760 Comes
858 2718 934 2762 ille
955 2718 1150 2762 Neronis

252 2777 301 2821 in
348 2776 708 2836 peregrinatione
755 2775 1022 2819 histrionali.
1092 2777 1151 2819 cf.

253 2834 422 2893 Xiphil.
444 2834 513 2886 63,
540 2834 605 2876 14.
637 2833 826 2878 Sueton.
852 2834 956 2876 Ner.
982 2834 1108 2877 e.21.

310 2896 395 2936 sub
445 2893 638 2935 Nerone
695 2891 977 2946 periculum.
1030 2910 1036 2921 ¹
1066 2890 1148 2934 Ed.

252 2949 373 3008 Spir.
393 2952 650 3006 perieulum
674 2951 760 2990 suh
782 2951 980 2991 Nerone.

300 3007 597 3062 secessisset.
659 3006 733 3048 Sic
755 3006 895 3049 MSS.
909 3005 1021 3065 Reg.
1036 3005 1152 3049 Bud.

255 3063 356 3108 edd.
380 3064 483 3107 Put.
509 3079 609 3122 sqq.
646 3079 748 3106 cum
785 3064 961 3107 silentio
993 3064 1149 3106 Victo-

256 3122 328 3175 rii.
361 3149 419 3157 --
466 3121 775 3176 fitcessissent
790 3121 1061 3164 MS.Gue1s.
1094 3144 1151 3154 -

240 3179 434 3237 fecisset
467 3178 601 3221 MSS.
632 3177 758 3227 Harl.
788 3179 900 3238 Agr.
936 3179 1008 3222 ed.
1034 3178 1150 3237 Spir-

255 3234 316 3280 cf.
348 3236 441 3280 An.
478 3237 515 3283 1,
533 3234 605 3278 74.
639 3237 901 3290 periculum
926 3235 1153 3291 secessim

257 3293 326 3344 13,
347 3291 418 3336 33.
439 3294 698 3346 periculum
709 3292 959 3348 fecissent.

310 3350 498 3394 animis.
557 3349 641 3391 Ed.
667 3349 786 3408 Spir.
813 3352 1021 3394 animus.

315 3408 483 3451 Vibius
514 3405 718 3460 Crispus.
789 3409 847 3451 cs.
884 3424 924 3451 c.
945 3409 1016 3452 41.
1042 3416 1150 3451 extr.

256 3467 349 3510 Pro
386 3464 545 3508 Vibius
586 3465 658 3507 ed.
698 3465 816 3522 Spir.
857 3465 931 3509 hic
982 3465 1154 3509 exhibet

252 3523 421 3567 Iulius.
486 3520 649 3564 Eadem
682 3537 782 3564 mox
811 3523 1036 3568 renidens
1071 3539 1153 3582 pro

251 3582 497 3625 renidens.

1275 2194 1494 2233 adcursu.
1568 2189 1651 2233 Ed.
1684 2190 1802 2249 Spir.
1846 2195 1912 2233 aa?
1948 2195 2108 2238 eur-sd.

1216 2249 1383 2292 Eadem
1408 2245 1575 2290 omittit
1597 2263 1698 2291 voc.
1721 2249 1993 2293 ancient-um,

1277 2321 1381 2348 cum
1400 2307 1626 2359 glisceret.
1685 2302 1802 2349 Cod.
1827 2305 2119 2364 Guelfi'quin·

1219 2366 1443 2419 glisceret.
1498 2359 1654 2403 Voluit
1678 2362 1782 2404 dare
1803 2378 1973 2419 quum:
2002 2383 2109 2410 nam

1220 2422 1280 2464 ita
1314 2420 1388 2463 ille
1423 2415 1686 2477 particulam
1722 2435 1816 2462 eam
1857 2431 2112 2467 constanter

1220 2478 1394 2522 scribit.
1462 2475 1573 2519 Post
1605 2477 1707 2519 dies
1743 2477 1812 2521 ed.
1840 2477 1956 2537 Spir.
1985 2475 2112 2524 ‘addit

1223 2544 1309 2579 CSC-

1280 2606 1392 2650 CAP.
1413 2605 1484 2649 44.
1525 2604 1756 2647 Proximo
1778 2615 1965 2650 senatu.
2024 2608 2114 2652 Pu-

1223 2665 1426 2707 teolanus
1462 2671 1504 2706 et
1537 2663 1638 2706 cod.
1673 2661 1823 2706 Guelf.
1860 2664 1966 2708 haec
1999 2682 2113 2710 con-

1222 2723 1414 2776 iungunt
1481 2737 1585 2764 cum
1657 2719 1882 2778 prioribus
1947 2724 2114 2769 verbis.

1223 2780 1349 2823 Edda
1365 2777 1485 2836 Spir.
1508 2777 1651 2820 Rhen·
1674 2792 1772 2836 sqq.
1794 2789 2014 2837 punctum
2040 2780 2114 2826 ha-

1223 2838 1332 2880 bent
1358 2846 1458 2878 ante
1476 2837 1717 2890 proximo.

1281 2894 1542 2936 inchoante.
1621 2892 1697 2935 Sic
1740 2891 1841 2937 edd.
1876 2893 1980 2939 Put.
2014 2912 2113 2955 sqq.

1226 2967 1326 2994 cum
1376 2950 1552 2994 silentio
1599 2947 1806 2993 Victorii.
1855 2979 1914 2988 -
1989 2954 2116 2996 inco-

1223 3011 1372 3051 hante
1398 3009 1466 3051 ed.
1490 3007 1611 3066 Spir.
1653 3034 1712 3043 -
1769 3009 1985 3053 incoanee
2017 3011 2117 3057 MS.

1226 3065 1377 3109 Guell'.
1441 3064 1502 3109 cf.
1524 3080 1655 3122 supra
1677 3064 1731 3107 ad
1754 3080 1851 3123 cap.
1872 3066 1943 3113 41.

1279 3125 1461 3166 deinde.
1538 3124 1613 3167 Sic
1659 3121 1794 3165 MSS.
1829 3122 1952 3168 Flor.
1993 3129 2115 3183 (test.

1223 3180 1364 3238 vict.)
1409 3180 1561 3224 Guelf.
1602 3180 1675 3222 ed.
1712 3180 1834 3238 Spir.
1885 3210 1945 3218 -—
1979 3192 1982 3220 ἰ
2012 3186 2117 3227 dein

1223 3237 1437 3282 ed‹l.Put.
1459 3254 1552 3296 sqq.
1614 3237 1844 3294 Multiplex
1866 3239 1936 3283 illa
1958 3241 2118 3285 utrius·

1224 3311 1311 3353 que
1339 3295 1513 3341 formae
1537 3297 1807 3352 permutatio
1840 3297 1886 3340 in
1918 3306 2023 3341 vett.
2060 3299 2116 3341 li-

1224 3352 1317 3396 bris
1357 3361 1509 3396 exorta
1543 3361 1608 3396 est
1645 3368 1669 3394 e
1707 3354 1980 3412 compendio
2016 3358 2123 3398 dein

1225 3414 1291 3464 (h.
1314 3426 1352 3452 e.
1376 3411 1591 3465 deinde),
1626 3409 1744 3453 unde
1767 3411 1929 3455 omissa
1951 3411 2119 3457 lineola

1225 3466 1273 3510 {it
1296 3470 1417 3510 dein.

1282 3532 1547 3581 coeptatam
1567 3527 1840 3569 libertatem.
1897 3525 1974 3571 Sic
1986 3527 2120 3572 MSS.

1228 3581 1350 3626 flor.
1394 3583 1510 3637 (test.
1550 3582 1698 3639 Pich.)
1737 3581 1888 3627 Guelf.
1934 3584 2014 3639 (ibi
2055 3595 2119 3628 est

2113 3680 2137 3692 ‚A
