2138 4030
1717 292 1770 328 A.
1785 289 1841 328 U.
1857 290 1944 328 02³.

1720 334 1770 372 A.
1787 334 1836 371 C.
1870 337 1944 374 ’705

174 299 301 360 342
739 288 1448 357 HISTORIARUM

178 427 493 498 aedificia„
526 441 677 506 quae
713 440 782 487 ut
823 428 888 485 in
923 425 1109 482 multa
1142 445 1286 502 pace
1323 426 1387 482 in
1425 423 1612 484 altum
1646 425 1802 484 edita
1832 429 2039 501 ‘solum

94 582 95 589 ἵ
177 513 462 590 Capitolii
501 514 848 590 aequabant.
937 509 1054 568 Hic
1093 511 1441 585 ambigitur,
1494 512 1693 585 ignem
1728 515 1893 570 tectis
1929 532 2039 590 op-

180 610 536 677 pugnatores
564 598 878 656 iniecerint
901 617 978 655 an
1001 596 1241 666 obsessi,
1288 618 1436 673 quae
1465 597 1731 653 crebrior
1753 598 1907 654 fama
1937 611 2040 669 est,

184 705 303 762 quo
357 685 613 745 nitentes
667 705 732 740 ac
785 701 1124 760 progressos
1168 683 1546 756 depellerent.
1663 683 1803 739 inde
1843 684 2041 759 lapsus

182 770 336 844 ignis
388 770 452 826 in
501 769 762 845 porticus
811 767 1107 844 adpositas
1165 768 1434 825 aedibus:
1503 788 1642 824 mox
1689 768 2043 826 sustinentes

182 855 479 930 fastigium
504 851 758 931 Aquilae
794 866 990 910 vetere
1027 851 1189 926 ligno
1228 863 1533 911 traxerunt
1555 853 1854 910 flammam
1881 855 2053 912 alue-'

184 951 462 1018 runtque.
545 941 628 996 sic
664 936 1029 1014 Capitolium
1063 938 1273 1005 clausis
1310 938 1539 995 foribus
1576 938 1951 1002 indefensum
1988 951 2046 997 et

187 1025 553 1101 indireptum
579 1024 979 1098 conflagravit.
1474 1037 1477 1046 “

353 1117 605 1179 LXXII.
688 1116 758 1176 Id
796 1121 1024 1176 facinus
1061 1130 1195 1195 post
1229 1119 1526 1176 conditam
1562 1120 1774 1176 urbem
1814 1120 2048 1178 luctuo-

186 1206 484 1264 sissimum
525 1205 1047 1282 foedissimumque
1093 1206 1180 1261 rei
1227 1205 1500 1280 publicae
1537 1205 1745 1280 populi
1784 1203 2048 1263 Romani

187 1293 400 1350 accidit
436 1290 604 1347 nullo
646 1301 884 1347 externo
925 1286 1122 1359 hoste,
1163 1290 1435 1364 propitiis
1474 1290 1524 1344 si
1555 1310 1662 1364 per
1703 1310 1897 1347 mores
1934 1311 2048 1348 no—

124 1421 126 1433 ,
188 1389 339 1435 stros
365 1376 567 1433 liceret
593 1376 719 1432 deis
750 1378 948 1432 sedem
973 1373 1131 1432 Iovis
1160 1371 1463 1432 ΟΡΤΙΜΙ
1493 1371 1817 1435 ΜΑΧΙΜΙ
1849 1376 2047 1451 auspi-

189 1474 316 1519 eato
355 1483 389 1519 a
421 1462 746 1519 maioribus
782 1462 996 1537 pignus
1040 1460 1274 1535 imperii
1321 1461 1647 1529 conditam,
1702 1478 1880 1537 quam
1926 1482 2050 1517 non

188 1545 450 1608 Porsena
478 1547 677 1605 dedita
706 1548 855 1624 urbe
881 1567 1072 1625 neque
1098 1544 1262 1604 Galli
1302 1558 1467 1622 capta
1506 1556 1789 1603 temerare
1822 1547 2052 1622 potuis-

250 1795 415 1840 sotum'
426 1795 658 1852 Capitolii.
711 1795 814 1840 MS.
825 1794 954 1840 Flor.
978 1802 1087 1840 teste

194 1852 404 1899 victorio
429 1849 601 1898 sonmh
630 1855 860 1907 Capitolii.

252 1927 319 1955 an
341 1913 522 1955 obsessi
541 1938 554 1956 .-
571 1945 582 1955 .
597 1944 608 1956 .
631 1915 929 1967 depellerent.
968 1910 1089 1955 Haec

193 1985 290 2014 non
314 1979 419 2014 sunt
451 1971 496 2012 in
529 1969 585 2013 ed
633 1969 756 2028 Spir.
795 1986 881 2013 nec
912 1969 959 2011 in
982 1968 1088 2011 MS.

194 2028 308 2086 Reg.
330 2051 389 2060 --
441 2027 544 2071 MS.
569 2027 706 2071 Corb.
728 2027 893 2070 omittit
918 2036 1089 2070 tantum

197 2093 293 2136 est,
337 2100 443 2144 quo.
533 2084 628 2127 Nee
658 2085 759 2128 MS.
796 2085 920 2127 Flor.
961 2087 1090 2136 (test.

198 2143 336 2199 Viet.)
371 2141 504 2189 habet
538 2150 611 2184 ese
648 2158 761 2198 quo5
810 2152 864 2185 aaz
893 2141 1092 2198 famam

197 2214 284 2304 FU
297 2198 458 2257 sama.
519 2198 611 2242 Pro
639 2202 931 2254 depellerent
957 2198 1093 2240 MSS.
1124 2222 1129 2224 -

240 2256 325 2302 lor.
354 2259 475 2314 (test.
499 2254 639 2312 vict.)
672 2256 794 2300 Harl.
827 2258 911 2301 les.
940 2253 1092 2298 Guelf.

198 2314 317 2369 Bud.
350 2315 451 2360 edd.
476 2313 679 2359 Rhenan.
705 2314 806 2359 Ald.
829 2313 982 2358 ferunt
1007 2317 1091 2355 de·-

198 2367 427 2425 mter-tm,
475 2387 592 2430 quae
632 2371 851 2430 scriptura
887 2377 985 2415 tum
1022 2369 1095 2412 de·

199 2446 326 2477 mum
351 2431 503 2475 locum
523 2427 767 2478 obtinebit,
799 2429 836 2473 si
870 2445 975 2473 cum
999 2428 1096 2486 qui·

200 2488 390 2534 busdam
423 2485 548 2532 libris
577 2485 625 2529 in
661 2486 983 2530 detrimentum
1024 2501 1096 2544 ge·

201 2545 368 2591 nuinae
390 2543 630 2590 sententiae
655 2544 869 2587 deleveris
898 2550 965 2587 est
991 2559 1097 2600 quo.

192 2604 256 2647 ln
292 2602 496 2660 margine
527 2601 650 2646 Harl.
678 2601 881 2647 additum
913 2609 979 2645 est
1013 2604 1099 2643 de·-

196 2663 458 2717 pellerent,
507 2658 554 2704 in
590 2659 669 2702 Ies.
698 2661 964 2717 depelleret.

205 2735 291 2786 qua
322 2716 542 2762 librorum
574 2716 780 2760 varietate
815 2724 946 2784 atque
980 2715 1100 2758 debi-

206 2776 326 2820 lutate
349 2775 478 2819 facile
506 2773 587 2818 tibi
618 2774 905 2833 persuadebns
938 2774 1101 2831 vulga-

207 2841 297 2877 tam
321 2833 615 2889 scripturam,
647 2847 779 2889 quam
803 2840 986 2874 tuentur
1000 2831 1100 2874 MS.

207 2890 341 2933 Bodl.
377 2890 478 2934 edd.
509 2890 613 2934 Put.
639 2890 705 2932 M.
739 2898 780 2932 et
805 2890 859 2932 V.
887 2887 1098 2932 Beroald.

206 2947 310 2991 Alc.
335 2946 452 3005 Lips.
472 2946 599 2991 Pieh.
622 2963 743 3006 sqq.¹
774 2946 926 2990 deberi
952 2962 1100 2990 ernen-

209 3003 344 3048 dandi
378 3005 542 3048 studio.
620 3004 657 3047 E
693 3003 889 3060 vestigiis
932 3002 1099 3047 codicis

209 3063 406 3107 Florent.
434 3062 559 3105 locus
589 3061 775 3106 fortasse
801 3059 1100 3104 restituendus

211 3119 297 3162 erit
317 3119 403 3162 sie:
438 3135 504 3160 an
528 3122 722 3172 obsessi,
758 3135 877 3175 quae
898 3120 1101 3162 crebrior

199 3177 374 3235 fama,
417 3191 475 3217 ea
498 3177 544 3217 vi
568 3179 772 3220 nitentes
800 3193 854 3219 ac
876 3189 1080 3230 progres

211 3248 291 3279 Sos
319 3234 596 3288 depulerint.

269 3293 510 3346 adpositas
561 3292 762 3334 aedibus.
851 3290 936 3335 Ed.
977 3289 1101 3348 Spir.

211 3350 428 3406 adposita
457 3350 659 3391 sedibus.

269 3413 524 3450 traxerunt
547 3435 558 3446 .
576 3436 584 3445 .
600 3436 611 3449 .
635 3409 957 3460 olueruncque.
1027 3402 1104 3446 Sic

211 3466 347 3512 MSS.
372 3464 495 3508 Flor.
524 3464 639 3516 (test.
670 3462 814 3519 Pich.)
843 3463 981 3505 Corb.
1003 3461 1104 3504 edd.

214 3523 342 3568 Pich.
367 3521 512 3565 Berne
544 3535 586 3576 g.
610 3534 707 3576 sqq.
733 3547 789 3555 --
820 3528 1019 3562 traoeere
1038 3550 1052 3561 .
1068 3550 1077 3559 .
1095 3549 1106 3560 .

214 3584 466 3636 oluereque
485 3577 518 3620 li(
541 3578 585 3621 S.
606 3576 713 3633 Agr.
742 3586 783 3619 et
809 3577 879 3619 ed.
905 3575 1022 3635 Spir.
1050 3603 1105 3613 .-

219 3647 415 3682 traxere
458 3667 472 3681 .
504 3667 516 3680 .
550 3665 562 3678 .
606 3636 916 3690 alueo-umque
967 3633 1103 3675 MSS.

1161 1792 1316 1838 Guelf.
1351 1792 1475 1837 Harl.
1511 1791 1642 1838 Bodl.
1681 1792 1764 1839 les.
1795 1792 1912 1838 Bud.
1949 1792 2052 1838 edd.

1161 1852 1261 1896 Put.
1286 1851 1496 1895 Beroald.
1533 1851 1658 1905 (cum
1685 1850 1754 1895 sil.
1781 1849 1918 1909 Vict.)
1951 1867 2052 1911 sqq.

1161 1910 1215 1953 ad
1245 1909 1501 1952 Piohe'nam.
1731 1940 1733 1943 .

1219 1966 1332 2010 CAP.
1365 1967 1439 2010 72.
1520 1967 1591 2017 rei
1633 1967 1846 2020 publicae
1889 1968 2059 2023 populi

1161 2025 1381 2069 Romani.
1468 2024 1545 2068 Sic
1577 2022 1714 2067 MSS.
1750 2025 1870 2068 Flor.
1925 2030 2055 2079 (test.

1164 2082 1285 2125 Viet.
1309 2099 1412 2124 cum
1437 2082 1521 2126 lae.
1547 2080 1783 2133 Gronov.)
1815 2088 1925 2140 Agr.
1951 2082 2056 2126 edd.

1163 2138 1282 2197 Spir.
1317 2138 1460 2196 Ryck.
1506 2139 1594 2182 lac.
1631 2137 1838 2193 Gronov.
1868 2157 1920 2197 sq
1955 2170 1970 2184 .
2000 2163 2056 2171 -

1164 2197 1237 2239 rel
1250 2198 1460 2250 publicae
1478 2199 1740 2251 populoque
1764 2197 1901 2240 Rom.
1920 2157 2056 2240 3188.

1167 2253 1317 2296 Guelf.
1344 2253 1475 2296 Bodl.
1509 2253 1639 2308 (teste
1669 2252 1921 2308 Gronovio)
1952 2254 2055 2297 edd.

1167 2311 1268 2354 Put.
1292 2311 1358 2353 M.
1374 2307 1428 2354 'et
1444 2310 1498 2354 V.
1522 2309 1733 2356 Beroal'd.
1756 2310 1852 2355 Alc.
1877 2311 2057 2370 Micyll.

1166 2369 1332 2424 (1557.)
1367 2396 1426 2404 -
1487 2369 1616 2424 Reip.
1643 2371 1816 2424 populo
1837 2370 1928 2413 Ro.
1955 2367 2059 2413 MS.

1168 2426 1283 2469 Bud.
1317 2425 1420 2469 edd.
1447 2425 1735 2470 Rhen.·⁴Atd.
1767 2446 1837 2458 --
1885 2428 2058 2482 populo

1169 2486 1390 2527 Romano
1416 2482 1580 2538 (deleta
1610 2484 1686 2526 rei
1706 2500 1756 2536 μ.
1790 2487 1921 2541 voce)
1955 2482 2061 2528 edd.

1167 2542 1289 2598 Lips.
1315 2539 1443 2584 Pich.
1467 2539 1596 2585 Grut.
1620 2557 1718 2600 sqq.
1746 2541 1801 2584 ad
1822 2540 2063 2599 Ryclnium,

1169 2608 1211 2644 et
1228 2598 1388 2641 deinde
1405 2598 1651 2642 Brolerius.
1686 2601 1811 2642 Rem
1826 2600 2063 2653 publicam

1048 2657 1098 2700 ln
1166 2658 1331 2712 populi
1365 2655 1582 2699 Romani
1617 2664 1740 2699 recte
1775 2655 1862 2699 diei
1895 2656 2064 2701 docem

1173 2713 1374 2770 exempla
1407 2712 1506 2757 Liv.
1539 2713 1580 2765 8,
1609 2714 1653 2757 9.
1692 2714 1766 2766 22,
1798 2715 1868 2758 10.
1907 2712 2063 2772 'ibique

1172 2769 1517 2815 Drakenborch.

1233 2829 1453 2871 Porsena.
1528 2826 1605 2872 Sic
1637 2828 1739 2872 MS.
1772 2827 1926 2873 Guelf.
1961 2829 2064 2874 edd.

1173 2887 1276 2929 Put.
1301 2901 1399 2943 sqq.
1477 2883 1540 2929 cf.
1566 2884 1764 2930 Martial.
1798 2887 1926 2937 hm.
1988 2887 2065 2931 Si-

1175 2944 1260 2988 lius
1283 2943 1322 2994 8,
1344 2943 1445 2986 480.
1507 2942 1664 2989 Horat.
1689 2942 1834 3002 Epod.
1862 2945 1985 2993 16γ4.
2005 2958 2065 2982 -’-

1172 3002 1411 3044 Porsenna
1455 3001 1558 3044 MS.
1588 2999 1624 3043 F
1629 3001 1712 3043 lor.
1756 3008 1882 3056 (test.
1918 3000 2063 3056 Vict.)

1173 3059 1244 3104 ed.
1269 3058 1388 3116 Spir.
1472 3058 1531 3101 ef.
1557 3055 1717 3115 Virgil.
1747 3061 1862 3102 Aen.
1895 3060 1936 3111 83
1962 3059 2063 3103 646.

1175 3116 1348 3159 Graves
1399 3115 1535 3173 igitur
1588 3123 1797 3159 auctores
1851 3117 2062 3177 stantssjb

1173 3182 1543 3273 ωἶῗὲἴῧὲῗὲἳέ
1583 3170 2048 3281 ξῇπίῗξηέῗῖἒθῖἷῖἑι

1174 3288 1258 3332 nisi
1285 3265 1415 3369 quo’d·
1430 3287 1513 3329 tale
1538 3263 1643 3344 ‘lum
1676 3248 2067 3359 smpiegrib‘possi}

1176 3347 1263 3445 {²0¹5}
1269 3344 2066 3460 {⁰522}5323.{⁹231..¹31¹?5'.2³f1¹-2{÷?521

1176 3462 1376 3503 locutum
1401 3459 1634 3503 existimat.
1694 3458 1794 3502 MS.
1811 3459 1947 3504 Corb.
1972 3469 2065 3503 tra·

1178 3520 1280 3560 dita
1305 3519 1435 3560 urbe.

1235 3583 1489 3618 temerare.
1576 3572 1650 3617 Sic
1689 3572 1824 3618 MSS.
1876 3582 1919 3617 et
1961 3582 2063 3618 vett.
2091 3600 2135 3627 „s

1178 3631 1278 3675 edd.
1306 3640 1479 3689 praeter
1503 3630 1607 3675 cod.
1633 3630 1770 3681 Eud..
1804 3631 1919 3676 unde
1945 3630 2064 3676 Rhe-
