2138 4030
0 3834 3 3853 l

1 3862 4 3883 l

152 270 202 307 Α.
217 263 269 307 ὑ.
284 266 368 304 82³.

153 315 202 352 Α.
222 314 269 351 C.
301 312 373 350 70.

586 269 636 327 L
657 268 681 346 1¹
696 267 765 330 B.
811 268 857 329 1.
933 266 1050 341 CA
1065 247 1141 330 P.
1167 267 1264 328 69.
1303 264 1403 328 70.

1752 336 1754 340 ,
1830 276 1914 333 99

65 399 224 483 diam
243 407 427 480 qnam·
455 397 807 464 immodicus
831 396 1067 456 saevitia
1090 396 1308 456 fuerat:
1353 395 1552 453 effusis
1573 399 1830 459 lacrimis
1858 413 1914 462 et

65 489 309 546 meliora
342 484 703 543 constantius
732 484 1088 558 postulando
1113 480 1526 559 impunitatem
1553 485 1914 565 salutemque

67 573 289 632 civitati
319 572 720 645 impetravere.

225 675 410 758 LXX.
424 677 673 747 Caecina
695 700 911 756 paucos
933 679 996 735 in
1011 677 1298 736 Helvetiis
1318 690 1580 735 moratus
1599 678 1744 749 dies,
1769 684 1912 741 dum

64 767 382 841 sententiae
406 765 636 822 Vitellii
664 765 878 822 certior
899 764 1089 834 fieret,
1131 763 1309 819 simul
1333 764 1646 821 transitum
1669 761 1914 840 Alpium

0 886 5 890 ,
64 874 306 932 param,
358 852 576 908 laetum
617 871 685 907 ex
719 849 890 907 Italia
926 849 1203 930 nuntium
1239 847 1480 923 accipit,
1532 850 1685 906 alam
1721 850 1920 909 Sulla-

52 957 206 1003 ,nam
234 939 383 1014 circa
408 934 637 992 Padum
667 947 931 1008 agentem
957 945 1316 991 sacramento
1341 932 1573 990 Vitellii
1597 933 1918 998 accessisse.

66 1022 487 1082 Proconsulem
532 1019 843 1077 'Vitellium
894 1018 1127 1078 Sullani
1188 1016 1255 1073 in
1306 1015 1507 1076 Africa
1564 1015 1920 1080 habuerant:

65 1130 203 1166 mox
231 1129 263 1165 a
284 1107 554 1175 Nerone,
608 1117 674 1163 ut
707 1107 770 1162 in
794 1104 1126 1182 Aegyptum
1153 1105 1696 1180 praemitterentur,
1750 1108 1922 1166 exciti

66 1352 260 1396 fusione.
346 1348 447 1394 MS.
497 1349 606 1407 Agr.
655 1348 787 1392 etiam
830 1348 961 1391 habet

66 1412 240 1463 vulgus.
285 1432 340 1441 -
405 1405 540 1449 MSS.
569 1405 690 1449 Harl.
718 1406 848 1449 Bodl.
876 1406 960 1448 les.

65 1466 216 1509 Guelf.
251 1466 351 1510 edd.
377 1464 478 1507 Put.
508 1464 574 1506 M.
603 1473 646 1506 et
669 1462 722 1506 V.
750 1462 958 1506 Beroald.

67 1525 166 1567 Alc.
207 1531 260 1565 ut
287 1531 354 1565 est
386 1536 488 1565 mos
520 1523 655 1575 vulgo
688 1522 961 1562 mutabilem

68 1582 250 1624 subitis:
287 1588 331 1623 et
354 1588 451 1621 tam
469 1593 672 1632 pronum
698 1579 746 1620 in
773 1579 962 1620 miseri-

23 1660 29 1666 ·
70 1639 281 1680 cordiam
303 1636 474 1692 (Guelf.
503 1636 787 1692 unseriam).·
817 1651 960 1691 quam

69 1697 356 1737 inmodicum
378 1694 497 1749 (edd.
514 1693 616 1736 Put.
639 1695 686 1734 in
711 1694 961 1748 modicum)

69 1754 266 1795 saevitia
285 1752 474 1808 suerat.
541 1750 822 1795 Vocabulum
855 1765 960 1791 mu-

71 1813 260 1852 tabilem
303 1810 360 1852 ibi
400 1807 581 1865 respicit
624 1807 677 1850 ad
723 1810 965 1848 animum:

71 1868 150 1911 sed
170 1867 278 1926 quid
302 1875 394 1908 tum
422 1866 504 1907 sibi
529 1865 637 1908 velit
661 1865 963 1918 immodicum

71 1925 143 1969 vel
197 1928 243 1967 in
298 1925 550 1972 modicum,
625 1928 717 1963 non
768 1930 962 1978 apparet.

74 1981 227 2037 Quare
269 1979 578 2024 Freinshemio
625 1987 809 2021 auctore
853 1979 963 2021 Ber-

73 2054 315 2096 neggerus,
375 2035 596 2079 Gronovii
650 2035 825 2091 (1672),
877 2038 963 2079 lac.

74 2095 331 2139 Gronovius
364 2103 406 2137 et
440 2109 584 2151 nuper
605 2092 831 2135 Bekkerus
865 2093 962 2135 edi-

74 2155 200 2197 dere:
241 2161 292 2194 ut
324 2160 391 2194 est
420 2164 525 2192 mos
554 2153 717 2204 vulgo,
757 2152 966 2194 mutabi-

75 2215 170 2253 lem
311 2222 453 2265 quam
484 2208 837 2249 immodicus
866 2208 963 2263 s-f.

74 2268 131 2311 Et
172 2266 363 2310 meliora
407 2280 512 2308 sane.
564 2281 694 2307 nemo
747 2265 964 2323 praebuit,

77 2338 330 2382 quanquam
385 2322 604 2380 scriptura
662 2323 965 2364 immodicum

76 2383 276 2425 omnium
312 2389 415 2423 vett.
447 2381 665 2423 librorum
702 2381 967 2422 auctoritate

79 2438 249 2482 nititur.
316 2437 552 2480 Rhenanus
584 2450 633 2478 ex
668 2453 751 2481 suo
783 2436 967 2494 ingenio

82 2495 414 2540 eniendaveratz
473 2502 524 2536 ut
570 2501 636 2536 est
681 2509 782 2536 mos
827 2497 968 2548 vulgo

80 2554 294 2596 mutabili
319 2553 497 2599 subitis,
538 2558 585 2593 et
613 2558 712 2594 tam
738 2566 891 2605 prono
920 2553 969 2593 in

79 2627 144 2653 m.
158 2641 169 2657 ‚
202 2625 342 2664 quam
366 2610 665 2650 immodicum
685 2624 721 2651 s.
731 2608 780 2663 f.
794 2640 806 2657 ‚
831 2624 964 2666 quarn

81 2669 343 2724 scripturam
400 2667 531 2709 tacite
587 2665 810 2708 retinuere
862 2665 967 2709 Ald.

80 2725 197 2783 Lips.
221 2723 344 2767 Pieh.
370 2722 501 2765 Grut.
534 2747 592 2756 -
650 2723 881 2766 Ernestius
905 2723 968 2765 lo·

81 2798 183 2826 curn
206 2779 393 2823 restituit
413 2781 497 2823 sic:
524 2787 573 2822 ut
593 2789 663 2822 est
684 2796 789 2823 mos
810 2783 970 2834 vulgo,-

80 2840 301 2882 mutabile
336 2838 519 2888 subitis,
562 2845 606 2880 et
639 2845 739 2879 tam
766 2853 969 2892 pronum

82 2898 130 2940 in
154 2895 546 2943 misericordium,
583 2909 721 2950 quam
748 2896 970 2937 immodi-

83 2969 188 2997 cum
226 2952 422 2996 saevitia
452 2952 638 3006 fuerat:
692 2953 842 3007 effusis
884 2961 969 2996 etc.

84 3026 195 3067 quae
259 3024 360 3052 cum
422 3009 691 3051 inconcinna
757 3009 969 3066 omnique

83 3068 390 3110 membrorum
416 3080 529 3107 nexu
556 3066 698 3108 soluta
723 3082 814 3109 esse
838 3067 967 3110 vide²

84 3133 263 3174 rentur,
314 3122 411 3179 Bip.
445 3121 598 3166 Oberl.
638 3138 732 3179 sqq.
771 3125 968 3166 maluere

85 3181 207 3238 aequi
230 3177 476 3236 Ryeltium,
506 3179 580 3235 qui
602 3195 624 3221 e
646 3179 747 3222 MS.
765 3181 876 3238 Agr.
898 3181 968 3223 de-

87 3240 174 3282 dit:
224 3245 272 3278 ut
311 3244 379 3277 est
406 3251 522 3277 mox
552 3239 713 3291 vulgus
745 3238 970 3280 mutabile

78 3297 262 3344 subitis,
301 3300 348 3334 et
382 3300 479 3334 tam
497 3307 698 3346 pronum
721 3297 768 3336 in
793 3295 972 3337 miseri-

86 3353 317 3400 cordiam,
359 3363 502 3404 quam
535 3350 835 3394 immodicum
864 3367 974 3394 sae-

86 3410 199 3452 vitia
217 3408 398 3463 suerat.
441 3407 590 3460 effusis
621 3414 730 3456 ete..
769 3408 973 3465 languide

90 3472 134 3506 et
157 3473 375 3508 contorte.
435 3463 545 3506 Nam
574 3463 610 3505 si
643 3465 741 3521 quis
776 3467 972 3507 mutabi-

91 3521 147 3564 lis
166 3522 348 3570 subitis,
384 3521 676 3564 intolerabilis
701 3531 817 3564 certe
842 3523 969 3578 pleo-

9 3595 15 3609 ›
91 3592 266 3620 nasmus
289 3586 351 3622 est
373 3594 475 3621 eum
507 3578 593 3620 dici
624 3593 740 3620 mox
769 3581 971 3622 'nutabi-

2 3965 5 4000 l

3 4002 6 4030 ι
86 4017 91 4021 .

1033 1351 1125 1390 lem
1160 1349 1336 1391 subitis.
1407 1347 1569 1390 Obstat
1602 1350 1734 1393 etiam
1770 1353 1927 1406 vulgo.

1034 1408 1156 1463 quod
1208 1413 1392 1448 tuentur
1445 1413 1553 1450 vett.
1614 1406 1718 1450 libri
1758 1424 1927 1453 ‘omnes

1033 1471 1211 1520 praeter
1233 1462 1366 1505 MSS.
1387 1461 1523 1507 Corb.
1545 1472 1589 1507 et
1614 1465 1720 1522 Agr.
1782 1465 1930 1510 Acce-

1033 1520 1100 1562 dit
1157 1521 1278 1577 quod
1330 1519 1554 1561 formula:
1606 1529 1659 1563 ut
1708 1530 1776 1565 est
1824 1524 1930 1567 mos

1032 1579 1169 1630 vulgo
1200 1576 1305 1620 alibi
1346 1592 1527 1634 quoque
1563 1579 1680 1636 apud
1709 1578 1925 1625 Nostrum

1032 1634 1245 1690 frequens
1270 1641 1348 1677 est.
1382 1633 1438 1677 cf.
1462 1633 1566 1676 infr.
1592 1651 1629 1680 c.
1649 1637 1721 1684 80.
1743 1646 1785 1680 et
1805 1654 1929 1697 supr.

1033 1708 1073 1735 c.
1101 1691 1144 1735 7.
1205 1693 1292 1734 An.
1319 1694 1357 1743 1,
1381 1690 1451 1733 39.
1488 1692 1529 1740 4,
1554 1693 1624 1736 64.

1093 1806 1244 1863 effusis
1265 1806 1487 1848 lacrimis.
1549 1806 1652 1852 MS.
1675 1808 1827 1853 Guelf.
1860 1810 1930 1867 es-

1022 1864 1168 1920 fusus
1199 1864 1465 1919 lachrymis.
1525 1863 1610 1907 Ed.
1645 1865 1765 1923 Spir.
1800 1867 1937 1921 effusi

1035 1922 1255 1963 lacrimis.
1332 1920 1408 1963 Sic
1452 1922 1587 1975 effusi
1620 1923 1669 1964 in
1710 1926 1932 1969 lacrimas

1037 1978 1142 2021 infr.
1185 1977 1228 2028 2,
1265 1976 1340 2020 45.
1409 1979 1583 2032 effusus
1625 1981 1676 2022 in
1718 1997 1935 2026 amorem

1038 2034 1131 2079 An.
1157 2036 1197 2082 1,
1221 2034 1301 2088 54;
1357 2035 1531 2089 effundi
1558 2039 1607 2079 in
1641 2046 1751 2080 vota
1777 2041 1866 2086 An.
1893 2045 1934 2090 1,

1038 2095 1107 2135 11.
1168 2091 1256 2134 Sed
1276 2093 1458 2159 ‘effusos
1475 2096 1690 2138 lacrimis
1713 2097 1819 2140 alibi
1843 2098 1932 2157 legi

1035 2164 1130 2193 non
1151 2166 1353 2194 menum.

1093 2264 1305 2306 meliora.
1395 2263 1626 2309 Acidalius
1665 2268 1934 2315 conficiebat

1037 2323 1269 2363 molliora.
1332 2321 1392 2365 cf.
1425 2332 1521 2364 not.
1553 2323 1607 2366 ad
1638 2325 1725 2368 An.
1759 2328 1827 2377 12,
1856 2329 1931 2372 46.

1037 2377 1152 2421 Hist.
1188 2378 1230 2427 4,
1267 2378 1336 2422 32.
1409 2378 1496 2421 Sed
1532 2383 1731 2424 meliora
1770 2384 1816 2426 in
1857 2386 1935 2428 tali

1039 2445 1248 2480 contextu
1290 2435 1393 2479 satis
1430 2445 1551 2479 recte
1593 2438 1809 2484 dicuntur
1849 2458 1933 2500 pro

1040 2494 1350 2545 mollioribus,
1381 2493 1645 2539 lenioribus.

1096 2605 1209 2650 CAP.
1229 2606 1300 2649 70.
1343 2607 1392 2649 in
1412 2583 1650 2652 Helvetiis.
1708 2609 1790 2657 Ed.
1813 2613 1931 2672 Spir.

1038 2667 1087 2708 in
1107 2666 1345 2707 heluetios.
1404 2660 1504 2706 MS.
1526 2660 1679 2710 Guelf.
1706 2660 1937 2716 Zelueciis.

1040 2722 1167 2765 Idem
1192 2737 1297 2764 mox
1323 2721 1484 2764 Vitelli
1508 2738 1590 2780 pro
1615 2719 1810 2771 Vitellii.
1868 2760 1871 2766 ‚

1099 2839 1231 2878 alam
1251 2834 1519 2879 Sullanam.
1578 2837 1656 2882 Sic
1676 2840 1795 2884 edidi
1827 2859 1933 2887 cum

1043 2893 1248 2937 Bekkero
1295 2901 1337 2935 et
1379 2906 1478 2935 mox
1522 2892 1722 2942 Sullani.
1796 2900 1934 2945 MSS.

1046 2954 1152 3009 Agr.
1176 2950 1290 2993 Bud.
1314 2949 1452 2993 Corb.
1489 2951 1592 2994 edd.
1615 2952 1742 3012 ‘'Spir.
1770 2955 1932 3001 Oberl.

1041 3008 1435 3109 ἓψΐὲίὴέιὲἷνηιξῑ
1447 3023 1560 3107 :mpii
1574 3011 1738 3111 Sichzli.
1754 3015 1933 3114 -Rlssslffl

1089 3082 1141 3109 ue
1184 3098 1193 3108 .
1329 3097 1340 3109 .
1414 3081 1443 3107 u
1467 3096 1478 3107 .
1552 3082 1617 3111 er.
1729 3087 1754 3114 ·.
1922 3101 1935 3116 .

1041 3123 1144 3168 Ald.
1195 3137 1292 3179 sqq.
1341 3120 1589 3177 Syllanam
1640 3135 1684 3168 et
1718 3084 1935 3184 ιὸχίῖαῗῖιζ

1042 3180 1100 3224 cf.
1131 3189 1225 3222 not.
1257 3179 1311 3222 ad
1341 3181 1430 3223 An.
1456 3182 1497 3232 1,
1523 3184 1561 3223 1.
1596 3184 1678 3225 sub
1713 3201 1756 3230 v.
1778 3185 1931 3230 Sulla.

1042 3238 1080 3280 E
1111 3235 1329 3294 scriptura
1361 3236 1430 3280 ed.
1462 3237 1582 3294 Spir.
1611 3241 1674 3282 nil
1703 3244 1813 3286 certi
1844 3244 1931 3300 peti

1042 3294 1432 3407 &qizffpssonssffiif
1462 3294 1577 3395 ”imi
1602 3298 1932 3398 δῖῗῗώῧπε

1079 3369 1091 3394 ι
1419 3384 1429 3394 .
1512 3367 1614 3396 nra
1662 3386 1673 3405 ,
1743 3373 1824 3401 ,ea
1861 3373 1932 3400 ern

1042 3411 1109 3452 ala
1153 3408 1201 3449 in
1247 3408 1349 3451 cod.
1381 3408 1507 3452 Flor.
1552 3409 1715 3454 dieitur
1748 3413 1934 3456 Siliana
1975 3450 1978 3453 ,

1043 3469 1131 3508 sive
1151 3465 1333 3508 Silina:
1363 3465 1482 3509 unde
1505 3466 1732 3523 Bipontini
1763 3479 1803 3511 et
1829 3470 1935 3514 huic

1040 3524 1143 3566 loco
1175 3518 1391 3566 Silianam
1431 3532 1473 3565 et
1501 3523 1694 3567 Silianos
1728 3526 1935 3572 vindica-

1040 3581 1161 3623 bant.
1222 3578 1311 3622 Sed
1336 3579 1460 3623 crisis
1486 3580 1530 3622 in
1556 3581 1627 3624 tali
1649 3597 1696 3624 re
1730 3585 1936 3639 trepidat.

1238 3640 1371 3697 GP.
