2138 4030
196 276 321 334 210

715 331 718 334 ,
778 247 1488 352 ffls‘romARuM

1724 267 1969 355 ‘ig-⁹²2&
2048 255 2059 269 ‘

269 443 271 446 ι
316 430 324 433 ”
368 400 645 463 LXVIII.
732 401 812 461 Et
857 405 1097 481 quidem
1139 417 1336 479 partes
1371 404 1634 463 modeste
1679 380 2066 464 distraxerat?

194 489 354 565 apud
387 489 643 546 victores
683 502 813 547 orta
851 491 1059 546 seditio
1093 490 1324 547 ludicro
1373 490 1579 559 initio,
1647 491 1716 548 ni
1767 509 2054 553 numerus

194 594 497 631 caesorum
518 573 810 631 invidiam
833 576 991 631 bello
1016 574 1284 631 auxisset.

194 656 395 718 Ticini
431 655 700 716 adhibito
739 660 812 715 ad
854 660 1053 735 epulas
1090 657 1395 734 Verginio,

1353 572 1750 634 Discubuerat
1771 575 2052 635 Vitellius

1493 662 1669 735 legati
1709 661 2052 738 tribunique

194 764 261 800 ex
316 745 583 802 moribus
637 745 1060 823 imperatorum
1118 746 1484 811 severitatem
1539 747 1912 807 aemulantur
1952 746 2049 803 vel

190 989 313 1033 Flor.
339 991 455 1046 (test.
479 988 625 1046 Pich.)
653 989 768 1034 Bnd.
796 987 953 1033 Guelf.
985 989 1081 1033 alii-

188 1063 275 1105 que
312 1056 355 1091 et
385 1048 487 1090 edd.
516 1046 636 1105 Spir.
670 1047 857 1091 Pichen.
897 1047 1081 1092 Gruter.

187 1105 407 1164 Bernegg.
442 1119 538 1162 sqq.
567 1131 627 1140 --
683 1105 945 1160 voluptates
978 1106 1081 1150 edd.

186 1162 291 1207 Put.
315 1162 530 1206 Beroald.
555 1162 677 1216 (cum
711 1162 782 1206 sil.
807 1162 945 1219 Vict.)
981 1180 999 1206 s
1035 1179 1079 1219 q.

185 1219 239 1262 ad
270 1219 532 1264 Pichenam.
559 1243 615 1252 -—
672 1218 817 1263 Paulo
850 1228 951 1264 ante
975 1178 1061 1263 MIS

187 1275 339 1320 Gu'elf.
368 1291 624 1334 nonquam.

245 1335 359 1378 CAP.
381 1334 453 1377 68.
493 1335 803 1380 distraxerat.
851 1333 928 1378 Sic
941 1334 1079 1379 MSS.

185 1390 309 1438 Flor.
337 1390 612 1446 (test.Pich.)
635 1391 782 1435 Vatic.
801 1395 924 1447 (test.
943 1392 1076 1450 Lips.)

185 1448 336 1493 Guelf.
356 1447 482 1492 Harl.
510 1447 592 1492 les.
617 1449 716 1493 edd.
739 1449 864 1493 Pieh.
889 1449 1074 1492 Gruter.

183 1507 406 1565 Bernegg.
426 1522 478 1565 sq
514 1536 525 1547 .
553 1531 599 1540 -
643 1507 928 1550 distinxerat
943 1507 1076 1552 MSS.

179 1563 288 1622 fleg.
326 1522 610 1607 Bo‹ll.fl3ud.
659 1565 760 1607 edd.
803 1565 923 1622 Spir.
969 1564 1073 1607 Put.

179 1622 387 1666 Beroald.
411 1622 534 1675 (cum
557 1621 702 1667 silent.
732 1621 869 1679 Vict.)
897 1637 946 1679 sq
984 1653 994 1665 .
1018 1623 1074 1665 ad

178 1679 440 1724 Pichenam.
483 1702 539 1712 -—
602 1680 927 1723 distinxerant
1023 1679 1072 1723 S.

180 1738 364 1782 Farnes.

234 1791 414 1837 ludis-'ro
446 1794 597 1838 initio.
667 1794 743 1839 Sic
774 1794 909 1838 MSS.
944 1793 1071 1839 Flor-

176 1852 292 1908 (test.
316 1852 456 1907 Vict.)
491 1851 607 1895 Bud.
639 1852 778 1896 Corb.
811 1854 912 1895 edd.
948 1852 1068 1910 Spir.

174 1910 377 1954 Rhenan.
405 1909 510 1952 Ald.
532 1925 630 1968 sqq.
663 1938 721 1946 --
781 1911 1073 1953 ludicrorum

173 1969 306 2012 initio
333 1965 467 2009 MSS.
494 1967 618 2010 Harl.
641 1968 775 2011 Bodl.
810 1969 892 2012 les.
916 1967 1069 2012 Guelf.

174 2026 279 2068 edd.
304 2024 409 2069 Put.
438 2024 504 2067 M.
529 2032 571 2066 et
585 2024 640 2068 V.
661 2025 868 2068 Beroald.
895 2025 996 2068 Alc.
1016 2049 1070 2058 -—-

175 2084 277 2127 MS.
292 2081 470 2126 Farnes.
493 2097 596 2126 voc.
623 2085 801 2125 ludicro
827 2083 1009 2126 omittit.

231 2142 287 2183 m‘
308 2153 534 2182 numerus
568 2156 810 2183 caesorum
841 2142 1066 2183 invidiam

172 2201 293 2242 bello
322 2197 553 2239 auxisset.
615 2196 760 2241 Locus
791 2199 835 2239 in
870 2207 981 2241 vett.
1015 2199 1067 2241 li—

172 2256 264 2300 bris
287 2253 476 2306 fractusg
497 2255 613 2297 bene
638 2264 788 2298 tamen
811 2271 834 2298 a
851 2255 1069 2298 Rhenano

171 2312 400 2358 restitutus
439 2311 487 2354 in
535 2327 640 2354 eum
690 2313 903 2365 modum,
977 2328 1068 2368 quo

171 2386 297 2415 nuuc
328 2369 506 2425 legitur.
575 2368 632 2412 Et
659 2369 855 2426 primum
885 2370 1067 2428 quidem

203 2427 388 2471 articula
424 2427 477 2469 ni
516 2425 589 2470 v'el
630 2426 727 2469 nisi
757 2426 803 2470 in
845 2428 1068 2485 plerisque

190 2486 298 2529 ibris
332 2491 442 2529 vett.
477 2482 633 2540 (MSS.
669 2484 789 2529 Flor.
822 2485 888 2528 Re
925 2517 933 2526 .
964 2485 1066 2530 Vat.

170 2542 312 2588 Corh.
344 2541 461 2585 Bud.
487 2539 798 2603 GuelfixBodl.
819 2501 920 2586 edffi
946 2543 1068 2602 Spir.

169 2600 273 2644 Put.
300 2599 404 2643 Ber.
435 2599 556 2655 Ale.)
585 2615 678 2642 non
711 2617 732 2643 a
768 2609 907 2658 paret.
989 2601 1065 2643 ln-

170 2658 413 2700 veniuntur
444 2664 594 2700 tamen
627 2672 712 2715 apu
782 2658 891 2700 alios
926 2659 1063 2701 vesti-

168 2714 238 2772 gia
259 2714 355 2757 eius
380 2714 639 2772 particulae.
697 2714 814 2756 Nam
839 2715 938 2759 MS.
955 2715 1067 2772 Agr.

166 2786 251 2830 pro
275 2772 326 2813 ni
347 2786 580 2814 numerus
595 2772 668 2814 dat
686 2774 741 2814 ηἰ
752 2781 916 2824 metus,
943 2774 1064 2829 quod

168 2829 305 2872 etiam
326 2829 372 2872 in
397 2827 545 2872 Vatic.
576 2844 709 2886 supra
746 2829 949 2872 additum
981 2839 1063 2873 est.

167 2886 305 2930 MSS.
352 2885 492 2929 Cor-b.
536 2887 723 2930 Fames.
772 2888 820 2929 in
879 2895 1068 2938 motus,-

168 2941 270 2986 MS.
295 2943 412 2986 Bud.
435 2944 528 2985 mis
548 2957 655 2986 nas.
727 2943 947 3003 Reposuit
977 2944 1064 3002 igi-

166 3008 239 3044 tur
251 2999 498 3043 Rhenanus
511 3003 614 3043 m'si.
634 3022 678 3039 ε-
714 3002 888 3045 Deinde
902 3005 1064 3045 auxis-

165 3066 237 3101 set
268 3058 421 3102 ferunt
456 3057 591 3102 MSS.
628 3058 754 3103 Flor.
791 3064 930 3115 (teste
970 3058 1062 3104 lac.

167 3113 432 3170 Gronovio)
473 3114 584 3182 Reg.
617 3116 757 3160 Corb.
792 3116 908 3160 Bud.
947 3118 1060 3174 Agr.

165 3173 300 3217 Bodt.
325 3171 390 3227 (in
415 3176 634 3230 margine)
658 3174 759 3218 edd.
784 3172 815 3215 S
850 3175 901 3217 ir.
915 3173 1059 3222 Rben.

165 3229 273 3274 Ald.
311 3244 411 3296 sqq.
451 3253 509 3263 --
580 3235 720 3275 auxit
754 3231 809 3274 M
845 3232 892 3275 S.
932 3230 1060 3277 Harl.

164 3286 298 3331 Bodl.
328 3288 395 3340 (m
420 3288 653 3342 contextu)
687 3290 770 3333 Ies.
796 3288 948 3332 Guelf.
981 3289 1058 3344 (ibi

165 3353 231 3389 est
264 3345 383 3398 amit)
417 3343 518 3387 edd.
550 3343 651 3387 Put.
687 3346 756 3390 M.
787 3355 830 3390 et
858 3346 914 3390 V.
952 3346 1057 3391 Ber.

164 3405 288 3457 (cum
311 3401 458 3459 silent.
475 3400 608 3457 Vict.)
636 3402 735 3446 Alc.
758 3427 816 3436 -
855 3402 1057 3460 Ryckius

160 3460 430 3517 scripturam
473 3457 708 3501 Puteolani
754 3469 1056 3512 revocaverat,

159 3532 296 3574 quam
342 3514 616 3560 recentiores
657 3516 851 3561 editores
891 3518 1057 3561 rectius

158 3574 380 3630 aspernati
403 3581 521 3617 sunt.
584 3572 697 3616 Nam
722 3573 869 3617 forma
894 3576 1054 3617 auxis-

1068 1253 1080 1264 .
1152 1221 1343 1262 stituunt
1375 1229 1416 1264 ta

1152 996 1222 1033 set
1251 989 1295 1033 in
1328 990 1509 1050 optimis
1539 991 1665 1037 libris
1695 1009 1790 1037 non
1815 1001 1881 1038 est
1900 991 1957 1038 de
1981 991 2047 1036 ni-

1152 1047 1270 1096 hilo,
1311 1057 1354 1090 et
1381 1051 1435 1092 m'
1463 1049 1671 1095 facillime
1706 1052 1855 1110 potuit
1889 1051 2045 1094 absor-

1152 1106 1249 1148 beri
1284 1113 1385 1149 ante
1419 1121 1660 1153 numeras.
1740 1110 1825 1153 Sed
1859 1109 1915 1152 de
1946 1125 2044 1151 sen-

1152 1162 1289 1206 tentia
1313 1161 1398 1212 loci
1422 1163 1629 1263 plerique
1648 1164 1884 1211 falluntur.
1923 1167 2043 1210 Con·

1439 1237 1535 1264 em=
1583 1222 1813 1274 „Ludicra
1843 1239 1914 1267 res
1936 1223 2043 1266 fuis·

1151 1286 1218 1320 set
1255 1276 1385 1320 initio
1417 1294 1526 1330 su0,
1574 1280 1697 1339 quod
1727 1298 1752 1325 a
1783 1297 1834 1325 re
1865 1279 2043 1324 ludicra

1153 1342 1329 1378 natum:
1371 1336 1447 1379 sed
1480 1352 1695 1381 numerus
1725 1355 1806 1398 per
1836 1354 1934 1382 eam
1958 1354 2040 1382 oc-

1150 1392 1377 1435 casionem
1403 1408 1637 1438 caesorum
1668 1405 1815 1440 tantus
1847 1395 1960 1448 fuit,
1994 1403 2044 1438 ut

1148 1450 1318 1494 invidia
1354 1460 1618 1508 augeretur,
1657 1470 1791 1511 quam
1822 1455 1911 1498 iam
1937 1453 2040 1498 satis

1148 1522 1339 1565 gravem*
1354 1508 1523 1551 bellum
1547 1516 1838 1556 contraxerat.
1854 1511 1884 1531 ”
1945 1511 2042 1554 Ve-

1147 1581 1249 1609 rum
1287 1565 1415 1609 nihili
1458 1574 1545 1618 est,
1596 1569 1719 1624 quod
1755 1569 1912 1613 dicunt
1946 1584 2042 1612 nu-

1147 1638 1324 1665 merum
1348 1623 1476 1666 illum
1499 1640 1733 1669 caesorum
1756 1626 1893 1678 bello,
1917 1628 2041 1685 quod

1145 1689 1318 1736 gestum
1343 1691 1434 1724 erat
1451 1682 1568 1725 inter
1581 1683 1814 1728 Vitellium
1839 1694 1881 1728 et
1895 1684 2039 1729 Otho-

1145 1753 1277 1786 nem,
1325 1738 1539 1782 invidiam
1575 1741 1758 1789 auxisse.
1840 1742 2040 1799 Quaero,

1143 1795 1266 1854 apud
1301 1810 1435 1853 quem
1474 1799 1666 1850 auxerit,
1706 1814 1793 1843 nec
1831 1800 2038 1845 invenio:

1144 1868 1291 1910 neque
1326 1853 1540 1905 omnino,
1592 1856 1700 1914 quid
1730 1857 1842 1902 haec
1877 1857 2038 1902 seditio

1145 1925 1392 1954 commune
1421 1911 1627 1957 habuerit
1659 1931 1762 1959 cum
1798 1915 1879 1959 illo
1902 1915 2040 1961 bello.

1143 1968 1337 2010 Minime
1373 1977 1522 2013 tamen
1558 1987 1663 2014 cum
1685 1973 1894 2018 Ernestio
1923 1982 2036 2032 puto

1143 2023 1296 2068 locum
1335 2027 1467 2069 etiam
1506 2043 1631 2073 nunc
1670 2046 1764 2074 esse
1803 2033 2038 2077 scabrum
2072 2047 2074 2049 ·

1142 2082 1274 2124 video
1299 2083 1446 2139 potius
1476 2083 1551 2128 hic
1576 2088 1768 2131 eundem
1793 2091 2038 2135 sententiae

1140 2138 1310 2182 hiatum
1336 2141 1452 2195 (sive
1477 2145 1603 2185 malis
1637 2145 1785 2189 dicere
1808 2146 2035 2206 ellipsim),

1142 2198 1218 2255 qui
1251 2197 1465 2241 sexcentis
1491 2200 1600 2243 locis
1626 2211 1691 2245 est
1712 2212 1814 2247 ante
1840 2209 2034 2263 particu-

1142 2255 1231 2297 lam
1263 2256 1326 2296 m'.
1399 2255 1459 2299 ef.
1494 2265 1589 2301 not.
1621 2259 1675 2302 ad
1705 2259 1796 2306 An.
1829 2266 1869 2321 1,
1890 2264 1963 2308 35.
1990 2274 2035 2309 et

1139 2310 1259 2355 alibi.
1320 2305 1492 2371 Nempe
1516 2324 1616 2359 ante
1639 2318 1933 2365 m'numerus
1951 2330 2034 2367 etc.

1140 2385 1164 2412 e
1188 2367 1332 2412 verbis
1361 2373 1539 2413 ludicro
1573 2374 1707 2416 initio
1732 2377 1955 2438 intellige:
1990 2388 2037 2423 et

1138 2441 1216 2469 res
1239 2428 1422 2470 ludicra
1445 2435 1636 2473 tantum
1646 2432 1840 2488 suisset,
1870 2440 1928 2480 πί
1946 2439 2032 2483 ete'.

1140 2483 1425 2528 Vocabulum
1451 2488 1569 2529 bello
1589 2490 1743 2549 accipe
1766 2492 1820 2536 de
1836 2494 1934 2553 ipso
1955 2493 2034 2539 illo

1138 2542 1334 2585 militum
1383 2544 1575 2609 proelio.
1668 2547 1760 2592 lam
1816 2554 2033 2597 sententia

1139 2599 1250 2642 erit:
1308 2600 1536 2645 ludmrum
1572 2604 1691 2648 illius
1727 2622 1903 2665 pugnae
1939 2610 2028 2653 ini-

1137 2657 1251 2700 tium
1282 2658 1390 2701 tuit:
1451 2675 1667 2705 numerus
1700 2670 1850 2708 tamen
1880 2682 2030 2712 caeso·

1137 2730 1238 2758 rum
1263 2714 1474 2759 invidiam
1498 2717 1617 2770 bello
1644 2721 1779 2765 auxit.
1837 2724 2029 2768 Beuum

1137 2773 1202 2817 sic
1243 2772 1333 2815 dici
1370 2773 1425 2815 de
1468 2790 1643 2831 pugna,
1695 2777 1750 2821 de
1787 2783 2032 2827 certamine

1137 2828 1473 2879 dissidentium,
1508 2849 1602 2876 non
1629 2843 1694 2878 est
1724 2838 1847 2894 quod
1880 2855 2027 2883 exem-

1136 2886 1220 2944 plis
1242 2887 1474 2944 probetur.
1521 2890 1766 2950 Rupertius
1786 2898 2030 2956 ¹transposi-

1136 2945 1259 2986 tione
1280 2944 1706 2993 locum-sanandum
1730 2963 1882 2998 censet
1906 2955 2029 3013 tegit-

1136 3016 1247 3059 que:
1279 3018 1334 3044 οε
1354 3006 1479 3046 duae
1498 3009 1707 3051 cohortes
1726 3009 2029 3067 betetfeetae:

1133 3073 1366 3103 numerus
1395 3076 1640 3107 caesorum
1659 3067 1888 3111 hammam
1909 3071 2029 3113 bella

1132 3118 1298 3160 auxit.-
1358 3123 1622 3164 remedium
1664 3127 1896 3170 tumultus
1924 3127 2026 3183 fuit

1132 3176 1258 3217 alius
1297 3174 1542 3223 tumultics.
1626 3179 1737 3224 Vel:
1773 3183 2026 3228 'Numerus

1132 3246 1375 3275 caesorum
1413 3236 1444 3278 ι’.
1486 3238 1527 3280 b.
1556 3239 1719 3293 auxie,
1770 3249 1819 3284 et
1864 3255 2021 3285 reme·

1130 3289 1262 3331 dium
1294 3298 1379 3336 etc.
1482 3335 1486 3339 ,

1153 3402 1161 3411 .
1188 3347 1428 3402 Verginio.
1465 3351 1540 3395 Sic
1554 3352 1657 3397 edd.
1669 3354 1880 3415 Put.sqq.
1895 3356 2021 3412 (cum

1129 3402 1204 3470 sul..
1216 3403 1368 3463 Vict.).
1432 3409 1647 3464 Virgim'o
1659 3412 1762 3456 MS.
1778 3410 1932 3459 Guelf.
1950 3416 2022 3460 ed.

1127 3461 1249 3517 Spir.
1308 3462 1370 3508 ef.
1395 3475 1490 3510 not.
1513 3468 1570 3510 ad
1600 3469 1690 3519 1,8.
1711 3472 1770 3505 -’-
1816 3469 1926 3515 Mox
1952 3488 2023 3515 ea-

1130 3518 1231 3585 dem
1258 3519 1329 3563 ed.
1355 3521 1477 3580 Spir.
1503 3529 1753 3568 seueritate
1781 3523 1868 3585 pro
1897 3543 2020 3573 seve-

1127 3582 1335 3624 ritatem.
