2138 4030
1714 233 1835 270 mn.
1861 214 1946 268 eia.

1714 276 1768 312 A.
1789 275 1838 315 e.
1885 278 1947 314 το.

181 245 309 307 240
732 236 1454 302 HISTORIARUM

183 376 434 434 fecunda
461 372 768 447 gignendis
800 369 1128 428 inimicitiis
1166 364 1370 430 civitas
1406 379 1672 439 auxerat,
1725 369 1871 426 dum
1907 388 2035 427 am-

183 464 313 519 bitu
335 507 352 530 ,
403 459 683 516 comitatu
712 470 767 515 et
792 454 1096 513 immensis
1120 453 1503 512 salutantium
1530 450 1863 529 agminibus
1888 473 2034 511 con-

186 542 440 605 tendunt
470 554 1031 620 comparanturque,
1085 539 1265 597 variis
1297 539 1363 594 in
1399 535 1559 595 hunc
1594 550 1696 596 aut
1727 538 1900 596 illum
1922 537 2036 594 Vi-

186 632 338 692 tellii
375 628 888 686 inclinationibus,
974 644 1083 680 nec
1124 639 1390 700 unquam
1426 624 1564 681 satis
1605 623 1723 681 fida
1755 623 2038 699 potentia,

187 717 295 776 ubi
330 715 514 773 nimia
546 725 648 770 est.
747 710 941 769 Simul
971 710 1167 784 ipsum
1195 707 1505 765 Vitellium
1543 708 1755 766 subitis
1794 708 2036 765 offensis

193 815 296 862 aut
343 797 770 875 intempestivis
820 788 1127 852 blanditiis
1180 794 1527 850 mutabilem
1583 793 2041 852 contemnebant
2123 836 2138 846 ,

189 888 666 960 metuebantque.
745 879 868 938 Nec
894 894 960 937 eo
993 879 1227 952 segnius
1250 878 1586 936 invaserant
1611 879 1845 962 domos,
1891 875 2038 935 hor-

193 986 311 1043 tOS,
372 987 627 1047 opesque
665 965 930 1041 imperii,
999 985 1134 1020 cum
1169 963 1387 1020 flebilis
1427 975 1484 1020 et
1523 982 1695 1037 egens
1739 963 2039 1020 nobilium

194 1059 396 1129 turba,
447 1074 595 1132 quos
633 1052 790 1127 ipsos
823 1050 1157 1126 liberosque
1193 1048 1415 1124 patriae
1451 1045 1644 1107 Galba
1682 1049 2041 1117 reddiderat,

192 1143 359 1202 nulla
404 1138 690 1216 principis
728 1135 1132 1192 misericordia
1169 1133 1532 1190 iuvarentur.
1625 1131 1880 1191 Gratum
1915 1133 2042 1209 pri-

165 1228 458 1286 'moribus
485 1222 767 1291 civitatiS,
811 1221 987 1278 etiam
1011 1221 1212 1295 plebes
1233 1217 1613 1294 adprobavit,
1655 1220 1818 1295 quod
1842 1237 2044 1275 rever-

192 1316 270 1372 sis
298 1313 373 1369 ab
400 1309 601 1367 exsilio
634 1308 761 1364 iura
789 1306 1140 1364 libertorum
1166 1304 1568 1372 concessisset,
1611 1323 1947 1381 quanquam
1977 1303 2040 1358 id

196 1397 362 1458 omni
386 1396 566 1452 modo
594 1391 828 1449 servilia
861 1391 1095 1464 ingenia
1124 1390 1579 1464 corrumpebant
1613 1389 1828 1446 abditis
1865 1408 2044 1464 pecu-

192 1485 309 1542 niis
341 1501 448 1558 per
481 1479 738 1537 occultos
773 1488 873 1534 aut
910 1474 1251 1534 ambitiosos
1284 1475 1448 1531 sinus
1481 1485 1538 1532 et
1570 1475 1812 1551 quidam
1842 1473 1906 1529 in
1934 1475 2044 1530 do-

192 1589 360 1628 mum
409 1564 671 1623 Caesaris
720 1561 1066 1636 transgressi
1117 1572 1290 1638 atque
1343 1559 1484 1635 ipsis
1531 1559 1790 1617 dominis
1832 1570 2045 1642 poten-

191 1658 390 1715 tiores,
458 1702 466 1709 ,
1294 1704 1298 1708 .
1383 1722 1387 1723 ἶ
1558 1673 1561 1678 ·

363 1731 584 1794 XCIII.
628 1731 745 1789 Sed
770 1731 940 1788 miles
966 1730 1157 1807 plenis
1181 1729 1383 1788 castris
1408 1740 1464 1790 et
1487 1730 1855 1787 redundante
1883 1729 2045 1810 mul-

195 1823 447 1884 titudine
471 1820 535 1875 in
556 1818 882 1894 porticibus
906 1828 1007 1873 aut
1027 1816 1291 1872 delubris
1317 1827 1374 1873 et
1399 1815 1546 1871 urbe
1576 1826 1695 1872 tota
1721 1833 1899 1888 vagus
1922 1834 2046 1871 non

196 1906 487 1988 principia
518 1923 757 1960 noscere
774 1949 790 1972 ,
837 1923 959 1959 non
991 1898 1222 1958 servare
1245 1900 1476 1973 vigilias
1500 1920 1692 1978 neque
1715 1900 1917 1957 labore
1943 1900 2046 1956 fir-

195 1994 373 2053 mari:
442 2010 549 2066 per
597 1989 920 2044 inlecebras
973 1987 1138 2044 urbis
1188 1998 1244 2043 et
1283 1982 1595 2043 inhonesta
1635 1985 1796 2042 dictu
1836 2004 2048 2061 corpus
2083 2048 2087 2058 ι

196 2081 353 2150 otio,
407 2076 672 2135 animum
708 2073 1059 2130 libidinibus
1101 2072 1550 2128 imminuebant.
1634 2070 1928 2146 postremo
1973 2090 2048 2126 ne

1162 2247 1293 2292 Bodl.
1326 2247 1405 2290 les.
1440 2246 1592 2292 Guelf.
1625 2246 1744 2291 Bud.
1785 2247 1886 2295 edd.
1919 2246 2048 2296 Pich.

1161 2305 1294 2349 Grut.
1339 2307 1551 2362 bei-neg&
1596 2320 1693 2363 sqq.
1735 2329 1794 2340 -
1860 2307 2053 2348 omnino

1160 2363 1259 2406 edd.
1279 2362 1397 2420 Spir.
1423 2362 1525 2405 Put.
1548 2379 1648 2422 sqq.
1676 2363 1731 2407 ad
1750 2361 1901 2415 Pich.,
1940 2379 2053 2421 quae

240 2258 465 2316 secunda.
535 2251 639 2296 MS.
673 2249 830 2294 Guelf.
855 2251 1089 2306 facunda.

194 2316 365 2363 Ibidem
418 2327 521 2358 voe.
573 2310 734 2352 civicas
786 2309 833 2357 in
879 2315 1090 2351 contextu

196 2373 414 2419 omissum
458 2367 656 2412 secunda
695 2382 855 2409 manus
893 2365 941 2408 iu
975 2382 1090 2408 mar-

193 2434 296 2494 gine
322 2426 506 2474 addidit.

252 2493 366 2532 dum
383 2483 582 2527 ambitu.
639 2480 724 2524 Ed.
738 2479 855 2538 Spir.
876 2483 988 2522 dum
1008 2481 1089 2522 ha·

196 2551 308 2592 bitu.
388 2542 501 2586 Bon
544 2537 698 2582 eadem
743 2539 1090 2581 salutationum

192 2621 277 2666 pro
298 2599 612 2647 salutantium
626 2616 641 2648 ,-
673 2603 718 2639 et
738 2597 874 2637 illum
895 2611 982 2653 pro
1003 2602 1089 2637 auc

191 2667 342 2707 illum.
399 2657 504 2700 MS.
527 2654 666 2699 Corb.
689 2660 771 2694 aut
795 2654 841 2695 in
862 2655 1011 2696 illam.

254 2721 332 2762 ubi
366 2716 518 2758 nimia
561 2720 647 2754 est.
719 2710 821 2754 MS.
855 2709 974 2753 Bud.
1017 2709 1096 2752 ubi

194 2778 395 2822 minima
429 2779 523 2825 est,
568 2767 688 2811 unde
711 2767 954 2810 Rhenanus
983 2782 1089 2811 con·

195 2834 398 2878 iiciebat:
430 2831 508 2871 ubi
526 2828 575 2869 vi
592 2828 741 2868 nimia
760 2833 845 2867 est.

252 2889 455 2946 offensis.
514 2883 597 2927 Ed.
618 2882 735 2940 Spir.
758 2882 961 2938 infensis.

248 2948 424 3002 plebes.
486 2941 562 2986 Sic
593 2940 689 2983 edd.
720 2939 845 2983 Pich.
871 2940 1086 2995 liei-negg.

194 3018 292 3064 sqq,
345 3031 404 3040 ..-
465 3001 599 3056 plebs
641 2996 742 3040 MS.
785 2995 935 3039 Guelf.
985 2999 1087 3039 edd.

195 3071 296 3108 ante
315 3059 441 3104 Pich.
466 3060 589 3114 (cum
613 3054 761 3098 silent.
790 3053 941 3110 vien).

254 3120 467 3162 reversis.
525 3110 627 3156 MS.
651 3110 807 3155 Guelf.
839 3128 863 3154 a
891 3110 1089 3155 secunda

194 3191 333 3223 manu
359 3185 593 3217 reversus.

251 3235 362 3278 iura
387 3233 675 3274 libertorum.
737 3225 867 3283 Quae
890 3233 1018 3267 erant
1041 3224 1087 3266 in

197 3309 278 3346 eo,
310 3288 431 3348 quod
453 3299 612 3342 operas
638 3282 783 3326 liberti
807 3282 992 3326 domino
1017 3282 1089 3324 ‹le-

198 3351 380 3398 ber-ent,
418 3342 654 3390 alimenta,
694 3340 729 3382 si
755 3349 926 3397 egeret,
961 3338 1091 3382 deni-

197 3422 284 3466 que
309 3406 573 3456 testamento
598 3399 822 3440 bonorum
848 3397 1092 3440 semissem.

198 3465 257 3510 cf.
282 3462 401 3520 Lips.
426 3458 481 3503 ad
505 3457 547 3499 h.
575 3454 606 3498 1.
706 3512 713 3520 ⁰

257 3519 392 3563 mnm'
435 3516 591 3559 modo.
669 3511 746 3554 Sic
786 3510 922 3554 MSS.
963 3511 1088 3554 Flor.

203 3582 321 3634 (test.
354 3574 474 3621 Viet.
505 3585 609 3617 cum
640 3568 782 3623 Pich.)
817 3567 927 3626 Reg.
961 3567 1087 3613 Harl.

1160 2419 1384 2478 scriptura
1418 2418 1635 2476 originem
1681 2420 1811 2465 traxit
1854 2437 1878 2464 e
1919 2436 2050 2466 com-

1160 2478 1330 2534 pendio
1356 2479 1487 2520 omni
1506 2485 1600 2522 ιηδ.

1213 2549 1303 2590 per
1329 2538 1527 2578 occultos
1561 2544 1644 2578 aut
1675 2535 1954 2579 ambitiosos
1982 2538 2050 2579 si-

1159 2607 1263 2636 nus.
1330 2592 1410 2638 Ed.
1443 2592 1559 2650 Spir.
1596 2593 1726 2637 habet
1759 2601 1805 2635 et
1833 2608 1917 2650 pro
1948 2602 2050 2637 aut.

1159 2650 1262 2693 MS.
1278 2650 1390 2692 Bud.
1411 2651 1837 2694 ambinanissimas.
1881 2651 1952 2693 An
1974 2653 2051 2695 ad·

1161 2707 1303 2750 ditum
1349 2706 1406 2750 sit
1445 2708 1599 2762 smus,
1651 2707 1899 2752 Oberlinus
1939 2710 2055 2754 male

1160 2772 1292 2808 tacet.
1366 2763 1456 2808 lam
1491 2764 1710 2809 Pichenae
1755 2766 1876 2809 sinus
1914 2765 2055 2809 ambi·

1159 2821 1260 2863 tiosi
1284 2821 1517 2870 videntur,
1549 2839 1650 2865 cnm
1674 2821 1892 2881 pecuniae
1917 2825 1970 2868 de
2036 2848 2052 2857 ·

1161 2877 1268 2921 sitae
1291 2889 1434 2922 essent
1457 2880 1572 2936 apud
1598 2881 1886 2939 potentiore&
1947 2839 2052 2925 Ινῖἓ-

1163 2934 1325 2978 luerim
1367 2937 1536 2980 referre
1581 2939 1635 2981 ad
1684 2937 1804 2997 ipsos
1852 2935 2055 2990 libertos,

1161 2992 1238 3049 qui
1267 2994 1542 3050 potentiores
1561 2997 1666 3039 facti
1688 3003 1731 3039 et
1755 2994 1863 3040 viris
1888 3004 2050 3054 poten-

1163 3051 1353 3093 tioribus
1376 3051 1532 3094 adnexi
1553 3054 1655 3097 satis
1676 3051 1758 3096 tuti
1779 3062 1938 3104 essent,
1960 3068 2055 3110 quo

1162 3106 1310 3150 minus
1333 3108 1504 3151 domini
1526 3109 1622 3152 iura
1642 3125 1720 3154 sua
1748 3117 1904 3154 contra
1933 3109 2054 3168 ipsos

1165 3167 1487 3221 experirentur.
1548 3166 1656 3210 Eam
1680 3167 1943 3212 sententiam
1978 3167 2056 3211 in-

1162 3231 1308 3265 nuunt
1342 3222 1476 3265 etiam
1513 3225 1651 3268 verba
1682 3223 1928 3290 sequentia.
1975 3224 2058 3268 'De

1163 3279 1388 3377 Igcabulo
1424 3282 1563 3322 sinus
1596 3282 1667 3327 cfi·
1689 3280 1795 3327 intr.
1827 3281 1870 3332 3,
1904 3281 1971 3324 19.
2011 3281 2054 3333 4,

1216 3396 1508 3447 transgressi.
1551 3403 1554 3406 '
1570 3394 1669 3438 MS.
1681 3393 1818 3441 corb.
1841 3395 2054 3451 ingressi.

1217 3451 1329 3495 CAP.
1376 3451 1448 3495 93.
1531 3452 1887 3496 z'nnm'nuebant.
1975 3452 2053 3498 Sic

1161 3509 1296 3553 MSS.
1322 3509 1447 3551 Flor.
1482 3509 1597 3563 (test.
1619 3509 1715 3552 lac.
1741 3507 1912 3567 Gron.)
1942 3508 2052 3568 Reg.

1162 3567 1299 3610 Corb.
1340 3566 1449 3623 Agr.
1483 3566 1600 3610 Bud.
1641 3565 1741 3610 edd.
1778 3565 1920 3625 Ryek.
1961 3564 2052 3612 Iac.

2090 3657 2114 3669 κ
