2138 4030
171 228 393 268 mum·

171 274 291 314 sc,
331 272 394 310 va.
574 228 747 292 LIB.
783 227 891 294 IV.
978 228 1312 325 CAP.14.
1352 232 1448 296 15.
1485 306 1487 308 ,
1816 239 1939 302 381.

49 380 54 382 ’
85 364 327 425 venire?
385 359 543 422 tradi
578 380 638 418 se
672 360 978 436 praefectis
1016 361 1579 441 *centurionibusque
1592 411 1610 436 ,
1654 385 1801 444 quos
1835 368 1943 428 uhi

88 452 290 530 spoliis
328 459 384 506 et
421 445 707 520 sanguine
741 446 1130 520 expleverint,
1189 447 1412 506 mutari
1449 451 1792 528 exquirique
1827 473 1943 511 no-

86 557 192 594 vos
216 537 380 594 sinus
405 543 462 589 et
483 531 646 608 varia
671 531 998 605 praedandi
1018 530 1321 592 vocabula.
1388 533 1607 591 instare
1629 536 1939 607 delectum,

87 642 204 700 quo
240 618 415 677 liberi
445 636 480 674 a
509 615 883 692 parentibus,
925 616 1132 673 fratres
1160 636 1194 674 a
1225 616 1504 675 fratribus
1540 619 1702 677 velut
1738 641 1942 697 supre-

86 726 255 764 mum
294 703 658 761 dividantur.
743 698 1065 778 Nunquam
1100 702 1285 776 magis
1325 702 1621 761 adflictam
1653 725 1779 762 rem
1795 704 1943 771 'Ro-

88 792 350 859 manam,
402 807 508 844 nec
541 784 705 843 aliud
735 786 800 841 in
836 781 1102 843 hibernis
1139 807 1319 864 quam
1356 788 1633 863 praedam
1668 800 1724 846 et
1759 810 1943 852 senes·

90 876 424 935 attollerent
450 882 681 929 tantum
709 871 910 928 oculos
944 882 1000 928 et
1034 871 1234 930 inania
1264 873 1565 947 legionum
1591 875 1836 950 nomina
1862 897 1939 934 ne

86 968 480 1038 pavescerent.
566 967 626 1013 at
664 955 780 1012 sibi
817 957 1002 1013 robur
1033 957 1302 1032 peditum
1337 957 1743 1036 equitumque:
1794 981 1942 1018 con-

89 1045 439 1120 sanguineos
470 1039 828 1099 Germanos:
875 1038 1103 1098 Gallias
1145 1041 1305 1100 idem
1342 1043 1664 1118 cupientes:
1709 1065 1785 1102 ne
1810 1043 1942 1104 Ro-

86 1132 277 1188 manis
328 1128 568 1205 quidem
615 1125 912 1198 ingratum
961 1126 1023 1181 id
1074 1127 1329 1196 bellum,
1392 1129 1559 1186 cuius
1603 1130 1943 1205 ambiguam

87 1219 388 1274 fortunam
423 1211 784 1287 Vespasiano
832 1211 1248 1287 imputaturos:
1321 1211 1603 1272 victoriae
1646 1215 1941 1274 rationem

90 1322 213 1358 non
237 1297 428 1358 reddi.
1700 1357 1702 1360 ,
1814 1357 1820 1362 .

258 1381 389 1443 XV.
473 1379 697 1454 Magno
721 1401 865 1438 cum·
880 1381 1128 1438 adsensu
1162 1381 1398 1439 auditus
1435 1380 1688 1442 barbaro
1732 1386 1851 1444 ritu
1884 1397 1942 1444 et

87 1470 293 1548 patriis
331 1466 822 1525 exsecrationibus
856 1466 1163 1524 universos
1199 1468 1400 1542 adigit.
1486 1470 1652 1527 missi
1683 1471 1758 1528 ad
1783 1468 1944 1529 Can-

91 1732 337 1784 cognoscas
371 1740 426 1767 ne
458 1724 505 1767 in
538 1723 665 1823 leqati
700 1723 877 1781 quidem
900 1725 978 1768 ad·

91 1794 224 1828 ventu
260 1782 409 1826 omnia
445 1797 537 1824 esse
599 1790 691 1823 aeta
730 1789 862 1839 atque
901 1798 978 1824 ex·-

91 1850 263 1902 optata3
291 1840 433 1882 immo
454 1837 693 1881 molestum
711 1837 837 1881 illum
855 1839 977 1896 gravi

93 1899 305 1943 comitatu
330 1905 372 1940 et
393 1897 586 1953 superbo
608 1895 818 1952 imperio.
878 1895 980 1939 Ple·

91 1956 194 1999 nius
238 1954 418 1998 Tacitus
471 1951 744 2009 scripsissem
797 1954 978 2010 quando

93 2014 285 2072 legatum
328 2011 504 2057 venire:
558 2025 815 2067 quanquam
855 2011 980 2067 lega-

91 2080 188 2114 tum
211 2083 392 2128 quoque
419 2068 658 2110 molestum
683 2067 808 2122 gravi
832 2068 982 2113 eomi-

92 2136 186 2172 tatu
231 2136 273 2170 et
313 2126 509 2181 superbo
542 2123 761 2181 imperio:
812 2125 887 2168 sed
925 2142 981 2169 ne

1107 1741 1365 1783 nunquam.
1425 1720 1530 1774 MS.
1548 1727 1700 1773 Guelf.
1735 1731 1775 1802 ᾇ
1810 1732 1850 1803 ᾇ
1895 1731 1940 1776 h.

1051 1812 1338 1853 quanquam.

1567 1883 1644 1927 Sic
1675 1882 1782 1928 MS.
1815 1883 1944 1928 Flor.

1050 1937 1296 1993 (test.Vict.
1310 1949 1351 1982 et
1365 1940 1547 1998 quidem
1572 1950 1754 1984 auctore
1767 1941 1808 1984 R
1840 1941 1944 1985 ckio

1050 2001 1103 2036 at
1122 2011 1147 2038 a
1171 2011 1261 2039 sec.
1288 1999 1441 2054 manu)
1463 1998 1569 2042 edd.
1588 1998 1639 2040 Bi
1675 2006 1771 2043 ont.
1831 1997 1946 2043 herl.

1051 2067 1153 2110 sqq.
1174 2078 1232 2087 —
1271 2061 1317 2095 et
1336 2055 1423 2097 sibi
1445 2059 1585 2098 robur
1663 2055 1710 2099 S.
1739 2056 1854 2099 Bud.
1888 2079 1947 2091 —

1051 2110 1142 2153 sibi
1159 2112 1302 2153 robur
1323 2111 1396 2166 (ne
1431 2111 1544 2156 lecta
1559 2113 1796 2171 particula)
1809 2113 1943 2159 MSS.

1106 1889 1159 1923 at
1195 1883 1284 1923 sibi
1315 1885 1474 1926 robur.
1511 1903 1514 1905 >

93 2184 240 2228 venire
262 2183 470 2241 quidem3
494 2181 605 2225 tradi
624 2197 672 2223 se
694 2188 778 2225 etc.
830 2182 980 2239 Quam

90 2241 179 2286 loci
201 2238 466 2284 sententiam
490 2254 628 2296 quum
643 2238 871 2282 Ernestius
885 2255 980 2282 non

91 2299 384 2366 percepisset,
418 2295 648 2353 repudiata
671 2294 807 2354 Lipsii
839 2296 979 2340 inter-

91 2365 334 2415 punctione
352 2360 549 2396 veterem
565 2353 980 2410 interpunctionem

91 2419 395 2457 revocaverat.
458 2409 658 2468 Quando
685 2410 760 2454 ille
784 2411 982 2468 accipie-

91 2471 167 2513 bat
199 2485 282 2528 pro
315 2468 505 2524 quippe.-
549 2467 766 2524 particula
796 2470 982 2523 quidem

93 2535 240 2570 tamen
287 2525 346 2568 ita
387 2524 554 2583 frigere
598 2523 681 2580 ipsi
724 2524 978 2570 videbatur.

91 2584 289 2628 Dureau.
310 2582 365 2626 de
400 2581 594 2625 Lamalle
628 2581 804 2625 sublato
844 2582 978 2624 etiam

91 2641 220 2699 signo
242 2639 547 2697 interrogandi
580 2643 769 2694 quando
797 2639 981 2697 exponit

91 2699 363 2755 aliquando.

149 2770 592 2825 centurionibusque.
675 2767 853 2828 Copula
893 2785 981 2826 que

92 2827 139 2870 in
162 2826 296 2871 Mss.
321 2825 473 2872 Guelf.
499 2826 632 2870 Bodl.
659 2825 740 2870 les.
778 2842 875 2870 non
905 2843 979 2927 3Ξὲ

91 2893 230 2942 paret.
288 2884 409 2926 Harl.
438 2900 533 2927 eam
559 2883 690 2927 habet
724 2900 748 2926 a
781 2900 919 2927 secun

93 2957 246 2984 manu.

151 3003 453 3066 expleverint.
508 3009 608 3055 Hoc
630 3025 724 3055 non
749 3008 909 3069 legitur
931 3011 977 3056 in

94 3068 198 3113 MS.
222 3067 376 3112 Guelf.

147 3151 422 3207 exquirique
452 3166 597 3194 novos
626 3152 771 3196 sinus.
843 3150 978 3196 Scili-

92 3215 165 3252 cet
212 3208 261 3251 in
309 3224 423 3266 quos
471 3210 779 3267 acciperentur
825 3209 979 3276 spolia,

91 3273 325 3324 postquam
347 3266 519 3322 priores
543 3275 685 3308 essent
703 3264 876 3323 expleu-
918 3265 977 3311 ef.

93 3338 215 3381 supr.
249 3323 294 3371 2,
318 3309 388 3365 92.
424 3325 695 3366 ambitiosos
727 3325 887 3374 sinus;
937 3323 978 3373 3,

95 3379 164 3424 19.
202 3379 587 3423 Ονενηοηεηείιιηι
629 3395 739 3434 opes
781 3382 829 3421 in
871 3379 979 3422 sinu

89 3436 436 3491 praefectorum
469 3439 823 3492 legatorumque
847 3437 978 3493 sore.

96 3490 202 3536 ibid.
231 3508 329 3552 cap.
351 3494 423 3538 69.
485 3494 566 3537 Ed.
580 3493 698 3553 Spir.
723 3495 979 3550 exe-quique

43 3579 54 3583 A.
93 3562 176 3604 pro
200 3552 484 3607 exqua‘rique.

1050 2166 1163 2225 Reg.
1190 2167 1329 2212 Corb.
1362 2185 1384 2212 e
1419 2201 1430 2212 .
1465 2169 1496 2212 S
1531 2171 1586 2214 ir.
1615 2197 1675 2206 --
1732 2185 1829 2214 esse
1859 2172 1950 2214 sibi

1051 2227 1196 2267 robut-
1234 2225 1368 2269 codd.
1406 2226 1492 2272 MS
1532 2223 1551 2270 .’
1577 2226 1733 2271 Guelf.
1777 2227 1945 2286 aliique

1053 2291 1095 2325 et
1118 2283 1218 2329 edd.
1240 2282 1346 2327 Put.
1373 2299 1470 2343 sqq.
1492 2285 1548 2328 ad
1569 2285 1853 2343 Bipontinos.

1112 2366 1392 2411 Germanos.
1468 2366 1568 2411 Hoc
1597 2368 1720 2411 abest
1750 2385 1773 2411 a
1806 2366 1945 2414 MSS.

1053 2422 1176 2466 Harl.
1207 2423 1340 2467 Bodl.
1378 2426 1461 2467 les.
1496 2424 1652 2468 Guelf.
1688 2425 1806 2469 Bud.
1893 2426 1947 2470 ln

1051 2480 1178 2524 Harl.
1217 2479 1368 2524 Guelf.
1406 2482 1603 2526 secunda
1638 2498 1796 2527 manus
1824 2483 1948 2527 Ger-'-

1051 2551 1226 2580 manos
1260 2538 1465 2595 adposuit
1503 2539 1710 2598 margini.

1113 2619 1316 2664 Gallias.
1410 2622 1463 2665 In
1485 2612 1598 2668 Ms.
1631 2621 1781 2668 vatic..
1815 2623 1945 2671 1958.

1051 2677 1400 2736 superscribitur
1426 2679 1611 2724 Gallos.
1782 2696 1785 2699 ⁴
1882 2693 1891 2701 '

1106 2764 1169 2792 ne
1196 2750 1435 2793 Romanis
1459 2752 1662 2807 quidem.
1721 2751 1806 2796 Ed.
1825 2752 1946 2811 Spir.

1048 2822 1130 2850 nec
1154 2823 1245 2907 ξω
1278 2822 1367 2876 ne3
1392 2859 1394 2861 ¹
1419 2808 1522 2853 MS.
1543 2807 1696 2855 Guelf.
1717 2824 1946 2856 romanos

1050 2880 1131 2923 pro
1203 2879 1404 2909 omarus.
1588 2880 1595 2887 ”

1108 2938 1441 2992 imputaturos.
1522 2939 1672 2984 Intell.
1703 2948 1771 2985 se'.
1842 2941 1945 2986 Hoc

1049 2995 1349 3053 supplendum
1379 3011 1472 3038 esse
1502 2997 1607 3041 satis
1629 2997 1898 3056 intelligitur
1919 3015 1944 3043 e

1051 3067 1172 3110 seqq.
1194 3053 1412 3096 victoriae
1433 3055 1671 3099 rationem
1684 3069 1781 3098 non
1795 3059 1943 3100 reddi.

1108 3135 1220 3179 CAP.
1262 3134 1332 3179 15.
1411 3138 1633 3182 adsensu.
1717 3137 1796 3182 Sic
1836 3139 1940 3183 MS.

1050 3193 1173 3236 Flor.
1219 3199 1331 3235 teste
1364 3192 1588 3239 victorio.
1621 3224 1679 3233 --
1739 3210 1942 3240 assensu

1048 3250 1153 3294 MS.
1177 3249 1330 3293 Guelf.
1355 3259 1397 3295 et
1419 3251 1633 3297 editiones
1654 3261 1842 3299 veteres.

1107 3323 1522 3369 exsecrationibus.
1621 3327 1723 3371 MS.
1782 3324 1939 3371 Guelf.

1051 3381 1499 3426 exercitationibus.-
1528 3382 1576 3426 in
1599 3382 1801 3440 margine
1821 3388 1938 3428 'exe-

1051 3438 1341 3482 erationibus.
1383 3463 1441 3472 -—-
1499 3441 1611 3485 Mox
1636 3449 1807 3485 veteres
1833 3439 1942 3484 libri

1049 3494 1477 3595 ane7igCaninesates.
1536 3495 1596 3543 cf.
1628 3505 1726 3542 not.
1763 3495 1819 3542 ad
1850 3497 1938 3541 An.
