2138 4030
562 256 738 339 LIB.
777 255 854 316 11.
930 243 1127 316 CAP.
1161 255 1261 317 78.
1303 253 1401 317 79.
1781 258 1907 319 225

53 393 446 469 VespasianO,
497 410 631 446 cum
667 392 795 462 s'pes
830 384 1086 442 occultas
1122 395 1378 442 versaret
1415 383 1645 455 animo,
1686 384 1904 455 Basili.

47 481 156 536 des-
197 479 465 534 sacerdos
513 471 787 548 inspectis
823 471 1146 527 identidem
1191 470 1337 527 extis
1379 467 1736 546 „Quidquid
1780 485 1865 532 est
1879 473 1906 493 ''

49 563 247 640 inquit
287 558 724 635 „Vespasiane,
766 557 926 632 quod
958 575 1156 630 paraS,
1197 574 1300 611 seu
1328 555 1574 610 domum
1611 567 1903 615 exstruere.

48 694 82 719 ,‚
97 669 199 705 seu
234 647 526 723 prolatare
557 661 726 715 agros
764 641 886 697 sive
933 639 1215 714 ampliare
1258 639 1523 708 servitia,
1576 639 1750 698 datur
1794 643 1903 699 tibi

48 779 85 802 „
98 751 312 806 magna
347 731 541 799 sedeS,
603 727 867 800 ingentes
911 725 1179 795 termini,
1231 724 1486 780 multum
1531 719 1903 787 hominum.''

49 816 175 875 Has
225 817 495 888 ambages
539 824 595 869 et
636 811 838 869 'statim
877 820 1176 883 exceperat
1210 810 1365 865 fama
1407 819 1463 865 et
1494 818 1637 866 tunc
1672 811 1901 883 aperie-

45 904 203 959 batz‘
243 921 351 957 nec
409 898 736 975 quidquam
791 895 974 969 magis
1027 894 1092 977 in
1143 914 1244 951 ore
1289 893 1468 966 vulgi.
1574 893 1901 952 crebriores

50 988 208 1064 apud
251 986 446 1061 ipsum
484 1001 811 1051 sermoneS,
891 990 1112 1057 quanto
1166 979 1534 1054 sperantibus
1582 978 1756 1054 plura
1807 980 1901 1036 di-

52 1083 284 1130 cuntur.

219 1178 496 1239 LXXIX.
564 1176 742 1234 Haud
771 1176 950 1232 dubia
977 1174 1365 1231 destinatione
1392 1174 1721 1246 discessere,
1756 1174 1901 1233 Mu-
1954 1216 1957 1221 -

48 1263 256 1326 'cianus
299 1259 711 1331 Antiochiam,
766 1260 1158 1336 Vespasianus
1202 1257 1571 1317 Caesaream:
1641 1261 1744 1321 illa
1787 1260 1900 1339 Sy-

51 1355 201 1423 riae,
243 1349 385 1408 haec
409 1347 656 1405 Iudaeae
682 1357 855 1421 caput
879 1356 981 1405 est.
1066 1343 1314 1401 Initium
1333 1345 1562 1401 serendi
1588 1346 1661 1401 ad
1677 1344 1902 1421 Vespa..

53 1440 284 1495 sianum
322 1433 557 1508 imperii
582 1428 973 1488 Alexandriae
1009 1442 1279 1504 coeptum
1317 1429 1629 1486 festinante
1654 1428 1900 1489 Tiberio

53 1518 420 1588 AlexandrO,
489 1517 593 1594 qui
634 1516 773 1575 Kal.
822 1514 992 1587 Iuliis
1045 1526 1406 1572 sacramento
1467 1514 1591 1572 eius
1643 1515 1902 1593 legiones

52 1607 262 1681 adegit.
348 1605 512 1680 isque
536 1601 762 1677 primus
785 1600 1147 1676 principatus
1173 1600 1296 1656 dies
1323 1600 1388 1655 in
1419 1611 1716 1675 posterum
1752 1602 1904 1658 cele-

50 1707 281 1773 bratuS,
345 1700 611 1778 quamvis
650 1697 926 1755 Iudaicus
973 1698 1255 1755 exercitus
1292 1698 1367 1759 V.
1400 1695 1554 1757 Non.
1594 1696 1705 1757 Iul.
1747 1702 1906 1774 apud

51 1791 246 1866 ipsum
278 1789 523 1846 iurasset
551 1805 617 1841 eo
654 1785 892 1853 ardore,
933 1794 999 1840 ut
1031 1803 1105 1839 ne
1131 1780 1306 1842 Titus
1345 1782 1584 1861 quidem
1614 1783 1771 1840 filius
1805 1788 1911 1840 οῖς-ἐ

138 249 186 296 Α.
201 258 254 295 U.
271 259 358 294 823.

139 307 190 340 A.
207 301 255 340 C.
295 304 358 338 70.

54 2035 433 2090 Obtemperavere
446 2027 689 2073 Oberlixius
705 2045 800 2087 sqq.
833 2028 943 2072 Bek-

55 2093 185 2136 kerus
207 2097 356 2135 vetera
380 2088 513 2130 verba
534 2087 738 2130 restituit.
791 2087 943 2130 Rect'e.

56 2151 172 2193 Nam
198 2147 359 2189 verba:
399 2158 543 2186 aram
575 2150 761 2185 tantum
793 2152 839 2187 et
864 2157 941 2185 re-

51 2205 303 2250 verentium
335 2210 494 2246 auctor
523 2215 572 2243 ex
611 2217 688 2243 sua
728 2201 944 2243 brevitate

56 2262 233 2308 dicendi
256 2260 464 2318 adponit,
493 2266 543 2301 ut
565 2257 655 2301 An.
681 2261 717 2309 1,
741 2258 811 2301 27.
835 2274 944 2300 caa-

53 2335 158 2364 sam
192 2318 454 2360 discordiae
486 2324 532 2358 et
564 2316 748 2357 initium
779 2331 943 2357 armo--

55 2393 177 2422 rum.
240 2375 344 2418 Vid.
368 2374 428 2417 ibi
462 2380 556 2416 not.
631 2372 835 2416 Pendent
866 2371 944 2416 illa

57 2454 80 2479 c
130 2434 266 2477 verbo
319 2432 578 2480 tradidere,
642 2445 801 2474 verum
847 2445 942 2471 non

51 2493 228 2542 stricte,
268 2489 343 2532 sed
372 2488 433 2530 uti
457 2486 677 2544 adpositio
702 2486 815 2530 solet
835 2503 942 2544 pen-

53 2551 160 2593 dere
182 2564 205 2590 e
228 2546 369 2588 verbis
388 2544 774 2603 praecedentibus.
819 2543 942 2588 Ube-

53 2608 147 2651 rius
180 2604 379 2647 dixisset:
421 2603 484 2644 sic:
521 2603 755 2643 tradidere
787 2601 943 2643 ηιαιό-

54 2679 155 2712 res,
194 2664 276 2704 hoc
300 2669 367 2702 esc
389 2658 629 2701 tradidere
660 2673 800 2701 aram
832 2667 943 2699 tan-

56 2731 158 2764 tum
212 2727 255 2761 et
311 2716 645 2760 reverentiam.
741 2716 942 2758 Verbum

57 2779 296 2821 tradidere
318 2774 478 2817 eodem
500 2773 749 2830 significatu
769 2772 843 2815 hic
864 2788 942 2830 po-

1014 2028 1075 2080 cf.
1110 2027 1197 2070 An.
1230 2027 1272 2079 6,
1301 2028 1369 2070 15.
1412 2036 1596 2085 coeptae
1630 2029 1906 2083 offensiones

1016 2089 1071 2127 ob
1115 2100 1220 2127 rem
1259 2085 1511 2139 publicam.
1602 2086 1715 2131 Hist.
1751 2088 1799 2140 2,,
1832 2089 1903 2132 85.

1015 2148 1177 2195 coepta
1206 2143 1504 2194 adcelerar83
1566 2159 1609 2187 c.
1640 2144 1713 2187 80.
1744 2154 1905 2201 coepta

1015 2204 1189 2242 cadunt
1211 2213 1354 2243 secus.
1415 2199 1528 2244 Vide
1547 2209 1643 2244 not.
1669 2202 1725 2244 ad
1747 2202 1839 2248 An.
1867 2207 1906 2252 1,

1016 2258 1087 2300 50.

1071 2346 1393 2382 sacramento.
1462 2338 1690 2383 Ernestius
1724 2343 1906 2385 tradidit

1016 2405 1059 2439 et
1105 2397 1178 2439 hic
1219 2397 1266 2438 in
1306 2396 1408 2439 MS.
1439 2397 1562 2448 Flor.
1604 2398 1690 2455 legi
1735 2400 1785 2441 in
1821 2414 1907 2442 sa-

1016 2461 1268 2496 cramento.
1357 2454 1525 2498 Tacent
1583 2454 1804 2501 Victorius
1865 2466 1909 2500 et

1017 2510 1228 2553 Pichena.
1287 2511 1372 2554 lac.
1395 2510 1660 2555 Gronovius
1692 2528 1784 2555 non
1805 2515 1910 2556 satis

1017 2583 1218 2624 expresse
1242 2567 1296 2610 de
1319 2567 1407 2610 hoc
1441 2569 1545 2610 loeo
1576 2569 1697 2613 dixit.
1759 2569 1909 2613 Ceteri

1018 2624 1121 2667 libri
1159 2623 1230 2666 hic
1261 2625 1491 2679 vulgatum
1525 2634 1786 2670 constanter
1806 2627 1929 2671 reti·.

1017 2687 1140 2724 nent.
1199 2679 1301 2724 Vid.
1329 2690 1426 2723 not.
1453 2681 1505 2723 ad
1533 2698 1576 2726 c.
1600 2683 1670 2729 55.

1075 2740 1134 2794 17⁷.
1147 2752 1264 2793 Non.
1288 2750 1379 2792 Iul.
1402 2753 1526 2804 apud
1550 2751 1636 2792 i.·1'.
1695 2751 1911 2812 Ed.spir.

1017 2809 1076 2852 V.
1100 2810 1195 2850 ηοῆ
1221 2811 1242 2850 ῖ
1261 2809 1375 2851 mm}
1396 2809 1497 2848 iulii
1511 2811 1637 2862 apud
1657 2811 1808 2864 insum
1834 2816 1919 2854 iu-

56 2836 202 2886 nitur,
243 2847 335 2891 quo
368 2840 432 2874 est
465 2831 640 2872 tradito
666 2845 799 2872 more
824 2829 941 2872 Hist.

60 2901 98 2944 1,
129 2892 200 2934 44.
228 2903 476 2932 numerum
502 2889 560 2928 ab
591 2890 806 2942 Angusto
841 2895 949 2929 tra..

60 2953 210 2993 ditum
233 2947 323 2991 An.
347 2947 385 2996 l,
411 2943 480 2988 14.

112 3028 389 3088 prolatare:
434 3026 537 3069 MS.
554 3028 664 3083 Agr.
683 3028 916 3081 plantare.

119 3115 234 3159 CAP.
253 3112 326 3154 79.
370 3111 573 3167 ferendi
597 3112 662 3151 acl
691 3110 947 3164 Vespasia-

59 3189 174 3218 num
218 3169 416 3224 imperii.
499 3166 730 3209 Ernestius
775 3165 952 3209 volebat

60 3229 316 3286 deserendi.
376 3224 463 3268 Sed
495 3232 611 3266 amat
633 3223 796 3267 Noster
820 3223 952 3265 verba

24 3315 26 3318 v
60 3285 279 3344 simplicia
301 3297 387 3341 pro
408 3280 690 3337 compositis,
722 3295 808 3322 nec
825 3278 951 3337 peius
974 3312 979 3314 >

36 3359 39 3363 ’
63 3353 127 3389 est
164 3343 304 3400 ferre
347 3339 592 3393 imperium
635 3340 700 3378 od
746 3338 953 3392 aliquem

93 3417 195 3443 uam
259 3395 442 3452 deferre
495 3395 743 3448 imperiwn.
798 3394 956 3458 aliqui.

60 3419 170 3501 iilos
193 3453 530 3501 etiain'im'tium
559 3459 828 3505 coeptum
858 3450 953 3492 dis-

61 3514 254 3574 plicebat
273 3508 506 3553 Ernestio:
538 3507 730 3551 malebat
749 3516 954 3561 captum,

61 3571 153 3616 sed
181 3569 383 3623 coepisse
405 3565 562 3609 Tacito
596 3574 657 3609 est
695 3565 956 3624 ἐπἰχειρεῖν.

148 3635 395 3691 TAcrrUs
438 3630 534 3683 Ill.

1018 2872 1190 2910 resset.
1252 2864 1354 2907 MS.
1377 2865 1484 2919 Agr.
1516 2879 1558 2920 q.
1585 2866 1642 2906 Ν.
1673 2866 1714 2909 I.
1742 2870 1789 2911 in
1809 2882 1910 2920 lm-

952 2958 954 2960 .
1019 2937 1128 2966 men
1159 2926 1285 2975 apud
1317 2937 1423 2963 eum
1447 2924 1661 2965 iurasset.
1720 2923 1914 2972 Sueton.

1020 2979 1154 3036 Vesp.
1180 2996 1218 3022 c·
1241 2980 1285 3022 6.
1321 2978 1544 3020 Iudaicus
1576 2983 1741 3024 deinde
1773 2997 1909 3026 exer-

1020 3038 1140 3081 citus
1199 3035 1359 3092 quinto
1414 3036 1529 3078 Idus
1579 3036 1727 3086 Iulias
1787 3045 1915 3094 apud

1023 3097 1174 3149 ipsum
1211 3092 1405 3135 iuravit.

1021 3152 1240 3193 rationem
1267 3150 1588 3194 demonstravit
1613 3150 1790 3205 Hagios
1803 3154 1915 3198 Cpit,

1023 3209 1210 3250 Boron.
1233 3210 1297 3246 ad
1315 3207 1375 3248 A.
1402 3207 1450 3248 C.
1473 3206 1542 3249 79.
1604 3207 1808 3253 Suetonii
1841 3227 1911 3255 er-

1022 3280 1102 3306 ror
1137 3262 1325 3306 fortasse
1358 3270 1483 3306 ortus
1509 3273 1572 3307 est
1601 3279 1623 3307 e
1646 3264 1787 3310 Taciti
1814 3284 1914 3310 ver-

1026 3321 1093 3362 bis
1128 3319 1231 3361 infr.
1267 3337 1305 3363 c.
1329 3319 1400 3363 81.
1431 3323 1551 3365 Arme
1573 3322 1688 3364 Idus
1713 3323 1803 3369 Iul.
1827 3335 1914 3369 etc.
1986 3352 1990 3357 ·

1025 3378 1096 3420 De
1120 3393 1168 3418 re
1194 3376 1251 3420 cf.
1282 3367 1455 3433 loseph(
1477 3377 1530 3420 Β.
1557 3378 1589 3421 i.
1611 3379 1655 3430 4,
1677 3382 1744 3423 10.

1084 3462 1137 3489 eo
1171 3449 1359 3497 ardore,
1418 3445 1538 3490 Haec
1563 3447 1721 3491 desunt
1743 3451 1787 3493 in
1814 3451 1916 3495 MS.

1026 3505 1142 3546 ssud.
1166 3503 1266 3545 edd.
1287 3496 1429 3553 Rhea.
1447 3503 1579 3553 ΑΙ(Ῑ.,
1611 3505 1688 3563 qui
1714 3506 1813 3549 libri
1838 3508 1918 3550 ini-
1958 3502 1961 3505 ¹

1028 3562 1139 3605 tium
1184 3575 1332 3604 novae
1376 3561 1620 3605 sentcntiae
1670 3560 1840 3608 faciunt
1893 3580 1918 3608 a

1271 3620 1318 3677 l)

1485 3090 1722 3138 veriorem
1750 3095 1875 3141 ’Taci
1884 3096 1915 3140 ti
1984 3102 1987 3104 ’
