2138 4030
96 1096 100 1105 ι
178 1072 293 1120 tur.

1721 244 1950 291 AALQ

743 217 1457 334 HISTORIARUM
1723 289 1849 330 ..a
1887 291 1952 337 η,

344 375 510 438 XXI.
576 376 817 436 -Interea
877 373 1218 448 Othonem,
1303 377 1402 433 cui
1458 379 1800 455 compositis
1859 372 2037 444 rebus

175 463 346 520 nulla
385 483 538 538 spe5‚
601 484 778 521 omne
822 465 888 528 in
931 463 1174 520 turbido
1221 461 1568 533 consilium,
1624 465 1815 524 multa
1849 468 2039 531 simul

177 549 659 619 exstimulabant,
713 548 950 605 luxuria
987 547 1164 604 etiam
1197 544 1460 623 principi
1498 567 1777 621 onerosa,
1832 547 2041 630 inopia

176 634 275 690 vix
298 634 529 709 privato
561 634 900 702 toleranda,
943 633 1011 688 in
1035 630 1293 689 Galbam
1326 631 1446 703 ira,
1486 631 1852 712 ingJPisonem
1880 632 2041 696 invi--¹

132 739 143 758 ⁸
178 719 295 778 dia.
402 711 660 793 fingebat
729 731 787 776 et
852 728 1075 774 metum
1090 762 1107 785 ‚
1177 737 1295 800 quo
1349 710 2042 801 rna‘gisesseoncupisceret.

176 802 565 878 Praegravem
589 824 648 860 se
675 802 904 860 Neroni
937 802 1147 872 fuisse,
1188 800 1298 859 nec
1330 800 1702 861 Lusitaniam
1742 826 1948 866 rursus
1981 803 2042 868 et

180 889 422 946 alterius
447 890 638 946 exsilii
663 885 956 945 honorem
966 886 1469 962 'exspectandumz
1500 901 1849 965 >suspectum
1889 910 2043 950 sem-⁴

179 994 286 1050 per
307 974 684 1051 invisumque
712 973 1190 1042 dominantibu8‚
1234 972 1340 1049 qui
1372 974 1678 1049 proximus
1716 977 2044 1036 destinare-

392 1061 659 1117 nocuisse
708 1059 772 1115 id
817 1058 933 1115 sibi
978 1059 1138 1134 apud
1184 1077 1385 1114 senem
1429 1059 1791 1137 principem:
1857 1064 2043 1138 magis

121 1195 125 1198 .
167 1145 521 1202 'nociturum
543 1144 701 1220 apud
724 1144 1000 1200 iuvenem
1021 1143 1262 1217 ingenio
1288 1154 1514 1201 trucem
1539 1156 1598 1202 et
1627 1147 1808 1221 longo
1835 1148 2043 1210 exsilio

174 1231 509 1290 efferatum.
605 1229 796 1311 occidi
833 1224 1142 1286 Othonem
1174 1248 1363 1305 posse.
1461 1229 1716 1305 proinde
1750 1234 2045 1306 agendum
2111 1250 2119 1255 ”

181 1316 671 1391 audendumque2
737 1314 884 1371 dum
935 1311 1162 1379 Galbae
1206 1314 1521 1372 auctoritas
1567 1315 1755 1386 fluxa,
1808 1315 2046 1376 Pisonis

182 1401 453 1458 nondum
481 1400 808 1459 coaluisset.
854 1412 1220 1474 opportunos
1239 1399 1470 1473 magnis
1495 1401 1803 1463 conatibus
1827 1404 2047 1462 transi-

112 1500 118 1509 *
181 1498 277 1542 tus
312 1506 539 1542 rerum:
602 1506 710 1541 nec
748 1485 1119 1542 cunctatione
1160 1504 1334 1559 opm,
1390 1484 1500 1542 ubi
1540 1486 1930 1561 perniciosior
1972 1489 2048 1546 sit

183 1571 350 1647 quies
408 1591 587 1647 quam
634 1570 945 1628 temeritas,
1065 1567 1328 1626 Mortem
1383 1571 1663 1628 omnihus
1715 1592 1786 1629 ex
1836 1583 2049 1631 natura

184 1656 490 1732 aequalem
536 1655 838 1712 oblivione
889 1655 1048 1730 apud
1084 1665 1348 1730 posteros
1382 1655 1479 1711 vel
1518 1656 1707 1730 gloria
1741 1657 2047 1734 distingui.

184 1762 251 1799 ac
309 1741 359 1796 si
413 1751 724 1798 nocentem
787 1740 1284 1817 innocentemque
1339 1739 1500 1818 idem
1554 1741 1741 1800 exitus
1793 1755 2048 1817 maneat,

185 1819 429 1886 acrioris
459 1826 576 1883 viri
611 1845 733 1882 esse
771 1821 981 1883 merito
1025 1825 1238 1902 perire.
1703 1846 1709 1854 ’

171 254 252 311 38

243 2087 356 2132 CAP.
385 2089 459 2132 21.
518 2089 602 2132 ira
633 2121 644 2132 .
664 2119 674 2131 .
695 2120 707 2132 .
741 2087 932 2131 invidia.
1006 2086 1084 2131 Sic

186 2145 290 2193 edd.
322 2145 427 2188 Put.
460 2145 528 2188 M.
561 2154 605 2189 et
627 2144 685 2189 V.
713 2145 819 2189 Ber.
855 2146 977 2199 (cum
1012 2144 1082 2188 sil.

186 2201 328 2259 Vict.)
351 2203 454 2247 Alc.
481 2203 626 2246 Rhen.
651 2219 749 2261 sqq.
771 2231 831 2242 --
861 2202 947 2250 Ed.
963 2202 1082 2260 Spir.

185 2259 247 2302 In
273 2261 477 2304 Galbam
501 2263 640 2304 iram.
682 2261 742 2303 In
762 2260 977 2303 Pisonem
1001 2260 1082 2302 in-

185 2319 365 2360 vidiam
392 2320 623 2376 fingebat.
696 2326 742 2360 et
782 2325 961 2360 metum
992 2324 1080 2361 etc.

185 2373 452 2419 MS.Guelf.
474 2376 687 2430 in‘galba
708 2376 805 2419 ircz:
832 2376 894 2418 In
913 2375 1082 2430 pisone

1155 2085 1260 2131 culo
1290 2085 1456 2129 sensim
1480 2085 1537 2128 ad
1562 2084 1760 2130 atrocius
1784 2093 1830 2130 et
1853 2086 2048 2148 denique

1154 2144 1214 2187 ad
1235 2142 1584 2192 atrocissimum,
1606 2143 1738 2201 2quod
1759 2142 1919 2189 eximie
1940 2163 2047 2192 eon-

1153 2201 1272 2244 venit
1298 2200 1450 2245 animo
1475 2200 1732 2244 metuentis.

1205 2302 1422 2356 proinde.
1496 2300 1574 2346 Sic.
1602 2300 1735 2345 codd.
1765 2301 1899 2349 MSS.
1926 2303 2049 2351 Flor.

1157 2358 1372 2414 (test.1ac.
1388 2357 1615 2415 Gronov.)
1637 2358 1756 2402 Bud.
1778 2358 1932 2405 Guelf.
1954 2361 2048 2406 alii·

187 2433 340 2475 ιυίάίᾶ
358 2434 572 2490 fingebat
603 2442 689 2477 etc.
717 2458 776 2465 —-
832 2434 961 2475 iram
993 2463 1005 2476 .
1033 2463 1045 2475 .
1072 2464 1083 2476 .

188 2491 363 2548 inuidia
396 2492 498 2535 MS.
532 2490 648 2535 Bud.
732 2490 844 2534 Mox
875 2490 998 2534 idem
1031 2503 1082 2532 se

188 2549 369 2590 Neroni
384 2563 598 2604 gravem.

247 2655 292 2690 et
313 2650 522 2692 alterius.
567 2648 644 2693 Sic
666 2645 1082 2693 codd.MSS.Flor.

190 2705 307 2760 (test.
333 2706 422 2749 Iac.
454 2705 685 2762 Gronov.)
719 2705 872 2750 Guelf.
903 2703 1082 2761 aliique,

189 2761 292 2805 edd.
315 2762 432 2819 Spir.
458 2763 563 2807 Put.
585 2764 687 2806 Ber.
713 2765 836 2819 (cum
864 2762 933 2806 sil.
946 2761 1083 2818 Vict.)

189 2818 293 2862 Ale.
327 2827 370 2861 et
400 2836 544 2877 nuper
566 2821 741 2865 Ernest.
767 2837 863 2879 sqq.
889 2847 948 2856 -
998 2826 1084 2860 aab

189 2877 387 2920 alterius
410 2877 511 2922 MS.
527 2877 640 2922 Bud.
668 2887 711 2922 et
731 2878 838 2923 inde
857 2875 1083 2920 edd.Rhe=-

190 2949 298 2981 nan.
320 2949 418 2991 sqq.
440 2934 494 2978 ad
508 2933 781 2979 Ernestium.
820 2935 952 2980 Male.
997 2933 1083 2977 Co·

189 2990 294 3048 pula
317 3000 362 3034 et
382 2991 514 3035 habet
537 2990 628 3034 vim
648 2991 911 3050 explicandi.

247 3092 476 3145 nocuisse.
535 3090 618 3134 Ed.
639 3092 757 3151 Spir.
776 3095 1016 3136 nocuisset.

245 3193 406 3246 longo.
466 3190 567 3235 MS.
592 3190 745 3235 Guelf.
765 3194 917 3248 longe.

866 3291 1084 3336 Veterum

191 3350 489 3410 interpretum
513 3349 695 3406 quidam
721 3349 931 3394 volebant
949 3351 1086 3393 Piso-

191 3423 300 3450 nem
351 3422 436 3466 pro
492 3406 742 3450 Othonem.
824 3405 1082 3463 Perperam.

190 3464 292 3508 Hoc
331 3473 419 3517 est,
473 3463 594 3523 quod
638 3479 774 3522 supra
827 3463 1083 3508 dicebatur:

180 3523 394 3580 fingebat
427 3529 474 3566 et
503 3529 682 3565 metum
704 3530 788 3565 etc.
847 3520 1085 3580 Progredi-

192 3588 268 3627 tur
302 3578 499 3624 Othonis
536 3584 680 3623 metus
711 3595 734 3621 a
766 3577 935 3625 leviore
971 3579 1085 3637 peri·

250 3293 396 3335 occidi
415 3292 644 3335 Othonem
661 3306 809 3346 posse.

1155 2432 1269 2474 que,
1316 2415 1418 2459 edd.
1461 2415 1597 2474 Spir.'
1627 2415 1808 2460 Ernest.
1849 2433 1902 2477 sq
1938 2451 1949 2464 .
1988 2447 2050 2458 .-

1150 2474 1290 2529 proin
1315 2473 1419 2516 edd.
1441 2473 1543 2516 Put.
1557 2473 1660 2516 Ber.
1685 2474 1810 2529 (cum
1830 2434 2048 2534 silglict.)

1154 2547 1252 2590 sqq.
1287 2530 1342 2573 ad
1374 2530 1652 2575 Ernestium.
1711 2531 1813 2576 Hoc
1844 2543 2050 2579 exortum

1156 2598 1222 2631 est
1262 2604 1286 2630 e
1325 2589 1598 2646 compendio
1635 2590 1794 2643 proin.
1823 2618 1883 2626 -
1938 2592 2051 2636 Mox

1154 2645 1289 2690 MSS.
1316 2647 1401 2689 les.
1435 2654 1478 2689 et
1506 2644 1661 2689 Guelf.
1691 2645 1922 2692 invertunt
1946 2665 2049 2695 ver·

1155 2704 1320 2752 borum
1347 2702 1579 2746 ordinem:
1608 2706 1883 2748 audendum
1899 2721 2048 2761 agen-

1155 2764 1385 2816 dumque,
1416 2769 1460 2805 et
1489 2760 1554 2803 sic
1573 2759 1673 2806 Liv.
1699 2761 1769 2813 22,
1796 2762 1865 2806 14.
1943 2763 2047 2810 MS.

1154 2818 1272 2860 Bud.
1307 2833 1392 2875 pro
1428 2821 1703 2860 audendum
1744 2819 1820 2864 dat
1848 2823 2046 2866 audien-

1155 2879 1291 2928 dum,
1321 2874 1497 2934 vulgari
1521 2874 1647 2918 vitio.

1211 2978 1433 3019 nondum.
1509 2974 1624 3019 Edd.
1658 2974 1764 3019 Put.
1802 2976 1891 3021 M.-
1915 2985 1959 3022 et
1987 2977 2046 3024 V.

1154 3033 1363 3078 Beroald.
1394 3034 1518 3088 (cum
1551 3031 1699 3076 silent.
1725 3033 1863 3089 Viet.)
1888 3035 2049 3081 Alciat.

1153 3094 1384 3133 nundum.
1454 3091 1566 3135 Mox
1588 3091 1692 3134 MS.
1717 3089 1868 3136 Guelf.
1899 3095 2050 3148 maguis
2128 3121 2138 3126 -

1155 3164 1240 3217 pro
1272 3149 1473 3202 magnis.
1525 3147 1632 3199 ¹Ed.
1665 3148 1786 3208 Spir.
1813 3152 2045 3206 pernitio-

1155 3219 1268 3249 szor.

1213 3308 1291 3349 vel
1321 3307 1510 3360 gloria..
1562 3305 1648 3355 Ed,
1678 3305 1796 3366 Spir.
1826 3315 1915 3352 aut
1940 3310 2045 3364 glo-

1155 3363 1261 3468 213¹}
1265 3364 1410 3464 tquod
1431 3363 1619 3408 fortasse
1642 3362 1745 3411 loco
1768 3365 1928 3410 melius
1940 3381 2048 3413 con·

1218 3530 1434 3566 maneat.
1478 3521 1582 3566 MS.
1594 3521 1710 3567 Bud.
1731 3530 1907 3574 manet.
1927 3521 2048 3582 quod

1158 3579 1230 3626 vix
1252 3579 1450 3625 excusari
1477 3587 1637 3639 potest.
