2138 4030
221 260 346 325 36ss

786 229 1494 322 HISTORIAR‘UM

1772 253 1990 338 aaa

217 405 336 454 tur.
421 391 588 472 isque
619 391 972 468 praecipuus
1008 389 1102 446 illi
1127 389 1252 448 dies
1280 408 1526 464 magnae
1551 388 1807 448 offensae
1834 376 2077 450 initium

145 554 154 560 ⁶
219 490 278 537 et
297 491 544 552 magnae
566 477 786 552 'gloriae
806 477 940 535 fuit.

1282 482 1309 507 l

387 583 464 647 V.
500 583 623 645 Res
641 605 878 662 poscere
904 582 1173 653 videtur,
1212 582 1351 661 quia
1378 584 1594 642 iterum
1619 583 2076 643 in*mentionem

219 672 536 730 incidimus
573 671 691 728 viri
729 670 958 745 saepius
995 670 1396 745 memorandi,
1438 664 1514 727 ut
1551 669 1736 726 vitam
1769 670 2077 748 studiaque

218 759 373 829 eiuS‚
420 767 477 814 et
500 756 662 834 quali
683 757 939 813 fortuna*
953 753 1027 811 sit
1050 751 1227 823 usus,
1274 754 1476 830 paucis
1503 765 1781 831 repetam.
1856 755 2077 813 Helvi—

220 844 356 901 dius
388 840 627 899 Priscus
664 839 1021 897 Tarracinae
1057 839 1418 915 municipiO,
1473 837 1685 898 Cluvio
1719 851 1912 916 patre,
1972 841 2077 917 qui

220 929 492 987 ordinem
515 925 803 1003 primipili
827 925 1112 993 duxisset,
1155 923 1463 999 ingenium
1486 925 1736 982 inlustre
1766 922 2076 984 altioribus

221 1008 430 1072 studiis
453 1010 686 1069 iuvenis
709 1011 1033 1068 admodum
1057 1009 1251 1082 dedit,
1294 1031 1420 1067 non
1444 1020 1513 1067 ut
1533 1011 1829 1088 plerique,
1870 1022 1939 1067 ut
1961 1031 2074 1067 no·-

220 1100 382 1158 mine
403 1096 719 1172 magnifico
742 1115 915 1171 segne
942 1095 1131 1154 otium
1156 1096 1403 1168 velaret,
1449 1095 1550 1152 sed
1578 1115 1695 1174 quo
1717 1095 1947 1153 firmior
1967 1096 2078 1153 ad-

219 1335 978 1452 etpffiiffzffaielcli‘pzlewilliwiisiffs
986 1338 1038 1446 ,A
1042 1350 1112 1438 ggii

216 1453 485 1500 emendandi
507 1452 675 1498 studio.
734 1451 1023 1508 Praecipuus
1047 1458 1112 1495 est

216 1512 473 1557 ehrenvoll.
545 1510 610 1553 Ita
649 1511 902 1565 praecipua
935 1510 1119 1554 servati

217 1571 328 1616 civis
347 1582 524 1613 corona
547 1568 637 1612 An.
664 1567 733 1619 15,
757 1567 823 1610 12.

271 1653 385 1698 CAP.
410 1651 472 1695 5.»
512 1651 626 1708 quia
649 1652 838 1694 iterum.
902 1649 962 1697 ef.
985 1665 1109 1708 supr.

214 1713 257 1765 2,
286 1712 359 1755 91.
418 1709 491 1753 De
521 1708 684 1752 eodem
715 1707 921 1752 Helvidio
956 1708 1112 1751 Prisco

213 1769 315 1813 vide
335 1766 552 1826 xiphilin.
569 1766 641 1816 66,
655 1766 726 1810 12.
785 1765 888 1809 MS.
905 1765 1016 1824 Agr.
1039 1765 1112 1809 ha·

213 1825 292 1871 het
312 1825 538 1884 quoniam
564 1824 614 1867 in
638 1824 927 1867 mentionem
950 1832 1037 1867 etc.

259 1909 571 1956 sTarrac'inae
618 1908 882 1962 muniapio.
965 1905 1112 1952 Locus

218 1968 426 2014 nondum
468 1982 618 2010 sanuS.
691 1964 841 2011 Codd.
886 1965 1023 2009 MSS.
1070 1972 1113 2007 et

215 2026 318 2070 edd.
340 2033 442 2069 ante
452 2023 553 2082 Bip.
574 2031 619 2067 et
632 2021 792 2066 Oberl.
812 2032 914 2081 post
926 2023 1114 2065 Priscus

215 2082 388 2127 addunt
432 2083 620 2134 regione
663 2081 854 2123 Italiae.
939 2081 1112 2138 Lipsius

212 2137 502 2186 suadentibus
545 2136 785 2180 Ve'rtranio
836 2146 880 2180 et
926 2138 1111 2180 Ferreto

214 2196 444 2242 addiderat
467 2202 707 2238 numerum
730 2195 956 2249 septima,
987 2193 1111 2238 invi-

216 2255 272 2299 tis
296 2252 520 2299 veteribus
544 2250 685 2297 libris.
748 2251 799 2294 ln
824 2252 1114 2310 sequentibus

213 2309 444 2356 vocabulis
501 2309 683 2353 codices
743 2309 857 2352 mire
919 2310 1114 2355 variant.

211 2366 504 2415 Florentium
526 2375 638 2411 teste
656 2365 830 2425 Ryckio
854 2366 1110 2411 Carecinae

212 2426 476 2481 municipio.
521 2423 720 2468 Pichena
745 2423 1038 2470 adnotaverat
1059 2422 1114 2465 de

214 2482 384 2544 oppido
445 2481 738 2525 Tarracinae
798 2481 1111 2525 Florentinum

212 2539 485 2586 consentire.
555 2538 786 2583 Victorius
823 2539 956 2582 etiam
991 2539 1111 2581 inta-

214 2607 341 2643 ctum
373 2596 554 2655 reliquit
584 2596 889 2640 Tarracinae.
959 2595 1109 2640 Vatic-

211 2655 352 2714 Lipsii
379 2655 661 2698 Parentium
687 2655 965 2708 municipi03
996 2654 1109 2697 Far-

212 2729 307 2759 nes.
321 2712 517 2757 etCorb.
533 2712 827 2756 Tarentinae
845 2713 1112 2767 municapio3

213 2770 369 2815 Guelf.
391 2771 439 2813 in
466 2786 606 2828 marg.
634 2771 894 2821 tarantine;
935 2770 1042 2827 Agr.
1068 2776 1112 2812 et

213 2827 357 2872 ed.'S
390 2827 444 2872 ir.
476 2827 737 2871 Tarentino
769 2828 955 2882 oppido.
1020 2827 1108 2871 Ce—

211 2885 299 2930 teri
322 2885 351 2928 li
386 2885 424 2928 ri
449 2900 561 2930 cons
597 2884 714 2928 irant
747 2884 794 2927 in
817 2884 1110 2927 Tarracinae

210 2943 480 2998 municipio.
559 2901 654 2985 fam
698 2942 961 3002 interpretes
997 2943 1111 2985 bene

210 2999 428 3046 viderunt
473 2997 750 3045 vocabulum
803 3001 1006 3055 regionis
1053 3000 1108 3042 ab

210 3055 301 3102 hoc
324 3057 428 3100 loco
452 3056 653 3100 alienum
678 3072 787 3100 esse.
852 3058 1005 3114 Quare
1028 3056 1096 3098 Bi·

247 3112 392 3158 outini
426 3122 469 3156 et
489 3113 736 3158 Oberlinus
762 3115 898 3160 verba
923 3116 1109 3169 regione

242 3172 389 3215 taliae
414 3179 626 3229 tanquam
651 3171 870 3228 glossema
893 3172 1107 3216 abiecere.

214 3229 278 3274 At
295 3227 361 3273 sic
382 3225 535 3271 locum
572 3228 780 3272 nondum
807 3237 1118 3288 persanarunt.

218 3286 335 3331 Nam
387 3286 650 3328 vocabulum
698 3286 989 3330 Tarracinae
1041 3286 1116 3328 in-

219 3344 353 3388 firma
368 3357 467 3385 esse
492 3341 578 3384 fide
603 3343 703 3386 satis
726 3351 908 3402 apparet
932 3360 955 3387 e
982 3342 1113 3387 codi-

219 3416 327 3445 cum
349 3397 560 3456 vestigiis.
622 3399 765 3443 Nimis
797 3401 930 3446 etiam
959 3400 1112 3446 faciles

217 3457 344 3501 fuere
384 3456 432 3499 in
473 3455 775 3514 suspicionem
821 3458 1111 3516 glossematis.

218 3514 335 3558 Mihi
367 3513 470 3559 satis
503 3528 763 3572 persuasum
800 3525 866 3559 est
898 3519 944 3559 in
975 3532 1110 3559 voca-

217 3572 327 3617 bulo
350 3571 538 3627 agione
560 3570 698 3615 latere
720 3587 887 3617 nomen
913 3573 1108 3617 munici-

1184 1334 1246 1394 pii
1268 1334 1401 1395 plane
1425 1333 1594 1381 diversi
1617 1352 1642 1381 a
1665 1332 1914 1381 Tarracina
1926 1334 2076 1394 (quale

1183 1394 1240 1437 sit
1283 1409 1377 1436 non
1407 1392 1638 1450 invenio),
1681 1393 1817 1438 verba
1847 1394 2076 1450 sequentia

1184 1451 1292 1509 poni
1324 1450 1372 1492 in
1402 1450 1685 1509 adpositione
1717 1465 1960 1508 veramque
1982 1466 2078 1494 esse

1182 1508 1453 1566 scripturam
1476 1509 1646 1552 codicis
1660 1509 1698 1552 F
1701 1507 1786 1551 lor.
1801 1507 1976 1550 Italiae
1993 1507 2076 1551 Ca-

1183 1567 1371 1608 recinae
1405 1567 1677 1620 municipio.
1738 1564 1853 1609 Nam
1880 1565 2077 1608 Carieim‘

1699 1637 1768 1666 ars
1787 1621 2077 1666 Samnitium.

1699 1688 1764 1723 nt.
1793 1679 1873 1724 lib.
1894 1679 1940 1724 2.
1975 1695 2013 1725 c.
2035 1679 2078 1724 9.

1183 1621 1274 1666 sive
1299 1622 1510 1666 Carecini
1536 1632 1639 1666 sunt

1185 1678 1243 1723 cf.
1270 1678 1432 1724 Cellar.
1456 1678 1626 1740 Geogr.

1185 1753 1227 1797 p.
1252 1738 1351 1780 862.

1243 1794 1419 1838 Cluvio.
1477 1793 1561 1838 Ed.
1585 1793 1704 1853 Spir.
1734 1794 1913 1837 Clanio.

1240 1867 1334 1896 non
1367 1859 1420 1893 ut
1445 1852 1681 1908 plerique,
1713 1861 1765 1895 ut
1783 1853 1969 1896 nomine
1990 1860 2076 1896 ete.

1180 1909 1261 1954 Sic
1280 1909 1416 1954 codd.
1430 1909 1565 1954 MSS.
1581 1909 1736 1954 Guelf.
1760 1908 1950 1968 aliique,
1974 1908 2078 1953 edd.

1182 1969 1286 2012 Put.
1309 1967 1377 2010 M.
1402 1975 1444 2010 et
1458 1968 1513 2011 V.
1527 1966 1736 2011 Beroald.
1753 1982 1853 2026 sqq.
1885 1989 1940 2001 —
1997 1965 2077 2022 Al-

1184 2034 1331 2068 terum
1379 2031 1430 2066 uc
1475 2033 1597 2069 ante-
1622 2026 1816 2068 nomine
1862 2022 2079 2069 omittunt

1182 2081 1321 2127 MSS.
1352 2081 1480 2125 Flor.
1527 2083 1646 2138 (test.
1679 2082 1798 2128 vict.
1841 2097 1948 2126 cum
1986 2080 2077 2126 Iac·

1185 2139 1418 2191 Gronov.)
1469 2139 1579 2198 Reg.
1628 2138 1766 2185 Corb.
1806 2141 1918 2198 Agr.
1961 2137 2077 2183 Bud.

1186 2197 1287 2240 edd.
1326 2197 1444 2254 Spir.
1485 2204 1529 2240 et
1561 2196 1704 2255 Ryek.
1782 2195 1840 2239 Et
1878 2194 2078 2255 Ryckius

1185 2253 1367 2312 quidem
1409 2254 1620 2298 censebat
1667 2269 1765 2301 eam
1806 2251 2077 2312 particulam

1183 2326 1314 2371 posse
1363 2310 1567 2370 intelligi.
1636 2310 1789 2355 Aliam
1826 2311 1949 2357 viam
1980 2309 2079 2353 iniit

1186 2368 1430 2428 Sellingius
1468 2367 1515 2411 in
1549 2366 1773 2414 Observv.
1809 2383 1855 2427 p.
1893 2367 1964 2412 18.
2034 2367 2078 2410 Ι·

1183 2425 1385 2487 primum
1431 2434 1485 2469 ut
1523 2435 1625 2470 ante
1661 2425 1875 2482 plerique
1915 2424 2078 2483 accipit

1185 2485 1243 2527 du
1281 2483 1355 2527 lici
1389 2483 1640 2542 significatu
1673 2483 1753 2539 (cf.
1785 2490 1885 2528 not.
1908 2482 1965 2526 ad
1985 2482 2078 2528 An.

1183 2543 1226 2591 2,
1247 2500 1361 2598 ga),
1399 2541 1523 2599 quasi
1553 2541 1768 2599 scriptum
1795 2547 1935 2584 esset:
1978 2552 2077 2582 non

1183 2607 1236 2642 ut
1257 2631 1270 2655 ‚
1343 2607 1396 2642 ut
1439 2598 1649 2654 plerique
1670 2629 1684 2648 ,
1752 2600 1939 2642 nomine
1991 2604 2078 2640 etc.

1185 2656 1339 2712 Quam
1377 2655 1553 2699 dicendi
1589 2655 1814 2708 rationem
1846 2655 1914 2698 vix
1944 2669 2077 2713 spero

1182 2713 1358 2758 idoneis
1379 2711 1589 2771 exemplis
1643 2713 1851 2756 robatum
1871 2711 1949 2763 iria
1971 2727 2077 2756 nam

1183 2770 1269 2815 alia
1295 2771 1427 2829 plane
1450 2778 1516 2813 est
1546 2729 1720 2814 ind'oles
1750 2769 1982 2821 locorum,
2020 2767 2076 2811 ad

1185 2844 1298 2887 quos
1321 2835 1588 2886 provocant.
1648 2828 1724 2871 An
1759 2824 2004 2873 commode
2024 2831 2078 2867 us

1183 2893 1284 2928 ante
1302 2886 1490 2928 nomine
1511 2883 1657 2928 omitti
1681 2883 1918 2944 possitsut
1938 2881 2076 2928 intel-

1184 2941 1347 3000 ligatur
1393 2958 1416 2985 e
1460 2944 1660 3008 sequenti
1706 2941 1923 3002 particula
1997 2954 2074 2996 u0,

1182 3000 1387 3043 nondum
1446 3008 1551 3043 satis
1603 3014 1862 3060 persuasum
1915 2997 1970 3044 ha
2005 3013 2076 3041 eo.

1181 3056 1342 3100 Solent
1381 3073 1486 3102 sane
1525 3065 1568 3100 et
1604 3057 1715 3102 aliae
1749 3055 1996 3116 particulae
2028 3056 2076 3098 in

1180 3113 1334 3173 priore
1367 3115 1575 3158 membro
1607 3115 1779 3167 omitti,
1825 3122 1878 3158 ut
1914 3111 2076 3163 iutelli-

1190 3182 1351 3229 gantur
1371 3189 1421 3216 ex
1444 3170 1586 3216 altero
1609 3172 1842 3221 membro.
1882 3179 1933 3215 ut
1965 3170 2076 3219 siue,

1190 3233 1329 3273 modo
1360 3229 1548 3286 aliaque.
1610 3230 1698 3274 sed
1730 3225 2076 3274 fortasse·'1'aei-

1189 3295 1259 3330 tus
1282 3288 1482 3345 scripsit:
1510 3302 1568 3330 ne
1590 3295 1641 3330 ut
1655 3286 1869 3344 plerique
1886 3287 2076 3329 nomine

1185 3352 1272 3387 etc.
1338 3345 1453 3388 Nam
1485 3359 1543 3387 ne
1572 3360 1658 3404 pro
1692 3353 1746 3387 ut
1774 3352 1868 3386 non
1900 3343 2075 3400 saepius

1185 3399 1351 3445 Nostro
1386 3401 1568 3446 dicitur.
1628 3401 1688 3447 cf.
1716 3400 1971 3457 Au..52,29.
2009 3401 2075 3451 12,

1183 3457 1253 3502 82.
1288 3459 1355 3512 14,
1374 3458 1417 3502 7.
1453 3460 1519 3511 16,
1548 3460 1617 3504 16.
1678 3458 1773 3503 Nec
1804 3457 1967 3506 desunt
2000 3473 2074 3500 ex-

1184 3517 1331 3575 empla
1355 3517 1449 3578 eius
1478 3515 1778 3565 confusionis,
1801 3530 1906 3572 ‘qua
1940 3529 2070 3560 eom·

1182 3575 1343 3631 pendia
1364 3591 1421 3619 no
1446 3583 1486 3619 et
1509 3589 1566 3619 ne
1591 3581 1917 3631 permutantur.

2096 3582 2121 3594 A
