2138 4030
11 180 17 183 ’
139 210 358 246 A·U-⁸2³·
587 180 760 275 ΠΒ,
795 209 843 272 1.
897 205 1091 271 CAP.
1129 210 1230 271 67.
1268 208 1369 279 68,
1714 209 1716 216 '
1817 215 1909 273 97

138 257 190 297 A.
206 254 253 292 e.
298 255 368 290 το..

51 346 303 415 castelli,
347 342 508 421 quod
543 341 688 397 olim
711 337 971 414 Helvetii
1003 339 1126 396 suis
1161 337 1453 403 militibus
1488 358 1554 396 ac
1591 342 1898 418 stipendiis

50 431 386 489 tuebantur.
471 444 647 499 aegre·
677 426 740 481 id
770 424 927 499 passi
948 421 1209 481 Helvetii
1242 422 1580 498 interceptis
1614 427 1895 502 epistolis,

29 520 204 593 lquae
236 512 478 590 nomine
505 508 848 569 Germanici
884 509 1167 566 exercitus
1202 508 1277 565 ad
1302 504 1676 565 Pannonicas
1709 512 1895 586 legio-

48 619 154 658 nes
193 600 560 666 ferebantur,
628 595 1034 652 centurionem
1089 606 1147 652 et
1199 593 1487 670 quosdam
1527 593 1785 660 militum
1828 598 1895 655 in

49 684 314 743 custodia
363 682 718 741 retinebant.
814 676 1067 736 Caecina
1098 679 1258 757 ‚belli
1307 677 1516 755 avidus
1566 676 1896 753 proximam

53 787 343 848 quamque
390 767 657 842 culpam,
729 777 1045 842 antequam
1084 763 1440 838 poeniteret,
1506 762 1702 820 ultum
1753 765 1896 826 ibat.

47 864 207 912 mota
227 871 476 930 propere
500 862 683 908 castra
700 896 717 921 ‚
753 850 964 907 vastati
985 849 1137 924 agri,
1178 849 1444 922 direptus
1466 847 1644 921 longa
1666 868 1806 923 paee
1831 849 1897 907 in

50 939 295 996 modum
332 936 646 1011 municipii
682 945 1004 994 exstructus
1037 935 1229 1003 locuS,
1285 951 1532 989 amoeno
1571 933 1899 991 salubrium

47 1027 333 1100 aquarum
363 1042 477 1079 usu
510 1023 804 1099 frequens,
891 1019 1056 1075 missi
1098 1019 1172 1075 ad
1204 1016 1448 1077 Raetica
1486 1018 1704 1094 auxilia
1740 1038 1899 1076 nun-

8 1102 14 1123 ⁸
50 1108 149 1178 tii,
212 1117 279 1165 ut
321 1125 522 1167 versos
560 1105 632 1182 in
674 1106 965 1180 legionem
995 1098 1300 1162 Helvetios
1338 1123 1372 1159 a
1413 1114 1576 1176 tergo
1615 1104 1898 1177 adgrede-

47 1204 269 1252 rentur.

171 1309 177 1312 ·
216 1272 496 1335 LXVIII.
556 1272 654 1331 Illi
690 1287 828 1332 ante
866 1274 1186 1332 discrimen
1223 1274 1479 1343 feroceS‚
1532 1274 1597 1329 in
1635 1274 1897 1349 periculo

51 1362 280 1438 pavidi,
341 1380 681 1437 quanquam
722 1361 915 1436 primo
958 1359 1220 1416 tumultu
1256 1357 1577 1416 Claudium
1615 1356 1901 1429 Severum

24 1450 259 1505 *ducem
285 1446 575 1519 legerant,
619 1465 743 1502 non
777 1466 938 1502 arma
967 1464 1235 1513 noscere,
1282 1462 1409 1500 non
1443 1444 1680 1499 ordines
1715 1444 1900 1521 sequi,

52 1551 176 1590 non
213 1531 279 1587 in
311 1550 501 1588 unum
536 1532 858 1590 consulere.
945 1531 1253 1587 exitiosum
1289 1530 1570 1585 adversus
1593 1541 1902 1585 veteranos

52 1616 377 1693 proelium,
444 1616 637 1673 intuta
683 1616 913 1673 obsidio
961 1615 1205 1691 dilapsis
1248 1626 1533 1672 vetustate
1571 1615 1902 1673 moenibus,

52 1699 192 1758 hinc
207 1699 458 1760 Caecina
483 1721 618 1758 cum
639 1702 837 1780 valido
864 1701 1147 1770 exercitu,
1191 1700 1331 1755 inde
1353 1697 1630 1757 Raeticae
1654 1699 1778 1755 alae
1803 1691 1904 1755 co·-

57 1783 371 1863 hortesque
406 1797 462 1842 et
483 1787 748 1861 ipsorum
771 1784 1101 1844 Raetorum
1134 1786 1410 1842 iuventus
1445 1795 1605 1841 sueta
1635 1784 1813 1841 armis
1847 1795 1904 1842 et

54 1891 217 1928 more
258 1871 507 1927 militiae
555 1872 817 1945 exercita.
918 1870 1184 1947 undique
1224 1869 1529 1945 populatio
1578 1879 1636 1925 et
1681 1869 1903 1928 caedes,

61 1956 172 2032 ipsi
212 1954 278 2012 in
312 1955 510 2013 medio
548 1957 710 2030 vagi,
762 1955 1002 2014 abiectis
1037 1955 1251 2024 armiS,
1306 1972 1518 2027 magna
1552 1973 1687 2030 pars
1725 1953 1906 2011 saucii

60 2053 160 2099 aut
188 2040 450 2116 palantes
485 2040 549 2096 in
585 2052 845 2098 montem
870 2039 1182 2097 Vocetium
1206 2040 1528 2115 perfugere.
1618 2060 1682 2096 ac
1710 2039 1905 2098 statim

61 2276 241 2310 omnes,
274 2258 359 2304 nisi
390 2261 511 2318 quod
535 2256 718 2306 Harsa
751 2262 946 2308 secunda

1019 2270 1082 2309 est
1113 2264 1244 2306 seire.
1291 2261 1353 2307 cf.
1383 2262 1471 2307 An.
1513 2263 1550 2313 1,
1580 2263 1650 2304 48.
1683 2261 1754 2305 62.
1812 2261 1907 2313 Iam

62 2333 196 2362 manu
228 2318 358 2361 habet
388 2328 644 2374 rapuerat,
699 2321 822 2377 quod
852 2336 948 2364 non

1018 2334 1210 2363 noscere
1232 2335 1372 2363 arma
1395 2319 1612 2377 significat
1638 2318 1752 2363 scire
1774 2335 1907 2362 usum

59 2375 258 2432 displicet
270 2375 491 2420 Broterio.
553 2376 667 2432 Cum
683 2377 820 2421 MSS.
841 2394 949 2422 con·

64 2433 256 2475 sentiunt
290 2431 390 2475 edd.
422 2433 538 2492 Spir.
573 2432 678 2479 Put.
716 2436 785 2479 M.
822 2443 864 2479 et
891 2434 947 2479 V.

63 2489 164 2532 Ber.
209 2491 330 2543 (cum
370 2490 514 2535 silent.
545 2490 686 2549 vict.)
724 2494 824 2537 Ale.
896 2494 948 2536 ln

64 2545 264 2590 Rhenani
289 2546 357 2590 ed.
380 2548 620 2615 voperarum
648 2549 782 2601 vitio,
818 2558 866 2593 ut
890 2551 948 2593 vi·

65 2605 213 2655 detur,
263 2603 451 2663 inrepslt
492 2616 774 2661 rapuerunt,
825 2609 947 2663 quod

63 2675 364 2719 propagavere
378 2662 482 2705 Ald.
506 2679 603 2722 sqq.
625 2666 679 2707 ad
695 2664 819 2708 Pich.
835 2696 846 2713 ‚
869 2665 947 2722 qui

62 2727 262 2818 {qterem
295 2719 561 2776 scripturam
583 2721 775 2765 restituit
796 2738 820 2767 e
844 2726 950 2766 cod.

52 2797 55 2801 ·
118 2791 184 2818 or.

121 2835 243 2888 quod
283 2836 394 2876 olim
431 2834 648 2879 Helvetii.
716 2835 799 2879 Ed.
832 2837 950 2893 Spir.

66 2890 229 2932 omittit
248 2893 375 2933 olc'm.

125 2947 403 2991 retinebant.
459 2948 561 2994 MS.
593 2950 698 3007 Agr.
735 2950 802 2995 ed.
832 2950 950 3008 Spir.

19 3040 24 3044 .
67 3005 343 3047 detinebant.

124 3063 275 3113 locus,
314 3077 509 3106 amoeno
530 3067 618 3108 sal.
643 3080 716 3121 aq.
741 3079 826 3108 usu
844 3067 955 3119 fre-

68 3132 222 3174 quens.
284 3118 427 3163 Hodie
451 3121 653 3164 Baaden
678 3122 724 3164 in
746 3139 858 3179 pago
872 3122 954 3165 Ti-

66 3175 242 3233 gurino.
288 3176 510 3221 Victorius
532 3179 668 3223 verba
690 3181 952 3222 salubrium

65 3247 296 3290 uquarum
329 3232 491 3279 lineola
513 3238 563 3279 su
599 3236 739 3293 posita
764 3237 952 3281 notavit.

59 3300 61 3302 ’
123 3292 172 3332 in
198 3291 437 3347 legionem.
493 3291 545 3334 M
582 3327 592 3340 .
618 3291 768 3345 Guelf.
797 3297 845 3336 in
875 3309 955 3336 re-

69 3363 267 3404 gionem.
615 3388 618 3390 .

127 3405 239 3454 CAP.
278 3405 348 3450 68.
413 3420 511 3449 non
559 3421 700 3449 arma
749 3422 955 3450 noscere.

73 3462 276 3508 Heinsius
307 3462 402 3506 vult
430 3476 636 3517 poscere.
695 3464 957 3522 Perperam.

71 3534 258 3566 noscere
289 3529 337 3563 ut
363 3535 510 3576 graec.
535 3516 780 3577 γινώσκειν
802 3522 956 3566 Tacito

159 3587 403 3638 TAci‘rus
442 3584 540 3637 III.

1019 2393 1264 2422 armorum.
1334 2377 1410 2421 Sic
1448 2378 1537 2420 An.
1574 2379 1612 2428 1,
1647 2378 1717 2419 64.
1760 2379 1910 2420 sciens*

1019 2438 1331 2478 secundarum
1370 2435 1791 2490 ambiguarumque
1830 2448 1909 2476 re-

1020 2508 1141 2536 rum.

1050 2551 1351 2593 ΔΗαείοιίινη.
1410 2549 1523 2592 Edd.
1556 2546 1669 2605 Spir.
1703 2545 1808 2588 Put‘.
1842 2546 1909 2589 M.

1022 2614 1066 2651 et
1086 2606 1142 2650 V.
1169 2610 1424 2650 rhetorum.
1482 2605 1585 2648 MS.
1610 2603 1760 2646 Guelf.
1791 2620 1815 2647 a
1836 2619 1907 2646 se-

1024 2665 1170 2708 cunda
1197 2680 1331 2707 manu
1355 2671 1603 2705 rectorum.

1023 2721 1499 2823 Mg’siiisslfmffiifiit
1529 2719 1620 2819 ιξὼ
1651 2718 1772 2832 3322
1804 2733 1911 2818 {2¹3¹

1024 2852 1119 2880 sese
1164 2835 1310 2879 littera
1347 2843 1574 2892 postrema
1612 2832 1913 2891 praecedentis

1023 2892 1231 2940 vocabuli
1257 2900 1297 2935 et
1316 2892 1460 2934 littera
1484 2890 1627 2949 prima
1647 2889 1886 2947 sequenti&

1076 2952 1312 3004 palantes.
1394 2948 1470 2991 Sic
1512 2945 1612 2991 MS.
1650 2946 1759 2989 Flor
1798 2948 1914 3000 (test.

1026 3006 1157 3063 vict.)
1181 3007 1281 3049 edd.
1307 3006 1422 3063 Spir.
1446 3004 1588 3048 Rhen.
1610 3019 1704 3060 sqq.
1727 3028 1784 3035 —
1802 3006 1915 3058 pal-

1023 3068 1174 3107 lantes
1198 3063 1295 3108 MS.
1311 3062 1458 3107 Guelf.
1482 3062 1580 3105 edd.
1594 3061 1694 3105 Pul.
1716 3061 1784 3104 M.
1805 3071 1849 3104 et
1862 3061 1915 3104 V.

1023 3123 1128 3165 Ber.
1157 3122 1260 3164 Ale.

1087 3179 1342 3221 Vocetium.
1399 3175 1476 3220 Sic
1497 3173 1633 3218 MSS.
1651 3175 1773 3218 Flor.
1796 3177 1912 3229 (test.

1027 3235 1166 3288 vict.)
1190 3235 1300 3291 Agr.
1324 3233 1426 3278 edd.
1451 3234 1567 3290 Spir.
1591 3232 1708 3289 Lips.
1737 3248 1831 3289 sqq.
1860 3256 1918 3264 —

1030 3292 1273 3337 Vocecium
1294 3291 1390 3335 MS.
1405 3289 1555 3334 Guelf.
1583 3290 1681 3332 edd.
1703 3290 1917 3333 Put.sse1·.

1028 3348 1287 3394 A10.Rhen.
1304 3348 1412 3392 Ald.
1435 3373 1486 3381 —
1523 3347 1570 3389 V
1567 3349 1799 3390 coensium
1820 3347 1920 3389 MS.

1030 3406 1146 3449 Bud.
1183 3433 1241 3442 -—
1299 3406 1475 3464 Lipsius
1501 3405 1546 3447 in
1571 3403 1835 3461 quibusdam
1862 3404 1917 3445 li-

1030 3464 1123 3508 bris
1193 3464 1366 3508 invenit
1435 3463 1676 3504 Vocetum.
1774 3460 1919 3503 Andr.

1033 3521 1242 3565 Schottus
1276 3519 1453 3562 volebat
1488 3520 1736 3573 Vogesum.
1800 3515 1919 3559 Rhe-

1363 3579 1418 3636 G
