2138 4030
143 382 400 439 ,miniam
422 379 721 442 'exercitus
755 375 1066 434 iactabant.
1153 369 1411 432 Accessit
1440 376 1649 433 callide
1681 381 2002 454 vulgatum,

152 477 368 524 temere
404 464 724 530 creditum,
779 459 1080 516 decumari
1113 450 1370 532 legiones
1409 471 1466 516 et
1499 466 2003 537 promptissimum

152 569 440 628 quemque
467 548 881 605 centurionum
905 544 1143 603 dimitti.
1227 544 1493 620 undique
1529 557 1750 602 atroces
1785 551 2001 619 nuntii,

153 637 387 692 sinistra
425 654 492 690 ex
533 633 893 690 urbefama:
961 630 1190 684 infensa
1224 627 1638 701 Lugdunensis
1678 633 1904 691 colonia
1945 648 2001 692 et

148 720 434 796 pertinaci
458 739 564 793 pro
586 715 822 774 Nerone
850 714 964 770 fide
988 714 1238 770 fecunda
1267 714 1624 775 rumoribus.
1711 715 1827 773 Sed
1863 721 1999 792 plu—

148 806 297 862 rima
362 806 436 860 ad
490 803 832 876 fingendum
888 799 1361 873 credendumque
1413 800 1684 856 materies
1738 801 1804 856 in
1858 803 1999 877 ipsis

150 889 351 947 castris
393 888 565 958 odio,
620 897 783 942 metu
819 896 908 954 et,
963 884 1070 940 ubi
1102 883 1257 939 vires
1292 902 1425 939 suas
1464 897 1865 961 respexerant,
1909 906 2002 944 se·-

151 975 415 1032 curitate.

316 1068 446 1130 LII.
521 1069 647 1127 Sub
705 1068 860 1142 ipsas
914 1063 1234 1140 superioris
1280 1064 1424 1119 anni
1467 1062 1599 1123 Kal.
1645 1062 1999 1145 Decembres

148 1152 339 1213 Aulus
382 1155 661 1212 Vitellius
716 1151 1055 1211 inferiorem
1112 1148 1498 1206 Germaniam
1555 1149 1850 1224 ingressus
1903 1148 2002 1211 hi-

146 1243 331 1298 berna
353 1240 654 1313 legionum
683 1257 815 1294 cum
843 1256 979 1292 cura
1005 1234 1245 1293 adierat.
1330 1234 1547 1291 redditi
1579 1235 1878 1314 plerisque
1899 1258 2000 1294 or..

150 1327 346 1394 dine3‚
398 1324 638 1380 remissa
672 1321 1026 1394 ignominia,
1069 1320 1367 1376 adlevatae
1401 1331 1622 1389 notae‚'
1661 1321 1835 1395 plura
1871 1343 1998 1378 am-
2063 1382 2065 1384 ,

144 1410 400 1478 bitione‚
456 1408 743 1484 quaedam
780 1406 1027 1463 iudicio:
1084 1405 1148 1459 in
1193 1404 1408 1480 quibus
1447 1406 1680 1460 sordem
1715 1417 1772 1462 et
1805 1411 1999 1463 avari-

143 1495 286 1552 tiam
311 1493 547 1551 Fonteii
572 1491 878 1567 Capitonis
909 1489 1237 1547 adimendis
1270 1489 1718 1564 adsignandisve
1751 1492 1998 1549 militiae

146 1579 457 1636 ordinibus
521 1568 744 1651 integre
802 1586 1146 1635 mutaverat.
1259 1572 1381 1630 Nec
1437 1575 1762 1634 consularis
1820 1577 1998 1650 legati

142 1684 445 1738 mensura,
489 1664 588 1719 sed
631 1662 696 1718 in
727 1662 917 1718 maius
957 1660 1155 1717 omnia
1182 1659 1637 1734 accipiebantur.
1724 1670 1781 1717 et
1805 1659 1997 1718 Vitel-

60 1754 67 1762 “
143 1749 258 1806 lius
280 1750 438 1825 apud
466 1767 695 1805 severos
720 1743 993 1803 humilis:
1041 1745 1121 1802 ita
1151 1744 1484 1801 comitatem
1500 1754 1515 1801 :‘
1556 1745 1997 1824 bonitatemque

242 251 291 285 A.
305 247 358 284 U.
374 247 460 282 823.

241 296 293 328 A.
312 289 356 326 C.
398 292 459 327 70.

670 246 848 307 ΜΒ.
888 244 934 305 1.
996 210 1207 306 CAP.
1241 242 1345 305 51.
1383 245 1483 307 52.

1154 2001 1266 2046 CAP.
1289 2000 1359 2045 52.
1417 2003 1669 2057 superioris
1693 2005 1824 2047 anni.
1886 2005 1988 2050 MS.

141 2009 235 2051 lum
271 2015 339 2060 est·
368 2021 548 2056 verum,
600 2004 723 2062 quod
762 2002 1026 2048 audaculam

1094 2059 1209 2103 Bud.
1227 2061 1415 2114 prioris.
1476 2061 1584 2108 blot
1595 2060 1696 2106 MS.
1713 2059 1864 2106 Guelf.
1888 2078 1987 2106 non

139 2065 262 2108 illam
295 2063 401 2107 dicit
430 2062 752 2107 coniecturam.
815 2063 1026 2105 Veterem

137 2122 410 2180 scripturam
448 2119 660 2163 reduxere
699 2117 929 2162 Bekkerus
982 2127 1025 2160 et

138 2178 474 2222 Liinemannus.
525 2176 740 2235 Legiones
763 2176 902 2220 victos
918 2173 1024 2217 Gal·

142 2236 208 2279 los
236 2236 389 2278 hostes
425 2235 668 2285 vocabant,
699 2248 1025 2291 oppressosque

139 2292 376 2338 volebant:
414 2299 635 2334 recreatos
661 2299 704 2333 et
730 2293 918 2334 donatos
941 2292 1027 2333 do-

138 2351 303 2398 lebant,
330 2351 469 2406 inque
492 2348 706 2391 exercitus
731 2347 1025 2406 ignominiam

139 2407 317 2449 illorum
379 2405 663 2450 iactationem
729 2405 1024 2462 accipiebant.

139 2464 348 2508 Ceterum
378 2464 446 2506 ed.
472 2463 587 2520 Spir.
611 2479 692 2520 pro
716 2470 761 2504 et
777 2463 954 2517 publice
975 2466 1022 2506 d.

137 2520 266 2564 habet
288 2522 430 2563 etiam
448 2523 626 2576 pumice
647 2522 694 2562 d.

195 2605 375 2648 callide.
457 2603 560 2648 MS.
597 2603 715 2647 Bud.
755 2605 925 2653 calide,
977 2613 1026 2647 ut

137 2677 269 2719 supra
295 2664 473 2704 calidus
496 2677 578 2718 pro
603 2663 813 2705 callidus.

193 2746 448 2788 declamari.
503 2744 587 2788 Ed.
613 2744 732 2801 Spir.
755 2748 1021 2788 declamare.

136 2802 243 2846 Mox
267 2804 446 2844 incensu
467 2817 549 2860 pro
571 2802 768 2858 insensa.

187 2886 420 2938 pertinaci
445 2901 532 2938 pro
561 2889 621 2935 N.
644 2887 762 2944 fide.
830 2886 1019 2932 Causam

135 2957 298 2999 quaere
321 2944 411 2987 An.
436 2945 501 2994 16,
529 2944 594 2987 13.

178 3025 406 3080 secunda.
485 3026 561 3069 sie
594 3026 693 3069 MS.
729 3026 880 3070 Guelf.
915 3029 1018 3072 edd.

136 3081 238 3125 Put.
265 3081 347 3141 Μ.
368 3093 409 3135 et
433 3084 489 3127 V.
526 3084 643 3141 Lips.
683 3100 781 3142 sqq.
813 3113 870 3120 --
905 3087 1021 3142 soe-

134 3142 285 3181 cunda
318 3140 419 3183 edd.
454 3141 659 3184 Beroald.
690 3143 789 3184 Alc.
813 3142 1017 3187 Rhenan.

133 3196 236 3239 Ald.
264 3221 320 3229 —
358 3198 574 3252 sacranda
607 3198 706 3242 MS.
737 3199 860 3244 Flor.
899 3202 1017 3255 (test.

132 3252 274 3310 Viet.)
301 3254 370 3297 ed.
395 3254 511 3312 Spir.

190 3339 423 3380 materies.
503 3338 600 3389 IIoc.
635 3341 905 3384 vocabulum
937 3342 1018 3384 de-

133 3401 195 3434 est
220 3393 263 3435 in
288 3393 389 3437 MS.
406 3394 555 3438 Guelf.
581 3397 620 3450 (a
645 3412 712 3454 pv.
738 3403 894 3454 manu)
916 3401 1014 3444 edd.

132 3449 231 3492 Put.
255 3451 322 3493 M.
349 3460 391 3494 et
407 3452 457 3495 V.
480 3482 538 3489 -
569 3453 619 3495 ln
644 3454 795 3496 Guelf.
819 3458 1015 3500 secunda

134 3520 290 3550 manus
312 3507 356 3550 in
383 3510 583 3567 margine
605 3511 796 3556 addidit:
828 3513 1012 3558 inseruit

131 3577 241 3607 vero
268 3574 363 3620 post
385 3569 560 3611 castras.

1095 2131 1212 2160 cura
1235 2133 1317 2175 pro
1340 2132 1444 2159 cum
1463 2133 1591 2161 cura.

1153 2178 1420 2217 adlevatae.
1480 2174 1557 2218 Sic
1590 2174 1692 2221 MS.
1721 2176 1841 2221 Flor.
1874 2185 1987 2222 teste

1098 2229 1322 2275 Victorio.
1345 2256 1401 2266 -
1433 2235 1667 2275 alleuotae
1689 2235 1787 2278 edd.
1808 2243 1915 2282 vett.
1929 2260 1986 2269 —

1098 2292 1315 2331 alevatae
1338 2288 1440 2331 MS.
1464 2288 1611 2332 Guelfi

1151 2351 1353 2390 sordem.
1415 2346 1647 2390 Acidalius
1672 2347 1854 2393 volebat
1874 2365 1985 2393 sor-

1096 2405 1202 2452 des,
1234 2403 1297 2445 uti
1330 2412 1395 2446 est
1424 2402 1526 2446 infr.
1560 2421 1599 2449 e.
1622 2405 1692 2448 60.
1752 2406 1984 2454 Ernestius

1131 2477 1182 2503 ro
1221 2460 1395 2518 vulgato
1430 2461 1573 2505 adfert
1607 2478 1630 2504 e
1660 2462 1987 2511 Cicer.-Flacc.

1130 2550 1140 2560 .
1161 2521 1339 2559 nullam
1361 2522 1546 2560 sordem
1577 2521 1625 2560 in
1650 2535 1702 2562 re
1718 2521 1963 2577 familiari
1969 2541 1987 2577 ;

1097 2575 1151 2618 ad
1173 2575 1310 2618 Attio.
1338 2577 1376 2627 1,
1398 2575 1464 2620 16.
1489 2580 1674 2619 sordem
1694 2580 1835 2622 urbis.

1152 2632 1351 2675 Fonteii.
1413 2632 1491 2677 Sic
1523 2633 1624 2676 edd.
1650 2634 1838 2679 Picben.
1855 2652 1908 2695 sq
1942 2654 1983 2692 .;
2034 2630 2039 2635 ¹

1100 2690 1267 2732 Fontei
1296 2689 1400 2732 edd.
1431 2697 1532 2733 ante
1570 2689 1699 2735 Pich.
1741 2709 1846 2737 cum
1933 2695 1982 2740 S.

1094 2745 1246 2790 Guelf.

1152 2805 1526 2858 adsignandisve.
1603 2805 1705 2850 MS.
1731 2805 1873 2852 Corb.
1907 2810 1980 2854 ed.

1093 2860 1210 2918 Spir.
1237 2862 1648 2917 adsfignandisque,
1681 2865 1850 2923 vulgari
1873 2882 1983 2925 per-

1093 2919 1351 2961 mutatione.
1409 2918 1469 2961 cf.
1496 2927 1588 2962 not.
1611 2921 1667 2964 ad
1688 2922 1776 2964 An.
1803 2924 1868 2975 15,
1888 2925 1960 2969 22.

1148 2988 1356 3031 militiae.
1434 2987 1510 3032 Sic
1545 2988 1645 3033 MS.
1677 2991 1827 3037 Guelf.
1876 2995 1976 3039 edd.

1091 3045 1194 3088 Put.
1226 3045 1289 3087 M.
1323 3054 1365 3087 et
1386 3044 1442 3088 V.
1478 3045 1619 3090 Rhen.
1656 3049 1760 3093 Ald.
1791 3067 1890 3109 sqq.
1920 3081 1980 3088 --

1090 3118 1205 3145 suae
1237 3103 1434 3145 militiae
1466 3103 1569 3148 MS.
1593 3106 1701 3162 Agr.
1735 3107 1835 3150 edd.
1857 3108 1975 3167 Spir.

1090 3159 1296 3202 Beroald.
1329 3159 1458 3214 (cum
1491 3160 1558 3207 sil.
1592 3160 1748 3218 Vict.).
1838 3165 1976 3222 Quod

1090 3225 1376 3272 augmentum
1412 3234 1435 3260 e
1466 3219 1577 3261 male
1610 3221 1811 3277 repetitis
1844 3240 1974 3279 prae-

1089 3274 1284 3318 cedentis
1306 3274 1432 3317 verbi
1468 3275 1624 3319 litteris
1661 3280 1866 3322 extremis
1899 3298 1972 3323 ex-

1091 3339 1240 3373 ortum
1267 3340 1385 3388 puta.

1145 3417 1226 3443 nec
1257 3403 1518 3446 consularis
1544 3411 1630 3448 etc.
1691 3405 1790 3448 MS.
1819 3404 1972 3453 Guelf.

1086 3473 1142 3500 ne
1165 3461 1423 3501 consularis
1447 3468 1531 3503 etc.

1144 3525 1187 3558 et
1225 3517 1436 3559 Vitellius
1475 3527 1559 3560 etc.
1641 3518 1718 3561 Sic
1760 3521 1909 3565 locum
1948 3540 1972 3566 e

1084 3572 1219 3625 MSS.
1255 3581 1297 3617 et
1333 3582 1440 3620 vett.
1475 3575 1577 3618 edd.
1605 3575 1808 3622 restituo.
1867 3583 1970 3624 Au-
